"Stockcode","Package","TradingDate","Price","Vol","TotalVol","TotalVal","Change","IsBuy","PerChange"
"NKG",144429,"/Date(1702539901000)/",22800,648400,7706900,176133000000,100,false,0.44
"NKG",142922,"/Date(1702538996000)/",22900,4800,7058500,161349000000,200,false,0.88
"NKG",142922,"/Date(1702538996000)/",22900,500,7053700,161239000000,200,false,0.88
"NKG",142922,"/Date(1702538996000)/",22900,100,7053200,161227000000,200,false,0.88
"NKG",142922,"/Date(1702538996000)/",22900,4600,7053100,161225000000,200,false,0.88
"NKG",142918,"/Date(1702538996000)/",22900,10000,7048500,161120000000,200,false,0.88
"NKG",142915,"/Date(1702538993000)/",22850,1500,7038500,160891000000,150,true,0.66
"NKG",142915,"/Date(1702538992000)/",22900,22000,7037000,160856000000,200,false,0.88
"NKG",142915,"/Date(1702538992000)/",22900,100,7015000,160353000000,200,false,0.88
"NKG",142915,"/Date(1702538991000)/",22900,200,7014900,160350000000,200,false,0.88
"NKG",142912,"/Date(1702538989000)/",22900,500,7014700,160346000000,200,false,0.88
"NKG",142912,"/Date(1702538987000)/",22900,5000,7014200,160334000000,200,false,0.88
"NKG",142909,"/Date(1702538986000)/",22850,300,7009200,160220000000,150,true,0.66
"NKG",142909,"/Date(1702538986000)/",22850,2000,7008900,160213000000,150,true,0.66
"NKG",142909,"/Date(1702538986000)/",22850,1000,7006900,160167000000,150,true,0.66
"NKG",142909,"/Date(1702538986000)/",22850,500,7005900,160144000000,150,true,0.66
"NKG",142909,"/Date(1702538986000)/",22850,600,7005400,160133000000,150,true,0.66
"NKG",142909,"/Date(1702538986000)/",22850,500,7004800,160119000000,150,true,0.66
"NKG",142909,"/Date(1702538986000)/",22850,100,7004300,160108000000,150,true,0.66
"NKG",142909,"/Date(1702538986000)/",22900,1000,7004200,160105000000,200,false,0.88
"NKG",142909,"/Date(1702538984000)/",22850,600,7003200,160083000000,150,true,0.66
"NKG",142906,"/Date(1702538982000)/",22900,1000,7002600,160069000000,200,false,0.88
"NKG",142902,"/Date(1702538980000)/",22900,5600,7001600,160046000000,200,false,0.88
"NKG",142902,"/Date(1702538980000)/",22900,600,6996000,159918000000,200,false,0.88
"NKG",142902,"/Date(1702538980000)/",22900,2000,6995400,159904000000,200,false,0.88
"NKG",142902,"/Date(1702538980000)/",22900,300,6993400,159858000000,200,false,0.88
"NKG",142902,"/Date(1702538980000)/",22900,1500,6993100,159851000000,200,false,0.88
"NKG",142902,"/Date(1702538979000)/",22900,2000,6991600,159817000000,200,false,0.88
"NKG",142902,"/Date(1702538979000)/",22900,2400,6989600,159771000000,200,false,0.88
"NKG",142902,"/Date(1702538978000)/",22900,600,6987200,159716000000,200,false,0.88
"NKG",142902,"/Date(1702538978000)/",22900,500,6986600,159702000000,200,false,0.88
"NKG",142902,"/Date(1702538978000)/",22900,3300,6986100,159691000000,200,false,0.88
"NKG",142859,"/Date(1702538976000)/",22900,100,6982800,159615000000,200,false,0.88
"NKG",142859,"/Date(1702538976000)/",22900,400,6982700,159613000000,200,false,0.88
"NKG",142859,"/Date(1702538975000)/",22900,200,6982300,159604000000,200,false,0.88
"NKG",142859,"/Date(1702538974000)/",22900,300,6982100,159599000000,200,false,0.88
"NKG",142856,"/Date(1702538972000)/",22900,1700,6981800,159593000000,200,false,0.88
"NKG",142856,"/Date(1702538972000)/",22900,1000,6980100,159554000000,200,false,0.88
"NKG",142856,"/Date(1702538972000)/",22900,500,6979100,159531000000,200,false,0.88
"NKG",142856,"/Date(1702538972000)/",22900,100,6978600,159519000000,200,false,0.88
"NKG",142856,"/Date(1702538971000)/",22850,400,6978500,159517000000,150,true,0.66
"NKG",142856,"/Date(1702538971000)/",22850,900,6978100,159508000000,150,true,0.66
"NKG",142853,"/Date(1702538969000)/",22900,200,6977200,159487000000,200,false,0.88
"NKG",142853,"/Date(1702538969000)/",22900,200,6977000,159483000000,200,false,0.88
"NKG",142850,"/Date(1702538965000)/",22850,3200,6976800,159478000000,150,true,0.66
"NKG",142846,"/Date(1702538962000)/",22900,300,6973600,159405000000,200,false,0.88
"NKG",142846,"/Date(1702538962000)/",22900,400,6973300,159398000000,200,false,0.88
"NKG",142846,"/Date(1702538962000)/",22900,200,6972900,159389000000,200,false,0.88
"NKG",142846,"/Date(1702538961000)/",22900,300,6972700,159384000000,200,false,0.88
"NKG",142846,"/Date(1702538961000)/",22900,400,6972400,159377000000,200,false,0.88
"NKG",142843,"/Date(1702538960000)/",22900,100,6972000,159368000000,200,false,0.88
"NKG",142840,"/Date(1702538955000)/",22900,200,6971900,159366000000,200,false,0.88
"NKG",142840,"/Date(1702538955000)/",22900,300,6971700,159361000000,200,false,0.88
"NKG",142840,"/Date(1702538955000)/",22900,200,6971400,159355000000,200,false,0.88
"NKG",142840,"/Date(1702538955000)/",22900,500,6971200,159350000000,200,false,0.88
"NKG",142837,"/Date(1702538954000)/",22900,300,6970700,159339000000,200,false,0.88
"NKG",142837,"/Date(1702538953000)/",22900,500,6970400,159332000000,200,false,0.88
"NKG",142837,"/Date(1702538951000)/",22900,400,6969900,159320000000,200,false,0.88
"NKG",142834,"/Date(1702538949000)/",22900,500,6969500,159311000000,200,true,0.88
"NKG",142834,"/Date(1702538948000)/",22900,500,6969000,159300000000,200,true,0.88
"NKG",142834,"/Date(1702538948000)/",22900,200,6968500,159288000000,200,true,0.88
"NKG",142834,"/Date(1702538948000)/",22900,300,6968300,159284000000,200,true,0.88
"NKG",142834,"/Date(1702538948000)/",22950,100,6968000,159277000000,250,false,1.1
"NKG",142834,"/Date(1702538948000)/",22950,4400,6967900,159274000000,250,false,1.1
"NKG",142834,"/Date(1702538948000)/",22900,500,6963500,159173000000,200,true,0.88
"NKG",142834,"/Date(1702538948000)/",22950,400,6963000,159162000000,250,false,1.1
"NKG",142830,"/Date(1702538947000)/",22900,200,6962600,159153000000,200,true,0.88
"NKG",142830,"/Date(1702538947000)/",22900,1000,6962400,159148000000,200,true,0.88
"NKG",142830,"/Date(1702538947000)/",22900,300,6961400,159125000000,200,true,0.88
"NKG",142830,"/Date(1702538947000)/",22900,800,6961100,159118000000,200,true,0.88
"NKG",142830,"/Date(1702538946000)/",22950,4400,6960300,159100000000,250,false,1.1
"NKG",142830,"/Date(1702538945000)/",22950,3000,6955900,158999000000,250,false,1.1
"NKG",142827,"/Date(1702538942000)/",22950,300,6952900,158930000000,250,false,1.1
"NKG",142827,"/Date(1702538942000)/",22900,2000,6952600,158923000000,200,true,0.88
"NKG",142824,"/Date(1702538939000)/",22900,1000,6950600,158878000000,200,true,0.88
"NKG",142821,"/Date(1702538938000)/",22900,100,6949600,158855000000,200,true,0.88
"NKG",142818,"/Date(1702538933000)/",22950,4400,6949500,158852000000,250,false,1.1
"NKG",142818,"/Date(1702538932000)/",22950,400,6945100,158751000000,250,false,1.1
"NKG",142814,"/Date(1702538931000)/",22950,3600,6944700,158742000000,250,false,1.1
"NKG",142814,"/Date(1702538931000)/",22950,100,6941100,158660000000,250,false,1.1
"NKG",142814,"/Date(1702538931000)/",22950,300,6941000,158657000000,250,false,1.1
"NKG",142814,"/Date(1702538931000)/",22950,400,6940700,158650000000,250,false,1.1
"NKG",142814,"/Date(1702538931000)/",22950,300,6940300,158641000000,250,false,1.1
"NKG",142814,"/Date(1702538931000)/",22950,2300,6940000,158634000000,250,false,1.1
"NKG",142814,"/Date(1702538931000)/",22950,500,6937700,158582000000,250,false,1.1
"NKG",142814,"/Date(1702538931000)/",22950,2200,6937200,158570000000,250,false,1.1
"NKG",142814,"/Date(1702538930000)/",22950,200,6935000,158520000000,250,false,1.1
"NKG",142814,"/Date(1702538930000)/",22950,200,6934800,158515000000,250,false,1.1
"NKG",142811,"/Date(1702538928000)/",22950,200,6934600,158510000000,250,false,1.1
"NKG",142811,"/Date(1702538927000)/",22950,500,6934400,158506000000,250,false,1.1
"NKG",142808,"/Date(1702538924000)/",22950,300,6933900,158494000000,250,false,1.1
"NKG",142808,"/Date(1702538923000)/",22950,1400,6933600,158488000000,250,false,1.1
"NKG",142808,"/Date(1702538923000)/",22950,1000,6932200,158455000000,250,false,1.1
"NKG",142808,"/Date(1702538923000)/",22950,600,6931200,158432000000,250,false,1.1
"NKG",142808,"/Date(1702538923000)/",22950,700,6930600,158419000000,250,false,1.1
"NKG",142808,"/Date(1702538923000)/",22900,1000,6929900,158403000000,200,true,0.88
"NKG",142802,"/Date(1702538919000)/",22950,700,6928900,158380000000,250,false,1.1
"NKG",142802,"/Date(1702538919000)/",22950,100,6928200,158364000000,250,false,1.1
"NKG",142802,"/Date(1702538919000)/",22950,100,6928100,158361000000,250,false,1.1
"NKG",142802,"/Date(1702538919000)/",22950,100,6928000,158359000000,250,false,1.1
"NKG",142758,"/Date(1702538915000)/",22950,200,6927900,158357000000,250,false,1.1
"NKG",142758,"/Date(1702538915000)/",22950,100,6927700,158352000000,250,false,1.1
"NKG",142758,"/Date(1702538915000)/",22950,200,6927600,158350000000,250,false,1.1
"NKG",142758,"/Date(1702538915000)/",22950,3900,6927400,158345000000,250,false,1.1
"NKG",142752,"/Date(1702538908000)/",22950,100,6923500,158256000000,250,false,1.1
"NKG",142752,"/Date(1702538908000)/",22950,100,6923400,158254000000,250,false,1.1
"NKG",142752,"/Date(1702538908000)/",22900,100,6923300,158251000000,200,false,0.88
"NKG",142752,"/Date(1702538906000)/",22950,200,6923200,158249000000,250,false,1.1
"NKG",142752,"/Date(1702538906000)/",22950,100,6923000,158244000000,250,false,1.1
"NKG",142749,"/Date(1702538906000)/",22950,300,6922900,158242000000,250,false,1.1
"NKG",142749,"/Date(1702538905000)/",22900,300,6922600,158235000000,200,false,0.88
"NKG",142749,"/Date(1702538905000)/",22900,300,6922300,158228000000,200,false,0.88
"NKG",142749,"/Date(1702538903000)/",22900,400,6922000,158221000000,200,false,0.88
"NKG",142749,"/Date(1702538903000)/",22900,100,6921600,158212000000,200,false,0.88
"NKG",142749,"/Date(1702538903000)/",22900,1500,6921500,158210000000,200,false,0.88
"NKG",142746,"/Date(1702538902000)/",22900,100,6920000,158176000000,200,false,0.88
"NKG",142746,"/Date(1702538902000)/",22900,100,6919900,158173000000,200,false,0.88
"NKG",142746,"/Date(1702538901000)/",22900,100,6919800,158171000000,200,false,0.88
"NKG",142746,"/Date(1702538901000)/",22900,500,6919700,158169000000,200,false,0.88
"NKG",142746,"/Date(1702538901000)/",22900,400,6919200,158157000000,200,false,0.88
"NKG",142746,"/Date(1702538900000)/",22900,200,6918800,158148000000,200,false,0.88
"NKG",142742,"/Date(1702538898000)/",22900,2600,6918600,158144000000,200,false,0.88
"NKG",142742,"/Date(1702538898000)/",22900,1800,6916000,158084000000,200,false,0.88
"NKG",142739,"/Date(1702538896000)/",22900,500,6914200,158043000000,200,false,0.88
"NKG",142736,"/Date(1702538891000)/",22900,200,6913700,158031000000,200,false,0.88
"NKG",142736,"/Date(1702538891000)/",22900,100,6913500,158027000000,200,false,0.88
"NKG",142733,"/Date(1702538890000)/",22900,100,6913400,158024000000,200,false,0.88
"NKG",142733,"/Date(1702538890000)/",22900,2900,6913300,158022000000,200,false,0.88
"NKG",142733,"/Date(1702538888000)/",22900,100,6910400,157956000000,200,false,0.88
"NKG",142733,"/Date(1702538888000)/",22900,100,6910300,157953000000,200,false,0.88
"NKG",142733,"/Date(1702538888000)/",22900,1000,6910200,157951000000,200,false,0.88
"NKG",142733,"/Date(1702538888000)/",22900,500,6909200,157928000000,200,false,0.88
"NKG",142733,"/Date(1702538888000)/",22900,14300,6908700,157917000000,200,false,0.88
"NKG",142730,"/Date(1702538884000)/",22850,500,6894400,157589000000,150,true,0.66
"NKG",142726,"/Date(1702538882000)/",22900,3700,6893900,157578000000,200,false,0.88
"NKG",142726,"/Date(1702538882000)/",22900,300,6890200,157493000000,200,false,0.88
"NKG",142723,"/Date(1702538879000)/",22850,400,6889900,157486000000,150,false,0.66
"NKG",142723,"/Date(1702538879000)/",22850,100,6889500,157477000000,150,false,0.66
"NKG",142723,"/Date(1702538878000)/",22850,15400,6889400,157475000000,150,false,0.66
"NKG",142723,"/Date(1702538878000)/",22800,200,6874000,157123000000,100,true,0.44
"NKG",142723,"/Date(1702538878000)/",22850,100,6873800,157118000000,150,false,0.66
"NKG",142720,"/Date(1702538876000)/",22800,1200,6873700,157116000000,100,true,0.44
"NKG",142720,"/Date(1702538875000)/",22850,2300,6872500,157089000000,150,false,0.66
"NKG",142720,"/Date(1702538874000)/",22850,2100,6870200,157036000000,150,false,0.66
"NKG",142717,"/Date(1702538872000)/",22850,200,6868100,156988000000,150,false,0.66
"NKG",142717,"/Date(1702538871000)/",22850,5000,6867900,156984000000,150,false,0.66
"NKG",142714,"/Date(1702538869000)/",22800,100,6862900,156869000000,100,true,0.44
"NKG",142714,"/Date(1702538868000)/",22850,100,6862800,156867000000,150,false,0.66
"NKG",142710,"/Date(1702538867000)/",22850,1600,6862700,156865000000,150,false,0.66
"NKG",142707,"/Date(1702538862000)/",22850,1000,6861100,156828000000,150,false,0.66
"NKG",142651,"/Date(1702538847000)/",22800,300,6860100,156805000000,100,true,0.44
"NKG",142648,"/Date(1702538845000)/",22800,100,6859800,156799000000,100,true,0.44
"NKG",142645,"/Date(1702538839000)/",22800,400,6859700,156796000000,100,true,0.44
"NKG",142645,"/Date(1702538839000)/",22800,100,6859300,156787000000,100,true,0.44
"NKG",142645,"/Date(1702538839000)/",22800,800,6859200,156785000000,100,true,0.44
"NKG",142642,"/Date(1702538837000)/",22800,100,6858400,156767000000,100,false,0.44
"NKG",142642,"/Date(1702538837000)/",22800,100,6858300,156764000000,100,false,0.44
"NKG",142642,"/Date(1702538837000)/",22800,800,6858200,156762000000,100,false,0.44
"NKG",142642,"/Date(1702538837000)/",22800,500,6857400,156744000000,100,false,0.44
"NKG",142642,"/Date(1702538837000)/",22800,300,6856900,156733000000,100,false,0.44
"NKG",142642,"/Date(1702538837000)/",22800,8300,6856600,156726000000,100,false,0.44
"NKG",142638,"/Date(1702538835000)/",22800,1000,6848300,156536000000,100,false,0.44
"NKG",142638,"/Date(1702538834000)/",22800,700,6847300,156514000000,100,false,0.44
"NKG",142638,"/Date(1702538834000)/",22800,2500,6846600,156498000000,100,false,0.44
"NKG",142635,"/Date(1702538832000)/",22800,20000,6844100,156441000000,100,false,0.44
"NKG",142635,"/Date(1702538831000)/",22800,5000,6824100,155985000000,100,false,0.44
"NKG",142635,"/Date(1702538831000)/",22800,400,6819100,155871000000,100,false,0.44
"NKG",142635,"/Date(1702538829000)/",22800,1500,6818700,155862000000,100,false,0.44
"NKG",142632,"/Date(1702538829000)/",22800,400,6817200,155827000000,100,false,0.44
"NKG",142632,"/Date(1702538827000)/",22800,1500,6816800,155818000000,100,false,0.44
"NKG",142632,"/Date(1702538826000)/",22800,5000,6815300,155784000000,100,false,0.44
"NKG",142626,"/Date(1702538823000)/",22800,1200,6810300,155670000000,100,false,0.44
"NKG",142626,"/Date(1702538822000)/",22800,2000,6809100,155643000000,100,false,0.44
"NKG",142626,"/Date(1702538822000)/",22800,2000,6807100,155597000000,100,false,0.44
"NKG",142626,"/Date(1702538820000)/",22800,1500,6805100,155551000000,100,false,0.44
"NKG",142619,"/Date(1702538814000)/",22800,3000,6803600,155517000000,100,false,0.44
"NKG",142606,"/Date(1702538801000)/",22750,300,6800600,155449000000,50,true,0.22
"NKG",142603,"/Date(1702538799000)/",22800,30000,6800300,155442000000,100,false,0.44
"NKG",142603,"/Date(1702538799000)/",22800,2000,6770300,154758000000,100,false,0.44
"NKG",142600,"/Date(1702538797000)/",22800,200,6768300,154712000000,100,false,0.44
"NKG",142600,"/Date(1702538795000)/",22750,200,6768100,154708000000,50,false,0.22
"NKG",142557,"/Date(1702538793000)/",22800,16000,6767900,154703000000,100,true,0.44
"NKG",142557,"/Date(1702538793000)/",22800,5800,6751900,154339000000,100,true,0.44
"NKG",142557,"/Date(1702538791000)/",22800,2000,6746100,154206000000,100,true,0.44
"NKG",142554,"/Date(1702538790000)/",22800,1500,6744100,154161000000,100,false,0.44
"NKG",142554,"/Date(1702538790000)/",22800,5000,6742600,154127000000,100,false,0.44
"NKG",142554,"/Date(1702538790000)/",22800,5000,6737600,154013000000,100,false,0.44
"NKG",142554,"/Date(1702538790000)/",22800,700,6732600,153899000000,100,false,0.44
"NKG",142554,"/Date(1702538788000)/",22700,700,6731900,153883000000,0,true,0
"NKG",142554,"/Date(1702538788000)/",22700,2000,6731200,153867000000,0,true,0
"NKG",142554,"/Date(1702538788000)/",22700,500,6729200,153821000000,0,true,0
"NKG",142554,"/Date(1702538788000)/",22700,1000,6728700,153810000000,0,true,0
"NKG",142554,"/Date(1702538788000)/",22700,1000,6727700,153787000000,0,true,0
"NKG",142554,"/Date(1702538788000)/",22700,3000,6726700,153765000000,0,true,0
"NKG",142554,"/Date(1702538788000)/",22700,1800,6723700,153696000000,0,true,0
"NKG",142554,"/Date(1702538788000)/",22800,100,6721900,153656000000,100,false,0.44
"NKG",142550,"/Date(1702538787000)/",22700,1200,6721800,153653000000,0,true,0
"NKG",142550,"/Date(1702538787000)/",22700,2000,6720600,153626000000,0,true,0
"NKG",142550,"/Date(1702538787000)/",22700,1000,6718600,153581000000,0,true,0
"NKG",142550,"/Date(1702538787000)/",22700,100,6717600,153558000000,0,true,0
"NKG",142550,"/Date(1702538787000)/",22700,7100,6717500,153556000000,0,true,0
"NKG",142550,"/Date(1702538787000)/",22700,200,6710400,153394000000,0,true,0
"NKG",142550,"/Date(1702538787000)/",22700,1000,6710200,153390000000,0,true,0
"NKG",142550,"/Date(1702538787000)/",22700,1100,6709200,153367000000,0,true,0
"NKG",142550,"/Date(1702538787000)/",22700,2000,6708100,153342000000,0,true,0
"NKG",142550,"/Date(1702538787000)/",22700,25000,6706100,153297000000,0,true,0
"NKG",142550,"/Date(1702538787000)/",22700,1000,6681100,152729000000,0,true,0
"NKG",142550,"/Date(1702538787000)/",22700,2000,6680100,152707000000,0,true,0
"NKG",142550,"/Date(1702538787000)/",22700,1200,6678100,152661000000,0,true,0
"NKG",142550,"/Date(1702538787000)/",22750,5000,6676900,152634000000,50,true,0.22
"NKG",142550,"/Date(1702538787000)/",22750,100,6671900,152520000000,50,true,0.22
"NKG",142550,"/Date(1702538786000)/",22700,100,6671800,152518000000,0,true,0
"NKG",142550,"/Date(1702538786000)/",22700,100,6671700,152516000000,0,true,0
"NKG",142550,"/Date(1702538786000)/",22750,300,6671600,152513000000,50,true,0.22
"NKG",142550,"/Date(1702538786000)/",22800,1200,6671300,152507000000,100,false,0.44
"NKG",142550,"/Date(1702538786000)/",22800,1000,6670100,152479000000,100,false,0.44
"NKG",142541,"/Date(1702538776000)/",22750,300,6669100,152456000000,50,true,0.22
"NKG",142541,"/Date(1702538775000)/",22750,2500,6668800,152450000000,50,true,0.22
"NKG",142541,"/Date(1702538775000)/",22750,500,6666300,152393000000,50,true,0.22
"NKG",142538,"/Date(1702538772000)/",22750,500,6665800,152381000000,50,true,0.22
"NKG",142538,"/Date(1702538772000)/",22750,500,6665300,152370000000,50,true,0.22
"NKG",142534,"/Date(1702538771000)/",22750,2000,6664800,152359000000,50,true,0.22
"NKG",142534,"/Date(1702538769000)/",22750,3000,6662800,152313000000,50,true,0.22
"NKG",142531,"/Date(1702538768000)/",22750,1000,6659800,152245000000,50,true,0.22
"NKG",142531,"/Date(1702538768000)/",22750,2000,6658800,152222000000,50,true,0.22
"NKG",142531,"/Date(1702538768000)/",22750,100,6656800,152177000000,50,true,0.22
"NKG",142531,"/Date(1702538768000)/",22750,500,6656700,152174000000,50,true,0.22
"NKG",142531,"/Date(1702538768000)/",22750,700,6656200,152163000000,50,true,0.22
"NKG",142528,"/Date(1702538764000)/",22750,400,6655500,152147000000,50,false,0.22
"NKG",142528,"/Date(1702538764000)/",22750,100,6655100,152138000000,50,false,0.22
"NKG",142528,"/Date(1702538763000)/",22700,4900,6655000,152136000000,0,false,0
"NKG",142528,"/Date(1702538763000)/",22700,2000,6650100,152024000000,0,false,0
"NKG",142528,"/Date(1702538763000)/",22650,400,6648100,151979000000,-50,true,-0.22
"NKG",142525,"/Date(1702538762000)/",22700,300,6647700,151970000000,0,true,0
"NKG",142525,"/Date(1702538761000)/",22700,2000,6647400,151963000000,0,true,0
"NKG",142525,"/Date(1702538761000)/",22700,300,6645400,151918000000,0,true,0
"NKG",142525,"/Date(1702538761000)/",22700,500,6645100,151911000000,0,true,0
"NKG",142525,"/Date(1702538761000)/",22700,100,6644600,151900000000,0,true,0
"NKG",142525,"/Date(1702538761000)/",22700,400,6644500,151897000000,0,true,0
"NKG",142525,"/Date(1702538761000)/",22700,500,6644100,151888000000,0,true,0
"NKG",142525,"/Date(1702538761000)/",22700,4200,6643600,151877000000,0,true,0
"NKG",142525,"/Date(1702538761000)/",22700,100,6639400,151782000000,0,true,0
"NKG",142525,"/Date(1702538761000)/",22700,1700,6639300,151779000000,0,true,0
"NKG",142525,"/Date(1702538760000)/",22700,1300,6637600,151741000000,0,true,0
"NKG",142525,"/Date(1702538760000)/",22700,300,6636300,151711000000,0,true,0
"NKG",142525,"/Date(1702538760000)/",22700,400,6636000,151704000000,0,true,0
"NKG",142525,"/Date(1702538759000)/",22750,100,6635600,151695000000,50,false,0.22
"NKG",142522,"/Date(1702538756000)/",22750,2800,6635500,151693000000,50,false,0.22
"NKG",142522,"/Date(1702538756000)/",22750,5800,6632700,151629000000,50,false,0.22
"NKG",142522,"/Date(1702538756000)/",22750,1000,6626900,151497000000,50,false,0.22
"NKG",142522,"/Date(1702538756000)/",22750,400,6625900,151475000000,50,false,0.22
"NKG",142515,"/Date(1702538752000)/",22700,4600,6625500,151466000000,0,false,0
"NKG",142515,"/Date(1702538752000)/",22700,2000,6620900,151361000000,0,false,0
"NKG",142515,"/Date(1702538752000)/",22700,10000,6618900,151316000000,0,false,0
"NKG",142515,"/Date(1702538752000)/",22700,2000,6608900,151089000000,0,false,0
"NKG",142515,"/Date(1702538752000)/",22700,100,6606900,151043000000,0,false,0
"NKG",142515,"/Date(1702538752000)/",22700,1300,6606800,151041000000,0,false,0
"NKG",142515,"/Date(1702538750000)/",22750,200,6605500,151012000000,50,false,0.22
"NKG",142515,"/Date(1702538749000)/",22700,1000,6605300,151007000000,0,false,0
"NKG",142515,"/Date(1702538749000)/",22700,1000,6604300,150984000000,0,false,0
"NKG",142515,"/Date(1702538749000)/",22700,2000,6603300,150962000000,0,false,0
"NKG",142515,"/Date(1702538749000)/",22700,2500,6601300,150916000000,0,false,0
"NKG",142515,"/Date(1702538749000)/",22700,1500,6598800,150859000000,0,false,0
"NKG",142515,"/Date(1702538749000)/",22700,700,6597300,150825000000,0,false,0
"NKG",142515,"/Date(1702538749000)/",22700,300,6596600,150810000000,0,false,0
"NKG",142515,"/Date(1702538749000)/",22700,3000,6596300,150803000000,0,false,0
"NKG",142515,"/Date(1702538749000)/",22700,11000,6593300,150735000000,0,false,0
"NKG",142515,"/Date(1702538749000)/",22700,300,6582300,150485000000,0,false,0
"NKG",142515,"/Date(1702538749000)/",22700,100,6582000,150478000000,0,false,0
"NKG",142515,"/Date(1702538749000)/",22700,800,6581900,150476000000,0,false,0
"NKG",142515,"/Date(1702538749000)/",22700,500,6581100,150458000000,0,false,0
"NKG",142515,"/Date(1702538749000)/",22700,1000,6580600,150446000000,0,false,0
"NKG",142515,"/Date(1702538749000)/",22700,2000,6579600,150424000000,0,false,0
"NKG",142515,"/Date(1702538749000)/",22700,1000,6577600,150378000000,0,false,0
"NKG",142515,"/Date(1702538749000)/",22700,100,6576600,150356000000,0,false,0
"NKG",142512,"/Date(1702538749000)/",22700,100,6576500,150353000000,0,false,0
"NKG",142512,"/Date(1702538748000)/",22700,4800,6576400,150351000000,0,false,0
"NKG",142512,"/Date(1702538748000)/",22700,200,6571600,150242000000,0,false,0
"NKG",142512,"/Date(1702538748000)/",22700,800,6571400,150238000000,0,false,0
"NKG",142512,"/Date(1702538748000)/",22700,200,6570600,150219000000,0,false,0
"NKG",142512,"/Date(1702538748000)/",22700,1000,6570400,150215000000,0,false,0
"NKG",142512,"/Date(1702538748000)/",22700,3000,6569400,150192000000,0,false,0
"NKG",142512,"/Date(1702538747000)/",22700,200,6566400,150124000000,0,false,0
"NKG",142512,"/Date(1702538747000)/",22700,200,6566200,150119000000,0,false,0
"NKG",142512,"/Date(1702538747000)/",22700,1600,6566000,150115000000,0,false,0
"NKG",142512,"/Date(1702538747000)/",22700,100,6564400,150079000000,0,false,0
"NKG",142512,"/Date(1702538747000)/",22700,300,6564300,150076000000,0,false,0
"NKG",142512,"/Date(1702538747000)/",22700,700,6564000,150070000000,0,false,0
"NKG",142512,"/Date(1702538746000)/",22700,100,6563300,150054000000,0,false,0
"NKG",142512,"/Date(1702538746000)/",22700,400,6563200,150051000000,0,false,0
"NKG",142509,"/Date(1702538744000)/",22700,1500,6562800,150042000000,0,false,0
"NKG",142509,"/Date(1702538744000)/",22700,18500,6561300,150008000000,0,false,0
"NKG",142509,"/Date(1702538744000)/",22700,300,6542800,149588000000,0,false,0
"NKG",142506,"/Date(1702538741000)/",22700,100,6542500,149581000000,0,false,0
"NKG",142502,"/Date(1702538738000)/",22700,300,6542400,149579000000,0,false,0
"NKG",142459,"/Date(1702538735000)/",22700,2000,6542100,149572000000,0,false,0
"NKG",142459,"/Date(1702538735000)/",22700,2200,6540100,149527000000,0,false,0
"NKG",142456,"/Date(1702538732000)/",22700,2700,6537900,149477000000,0,false,0
"NKG",142456,"/Date(1702538730000)/",22700,2000,6535200,149416000000,0,false,0
"NKG",142453,"/Date(1702538729000)/",22700,1000,6533200,149370000000,0,false,0
"NKG",142453,"/Date(1702538729000)/",22700,2000,6532200,149348000000,0,false,0
"NKG",142453,"/Date(1702538728000)/",22700,200,6530200,149302000000,0,false,0
"NKG",142453,"/Date(1702538728000)/",22700,1000,6530000,149298000000,0,false,0
"NKG",142450,"/Date(1702538726000)/",22700,500,6529000,149275000000,0,false,0
"NKG",142450,"/Date(1702538726000)/",22650,500,6528500,149264000000,-50,true,-0.22
"NKG",142450,"/Date(1702538725000)/",22700,3000,6528000,149252000000,0,false,0
"NKG",142450,"/Date(1702538724000)/",22700,500,6525000,149184000000,0,false,0
"NKG",142446,"/Date(1702538723000)/",22700,100,6524500,149173000000,0,false,0
"NKG",142446,"/Date(1702538722000)/",22700,500,6524400,149171000000,0,false,0
"NKG",142446,"/Date(1702538720000)/",22700,500,6523900,149159000000,0,false,0
"NKG",142446,"/Date(1702538720000)/",22700,100,6523400,149148000000,0,false,0
"NKG",142446,"/Date(1702538720000)/",22650,100,6523300,149146000000,-50,true,-0.22
"NKG",142443,"/Date(1702538718000)/",22700,1000,6523200,149143000000,0,false,0
"NKG",142443,"/Date(1702538718000)/",22700,3000,6522200,149121000000,0,false,0
"NKG",142443,"/Date(1702538717000)/",22700,100,6519200,149053000000,0,false,0
"NKG",142443,"/Date(1702538717000)/",22700,1000,6519100,149050000000,0,false,0
"NKG",142440,"/Date(1702538717000)/",22650,1000,6518100,149028000000,-50,true,-0.22
"NKG",142440,"/Date(1702538717000)/",22650,200,6517100,149005000000,-50,true,-0.22
"NKG",142440,"/Date(1702538717000)/",22700,10000,6516900,149000000000,0,false,0
"NKG",142440,"/Date(1702538715000)/",22700,10000,6506900,148773000000,0,false,0
"NKG",142440,"/Date(1702538715000)/",22650,2000,6496900,148546000000,-50,true,-0.22
"NKG",142440,"/Date(1702538714000)/",22650,10000,6494900,148501000000,-50,true,-0.22
"NKG",142434,"/Date(1702538709000)/",22700,100,6484900,148275000000,0,false,0
"NKG",142434,"/Date(1702538708000)/",22700,10000,6484800,148272000000,0,false,0
"NKG",142434,"/Date(1702538708000)/",22700,100,6474800,148045000000,0,false,0
"NKG",142434,"/Date(1702538708000)/",22700,100,6474700,148043000000,0,false,0
"NKG",142430,"/Date(1702538706000)/",22650,6200,6474600,148041000000,-50,true,-0.22
"NKG",142430,"/Date(1702538705000)/",22700,5000,6468400,147900000000,0,false,0
"NKG",142427,"/Date(1702538703000)/",22700,300,6463400,147787000000,0,false,0
"NKG",142427,"/Date(1702538702000)/",22700,8000,6463100,147780000000,0,false,0
"NKG",142424,"/Date(1702538699000)/",22650,1000,6455100,147598000000,-50,true,-0.22
"NKG",142424,"/Date(1702538699000)/",22650,12400,6454100,147576000000,-50,true,-0.22
"NKG",142424,"/Date(1702538698000)/",22700,13800,6441700,147295000000,0,false,0
"NKG",142424,"/Date(1702538698000)/",22700,500,6427900,146982000000,0,false,0
"NKG",142424,"/Date(1702538698000)/",22700,15700,6427400,146970000000,0,false,0
"NKG",142421,"/Date(1702538695000)/",22650,17300,6411700,146614000000,-50,true,-0.22
"NKG",142421,"/Date(1702538695000)/",22650,200,6394400,146222000000,-50,true,-0.22
"NKG",142421,"/Date(1702538695000)/",22650,3100,6394200,146218000000,-50,true,-0.22
"NKG",142421,"/Date(1702538695000)/",22650,4400,6391100,146147000000,-50,true,-0.22
"NKG",142421,"/Date(1702538695000)/",22650,5000,6386700,146048000000,-50,true,-0.22
"NKG",142417,"/Date(1702538694000)/",22650,5000,6381700,145934000000,-50,true,-0.22
"NKG",142417,"/Date(1702538692000)/",22700,2000,6376700,145821000000,0,false,0
"NKG",142414,"/Date(1702538691000)/",22700,2000,6374700,145776000000,0,false,0
"NKG",142414,"/Date(1702538688000)/",22650,100,6372700,145730000000,-50,true,-0.22
"NKG",142414,"/Date(1702538688000)/",22650,100,6372600,145728000000,-50,true,-0.22
"NKG",142411,"/Date(1702538687000)/",22650,500,6372500,145726000000,-50,true,-0.22
"NKG",142411,"/Date(1702538687000)/",22650,200,6372000,145715000000,-50,true,-0.22
"NKG",142411,"/Date(1702538687000)/",22650,100,6371800,145710000000,-50,true,-0.22
"NKG",142411,"/Date(1702538686000)/",22650,500,6371700,145708000000,-50,true,-0.22
"NKG",142411,"/Date(1702538686000)/",22650,100,6371200,145696000000,-50,true,-0.22
"NKG",142411,"/Date(1702538686000)/",22650,1000,6371100,145694000000,-50,true,-0.22
"NKG",142411,"/Date(1702538686000)/",22650,400,6370100,145672000000,-50,true,-0.22
"NKG",142411,"/Date(1702538686000)/",22700,700,6369700,145662000000,0,false,0
"NKG",142405,"/Date(1702538681000)/",22700,3000,6369000,145647000000,0,false,0
"NKG",142401,"/Date(1702538676000)/",22700,6600,6366000,145578000000,0,false,0
"NKG",142358,"/Date(1702538672000)/",22650,300,6359400,145429000000,-50,true,-0.22
"NKG",142352,"/Date(1702538666000)/",22650,100,6359100,145422000000,-50,true,-0.22
"NKG",142349,"/Date(1702538664000)/",22650,500,6359000,145420000000,-50,true,-0.22
"NKG",142342,"/Date(1702538657000)/",22650,700,6358500,145408000000,-50,true,-0.22
"NKG",142339,"/Date(1702538655000)/",22650,2500,6357800,145392000000,-50,true,-0.22
"NKG",142336,"/Date(1702538653000)/",22650,1500,6355300,145336000000,-50,false,-0.22
"NKG",142336,"/Date(1702538653000)/",22650,400,6353800,145302000000,-50,false,-0.22
"NKG",142336,"/Date(1702538653000)/",22650,500,6353400,145293000000,-50,false,-0.22
"NKG",142336,"/Date(1702538653000)/",22650,100,6352900,145281000000,-50,false,-0.22
"NKG",142336,"/Date(1702538653000)/",22650,3000,6352800,145279000000,-50,false,-0.22
"NKG",142336,"/Date(1702538650000)/",22650,100,6349800,145211000000,-50,false,-0.22
"NKG",142333,"/Date(1702538648000)/",22650,900,6349700,145209000000,-50,false,-0.22
"NKG",142333,"/Date(1702538647000)/",22650,6000,6348800,145189000000,-50,false,-0.22
"NKG",142333,"/Date(1702538647000)/",22650,800,6342800,145053000000,-50,false,-0.22
"NKG",142333,"/Date(1702538647000)/",22650,100,6342000,145035000000,-50,false,-0.22
"NKG",142330,"/Date(1702538645000)/",22650,100,6341900,145032000000,-50,false,-0.22
"NKG",142330,"/Date(1702538644000)/",22650,9400,6341800,145030000000,-50,false,-0.22
"NKG",142330,"/Date(1702538644000)/",22650,1000,6332400,144817000000,-50,false,-0.22
"NKG",142326,"/Date(1702538643000)/",22650,200,6331400,144794000000,-50,false,-0.22
"NKG",142326,"/Date(1702538642000)/",22650,1200,6331200,144790000000,-50,false,-0.22
"NKG",142323,"/Date(1702538640000)/",22650,1000,6330000,144763000000,-50,false,-0.22
"NKG",142320,"/Date(1702538635000)/",22650,5000,6329000,144740000000,-50,false,-0.22
"NKG",142317,"/Date(1702538633000)/",22600,500,6324000,144627000000,-100,true,-0.44
"NKG",142314,"/Date(1702538628000)/",22650,1000,6323500,144616000000,-50,false,-0.22
"NKG",142314,"/Date(1702538627000)/",22650,100,6322500,144593000000,-50,false,-0.22
"NKG",142310,"/Date(1702538627000)/",22650,2700,6322400,144591000000,-50,true,-0.22
"NKG",142310,"/Date(1702538627000)/",22650,1000,6319700,144529000000,-50,true,-0.22
"NKG",142310,"/Date(1702538627000)/",22650,1000,6318700,144507000000,-50,true,-0.22
"NKG",142310,"/Date(1702538627000)/",22650,300,6317700,144484000000,-50,true,-0.22
"NKG",142310,"/Date(1702538627000)/",22650,100,6317400,144477000000,-50,true,-0.22
"NKG",142310,"/Date(1702538627000)/",22650,20000,6317300,144475000000,-50,true,-0.22
"NKG",142310,"/Date(1702538627000)/",22650,1600,6297300,144022000000,-50,true,-0.22
"NKG",142310,"/Date(1702538627000)/",22650,100,6295700,143986000000,-50,true,-0.22
"NKG",142310,"/Date(1702538627000)/",22650,800,6295600,143984000000,-50,true,-0.22
"NKG",142310,"/Date(1702538627000)/",22650,5000,6294800,143966000000,-50,true,-0.22
"NKG",142310,"/Date(1702538627000)/",22650,7500,6289800,143852000000,-50,true,-0.22
"NKG",142307,"/Date(1702538623000)/",22650,1000,6282300,143682000000,-50,true,-0.22
"NKG",142307,"/Date(1702538621000)/",22700,600,6281300,143660000000,0,false,0
"NKG",142304,"/Date(1702538620000)/",22650,200,6280700,143646000000,-50,true,-0.22
"NKG",142304,"/Date(1702538619000)/",22650,1300,6280500,143642000000,-50,true,-0.22
"NKG",142304,"/Date(1702538619000)/",22650,700,6279200,143612000000,-50,true,-0.22
"NKG",142301,"/Date(1702538615000)/",22650,300,6278500,143596000000,-50,true,-0.22
"NKG",142301,"/Date(1702538615000)/",22650,4000,6278200,143589000000,-50,true,-0.22
"NKG",142301,"/Date(1702538615000)/",22650,100,6274200,143499000000,-50,true,-0.22
"NKG",142301,"/Date(1702538615000)/",22650,600,6274100,143497000000,-50,true,-0.22
"NKG",142251,"/Date(1702538606000)/",22700,100,6273500,143483000000,0,false,0
"NKG",142251,"/Date(1702538606000)/",22650,400,6273400,143481000000,-50,true,-0.22
"NKG",142251,"/Date(1702538606000)/",22650,100,6273000,143472000000,-50,true,-0.22
"NKG",142251,"/Date(1702538606000)/",22650,500,6272900,143469000000,-50,true,-0.22
"NKG",142248,"/Date(1702538603000)/",22650,200,6272400,143458000000,-50,true,-0.22
"NKG",142248,"/Date(1702538602000)/",22700,1000,6272200,143454000000,0,false,0
"NKG",142245,"/Date(1702538601000)/",22650,300,6271200,143431000000,-50,true,-0.22
"NKG",142245,"/Date(1702538601000)/",22650,1000,6270900,143424000000,-50,true,-0.22
"NKG",142245,"/Date(1702538601000)/",22650,400,6269900,143401000000,-50,true,-0.22
"NKG",142245,"/Date(1702538601000)/",22650,3800,6269500,143392000000,-50,true,-0.22
"NKG",142238,"/Date(1702538592000)/",22650,6200,6265700,143306000000,-50,true,-0.22
"NKG",142238,"/Date(1702538592000)/",22650,200,6259500,143166000000,-50,true,-0.22
"NKG",142238,"/Date(1702538592000)/",22650,10000,6259300,143161000000,-50,true,-0.22
"NKG",142238,"/Date(1702538592000)/",22650,34600,6249300,142935000000,-50,true,-0.22
"NKG",142235,"/Date(1702538592000)/",22650,500,6214700,142151000000,-50,true,-0.22
"NKG",142235,"/Date(1702538592000)/",22650,700,6214200,142140000000,-50,true,-0.22
"NKG",142235,"/Date(1702538591000)/",22700,200,6213500,142124000000,0,false,0
"NKG",142235,"/Date(1702538590000)/",22700,100,6213300,142119000000,0,false,0
"NKG",142235,"/Date(1702538589000)/",22700,500,6213200,142117000000,0,false,0
"NKG",142232,"/Date(1702538588000)/",22700,100,6212700,142106000000,0,false,0
"NKG",142226,"/Date(1702538582000)/",22700,1000,6212600,142104000000,0,false,0
"NKG",142226,"/Date(1702538581000)/",22650,4000,6211600,142081000000,-50,true,-0.22
"NKG",142213,"/Date(1702538569000)/",22700,500,6207600,141990000000,0,false,0
"NKG",142213,"/Date(1702538568000)/",22650,300,6207100,141979000000,-50,false,-0.22
"NKG",142213,"/Date(1702538568000)/",22650,9900,6206800,141972000000,-50,false,-0.22
"NKG",142213,"/Date(1702538566000)/",22600,100,6196900,141748000000,-100,true,-0.44
"NKG",142213,"/Date(1702538566000)/",22600,200,6196800,141746000000,-100,true,-0.44
"NKG",142213,"/Date(1702538566000)/",22600,300,6196600,141741000000,-100,true,-0.44
"NKG",142213,"/Date(1702538566000)/",22600,100,6196300,141734000000,-100,true,-0.44
"NKG",142213,"/Date(1702538566000)/",22600,100,6196200,141732000000,-100,true,-0.44
"NKG",142213,"/Date(1702538566000)/",22600,200,6196100,141730000000,-100,true,-0.44
"NKG",142213,"/Date(1702538566000)/",22600,100,6195900,141725000000,-100,true,-0.44
"NKG",142213,"/Date(1702538566000)/",22600,1000,6195800,141723000000,-100,true,-0.44
"NKG",142213,"/Date(1702538566000)/",22600,500,6194800,141700000000,-100,true,-0.44
"NKG",142213,"/Date(1702538566000)/",22600,2000,6194300,141689000000,-100,true,-0.44
"NKG",142213,"/Date(1702538566000)/",22600,1000,6192300,141644000000,-100,true,-0.44
"NKG",142213,"/Date(1702538566000)/",22600,100,6191300,141621000000,-100,true,-0.44
"NKG",142213,"/Date(1702538566000)/",22600,100,6191200,141619000000,-100,true,-0.44
"NKG",142213,"/Date(1702538566000)/",22600,1000,6191100,141617000000,-100,true,-0.44
"NKG",142213,"/Date(1702538566000)/",22600,300,6190100,141594000000,-100,true,-0.44
"NKG",142213,"/Date(1702538566000)/",22600,2900,6189800,141587000000,-100,true,-0.44
"NKG",142210,"/Date(1702538566000)/",22650,100,6186900,141522000000,-50,false,-0.22
"NKG",142210,"/Date(1702538564000)/",22650,900,6186800,141520000000,-50,false,-0.22
"NKG",142206,"/Date(1702538563000)/",22600,2100,6185900,141499000000,-100,true,-0.44
"NKG",142206,"/Date(1702538563000)/",22600,1000,6183800,141452000000,-100,true,-0.44
"NKG",142206,"/Date(1702538563000)/",22600,100,6182800,141429000000,-100,true,-0.44
"NKG",142206,"/Date(1702538563000)/",22600,200,6182700,141427000000,-100,true,-0.44
"NKG",142206,"/Date(1702538563000)/",22600,1000,6182500,141422000000,-100,true,-0.44
"NKG",142206,"/Date(1702538563000)/",22600,2000,6181500,141400000000,-100,true,-0.44
"NKG",142206,"/Date(1702538563000)/",22600,500,6179500,141355000000,-100,true,-0.44
"NKG",142206,"/Date(1702538563000)/",22600,500,6179000,141343000000,-100,true,-0.44
"NKG",142206,"/Date(1702538563000)/",22600,500,6178500,141332000000,-100,true,-0.44
"NKG",142206,"/Date(1702538563000)/",22600,2800,6178000,141321000000,-100,true,-0.44
"NKG",142206,"/Date(1702538563000)/",22650,100,6175200,141257000000,-50,true,-0.22
"NKG",142206,"/Date(1702538563000)/",22650,200,6175100,141255000000,-50,true,-0.22
"NKG",142206,"/Date(1702538562000)/",22700,200,6174900,141251000000,0,false,0
"NKG",142206,"/Date(1702538561000)/",22700,200,6174700,141246000000,0,false,0
"NKG",142206,"/Date(1702538561000)/",22700,1300,6174500,141242000000,0,false,0
"NKG",142206,"/Date(1702538561000)/",22650,2800,6173200,141212000000,-50,true,-0.22
"NKG",142206,"/Date(1702538561000)/",22650,200,6170400,141149000000,-50,true,-0.22
"NKG",142206,"/Date(1702538561000)/",22650,1000,6170200,141144000000,-50,true,-0.22
"NKG",142206,"/Date(1702538561000)/",22650,100,6169200,141121000000,-50,true,-0.22
"NKG",142206,"/Date(1702538561000)/",22650,900,6169100,141119000000,-50,true,-0.22
"NKG",142203,"/Date(1702538558000)/",22650,1100,6168200,141099000000,-50,true,-0.22
"NKG",142203,"/Date(1702538557000)/",22650,900,6167100,141074000000,-50,true,-0.22
"NKG",142200,"/Date(1702538555000)/",22650,4900,6166200,141053000000,-50,false,-0.22
"NKG",142200,"/Date(1702538554000)/",22650,4200,6161300,140942000000,-50,false,-0.22
"NKG",142157,"/Date(1702538553000)/",22650,100,6157100,140847000000,-50,false,-0.22
"NKG",142157,"/Date(1702538553000)/",22650,500,6157000,140845000000,-50,false,-0.22
"NKG",142157,"/Date(1702538553000)/",22650,200,6156500,140834000000,-50,false,-0.22
"NKG",142157,"/Date(1702538553000)/",22650,3000,6156300,140829000000,-50,false,-0.22
"NKG",142154,"/Date(1702538550000)/",22650,6800,6153300,140761000000,-50,true,-0.22
"NKG",142154,"/Date(1702538550000)/",22650,500,6146500,140607000000,-50,true,-0.22
"NKG",142154,"/Date(1702538550000)/",22650,1500,6146000,140596000000,-50,true,-0.22
"NKG",142154,"/Date(1702538550000)/",22650,200,6144500,140562000000,-50,true,-0.22
"NKG",142154,"/Date(1702538550000)/",22650,100,6144300,140557000000,-50,true,-0.22
"NKG",142154,"/Date(1702538550000)/",22650,100,6144200,140555000000,-50,true,-0.22
"NKG",142154,"/Date(1702538550000)/",22650,100,6144100,140553000000,-50,true,-0.22
"NKG",142154,"/Date(1702538550000)/",22650,700,6144000,140551000000,-50,true,-0.22
"NKG",142154,"/Date(1702538548000)/",22650,1300,6143300,140535000000,-50,true,-0.22
"NKG",142154,"/Date(1702538548000)/",22650,200,6142000,140505000000,-50,true,-0.22
"NKG",142150,"/Date(1702538547000)/",22650,100,6141800,140501000000,-50,true,-0.22
"NKG",142150,"/Date(1702538546000)/",22650,400,6141700,140499000000,-50,true,-0.22
"NKG",142150,"/Date(1702538546000)/",22650,800,6141300,140489000000,-50,true,-0.22
"NKG",142150,"/Date(1702538545000)/",22650,200,6140500,140471000000,-50,true,-0.22
"NKG",142150,"/Date(1702538545000)/",22650,200,6140300,140467000000,-50,true,-0.22
"NKG",142150,"/Date(1702538545000)/",22650,500,6140100,140462000000,-50,true,-0.22
"NKG",142150,"/Date(1702538545000)/",22650,2000,6139600,140451000000,-50,true,-0.22
"NKG",142150,"/Date(1702538545000)/",22650,7100,6137600,140406000000,-50,true,-0.22
"NKG",142150,"/Date(1702538545000)/",22650,1000,6130500,140245000000,-50,true,-0.22
"NKG",142144,"/Date(1702538540000)/",22650,200,6129500,140222000000,-50,true,-0.22
"NKG",142141,"/Date(1702538535000)/",22650,1700,6129300,140218000000,-50,true,-0.22
"NKG",142141,"/Date(1702538535000)/",22650,200,6127600,140179000000,-50,true,-0.22
"NKG",142141,"/Date(1702538535000)/",22650,200,6127400,140175000000,-50,true,-0.22
"NKG",142141,"/Date(1702538535000)/",22650,500,6127200,140170000000,-50,true,-0.22
"NKG",142141,"/Date(1702538535000)/",22650,1000,6126700,140159000000,-50,true,-0.22
"NKG",142141,"/Date(1702538535000)/",22650,200,6125700,140136000000,-50,true,-0.22
"NKG",142141,"/Date(1702538535000)/",22650,200,6125500,140132000000,-50,true,-0.22
"NKG",142138,"/Date(1702538532000)/",22650,800,6125300,140127000000,-50,true,-0.22
"NKG",142138,"/Date(1702538532000)/",22650,1000,6124500,140109000000,-50,true,-0.22
"NKG",142138,"/Date(1702538532000)/",22650,100,6123500,140086000000,-50,true,-0.22
"NKG",142138,"/Date(1702538532000)/",22650,100,6123400,140084000000,-50,true,-0.22
"NKG",142138,"/Date(1702538532000)/",22650,1000,6123300,140082000000,-50,true,-0.22
"NKG",142138,"/Date(1702538532000)/",22650,500,6122300,140059000000,-50,true,-0.22
"NKG",142138,"/Date(1702538532000)/",22650,500,6121800,140048000000,-50,true,-0.22
"NKG",142138,"/Date(1702538532000)/",22650,1800,6121300,140036000000,-50,true,-0.22
"NKG",142138,"/Date(1702538532000)/",22650,100,6119500,139996000000,-50,true,-0.22
"NKG",142138,"/Date(1702538532000)/",22650,200,6119400,139993000000,-50,true,-0.22
"NKG",142138,"/Date(1702538532000)/",22650,100,6119200,139989000000,-50,true,-0.22
"NKG",142138,"/Date(1702538532000)/",22650,2000,6119100,139987000000,-50,true,-0.22
"NKG",142138,"/Date(1702538532000)/",22650,300,6117100,139941000000,-50,true,-0.22
"NKG",142138,"/Date(1702538532000)/",22650,800,6116800,139935000000,-50,true,-0.22
"NKG",142138,"/Date(1702538532000)/",22650,500,6116000,139916000000,-50,true,-0.22
"NKG",142138,"/Date(1702538532000)/",22650,200,6115500,139905000000,-50,true,-0.22
"NKG",142138,"/Date(1702538532000)/",22650,800,6115300,139901000000,-50,true,-0.22
"NKG",142138,"/Date(1702538532000)/",22650,600,6114500,139882000000,-50,true,-0.22
"NKG",142138,"/Date(1702538532000)/",22650,400,6113900,139869000000,-50,true,-0.22
"NKG",142138,"/Date(1702538532000)/",22650,200,6113500,139860000000,-50,true,-0.22
"NKG",142138,"/Date(1702538532000)/",22650,300,6113300,139855000000,-50,true,-0.22
"NKG",142134,"/Date(1702538529000)/",22650,500,6113000,139848000000,-50,true,-0.22
"NKG",142128,"/Date(1702538524000)/",22650,500,6112500,139837000000,-50,true,-0.22
"NKG",142128,"/Date(1702538524000)/",22650,2500,6112000,139826000000,-50,true,-0.22
"NKG",142128,"/Date(1702538524000)/",22650,1000,6109500,139769000000,-50,true,-0.22
"NKG",142128,"/Date(1702538523000)/",22700,100,6108500,139747000000,0,false,0
"NKG",142122,"/Date(1702538518000)/",22650,500,6108400,139744000000,-50,true,-0.22
"NKG",142122,"/Date(1702538517000)/",22650,6000,6107900,139733000000,-50,true,-0.22
"NKG",142122,"/Date(1702538517000)/",22650,5000,6101900,139597000000,-50,true,-0.22
"NKG",142122,"/Date(1702538517000)/",22650,1100,6096900,139484000000,-50,true,-0.22
"NKG",142122,"/Date(1702538517000)/",22650,700,6095800,139459000000,-50,true,-0.22
"NKG",142122,"/Date(1702538517000)/",22650,5000,6095100,139443000000,-50,true,-0.22
"NKG",142122,"/Date(1702538517000)/",22650,500,6090100,139330000000,-50,true,-0.22
"NKG",142122,"/Date(1702538517000)/",22650,200,6089600,139318000000,-50,true,-0.22
"NKG",142122,"/Date(1702538517000)/",22650,10000,6089400,139314000000,-50,true,-0.22
"NKG",142122,"/Date(1702538517000)/",22650,200,6079400,139087000000,-50,true,-0.22
"NKG",142122,"/Date(1702538517000)/",22650,400,6079200,139083000000,-50,true,-0.22
"NKG",142122,"/Date(1702538517000)/",22650,1000,6078800,139074000000,-50,true,-0.22
"NKG",142122,"/Date(1702538517000)/",22650,1000,6077800,139051000000,-50,true,-0.22
"NKG",142122,"/Date(1702538517000)/",22650,100,6076800,139029000000,-50,true,-0.22
"NKG",142122,"/Date(1702538517000)/",22650,200,6076700,139026000000,-50,true,-0.22
"NKG",142122,"/Date(1702538517000)/",22650,100,6076500,139022000000,-50,true,-0.22
"NKG",142122,"/Date(1702538517000)/",22650,300,6076400,139019000000,-50,true,-0.22
"NKG",142122,"/Date(1702538517000)/",22650,100,6076100,139013000000,-50,true,-0.22
"NKG",142122,"/Date(1702538517000)/",22650,5000,6076000,139010000000,-50,true,-0.22
"NKG",142122,"/Date(1702538517000)/",22650,100,6071000,138897000000,-50,true,-0.22
"NKG",142122,"/Date(1702538517000)/",22650,3000,6070900,138895000000,-50,true,-0.22
"NKG",142122,"/Date(1702538517000)/",22650,5000,6067900,138827000000,-50,true,-0.22
"NKG",142122,"/Date(1702538517000)/",22650,300,6062900,138714000000,-50,true,-0.22
"NKG",142122,"/Date(1702538517000)/",22650,100,6062600,138707000000,-50,true,-0.22
"NKG",142122,"/Date(1702538517000)/",22650,100,6062500,138705000000,-50,true,-0.22
"NKG",142122,"/Date(1702538517000)/",22650,400,6062400,138702000000,-50,true,-0.22
"NKG",142122,"/Date(1702538517000)/",22650,4100,6062000,138693000000,-50,true,-0.22
"NKG",142115,"/Date(1702538511000)/",22700,200,6057900,138600000000,0,false,0
"NKG",142115,"/Date(1702538511000)/",22650,2000,6057700,138596000000,-50,true,-0.22
"NKG",142115,"/Date(1702538510000)/",22650,700,6055700,138551000000,-50,true,-0.22
"NKG",142109,"/Date(1702538505000)/",22650,1000,6055000,138535000000,-50,true,-0.22
"NKG",142109,"/Date(1702538504000)/",22700,100,6054000,138512000000,0,false,0
"NKG",142106,"/Date(1702538500000)/",22650,4000,6053900,138510000000,-50,true,-0.22
"NKG",142102,"/Date(1702538497000)/",22650,200,6049900,138419000000,-50,true,-0.22
"NKG",142102,"/Date(1702538496000)/",22700,200,6049700,138415000000,0,false,0
"NKG",142056,"/Date(1702538492000)/",22700,1000,6049500,138410000000,0,false,0
"NKG",142056,"/Date(1702538490000)/",22650,500,6048500,138387000000,-50,true,-0.22
"NKG",142053,"/Date(1702538487000)/",22650,7500,6048000,138376000000,-50,true,-0.22
"NKG",142053,"/Date(1702538487000)/",22650,4400,6040500,138206000000,-50,true,-0.22
"NKG",142037,"/Date(1702538473000)/",22650,600,6036100,138107000000,-50,true,-0.22
"NKG",142037,"/Date(1702538473000)/",22650,500,6035500,138093000000,-50,true,-0.22
"NKG",142030,"/Date(1702538466000)/",22700,2000,6035000,138082000000,0,false,0
"NKG",142030,"/Date(1702538465000)/",22650,2000,6033000,138036000000,-50,true,-0.22
"NKG",142030,"/Date(1702538465000)/",22650,200,6031000,137991000000,-50,true,-0.22
"NKG",142030,"/Date(1702538465000)/",22650,100,6030800,137986000000,-50,true,-0.22
"NKG",142030,"/Date(1702538465000)/",22650,700,6030700,137984000000,-50,true,-0.22
"NKG",142021,"/Date(1702538456000)/",22650,1300,6030000,137968000000,-50,true,-0.22
"NKG",142021,"/Date(1702538456000)/",22650,700,6028700,137939000000,-50,true,-0.22
"NKG",142017,"/Date(1702538452000)/",22700,3000,6028000,137923000000,0,false,0
"NKG",142014,"/Date(1702538449000)/",22700,5000,6025000,137855000000,0,false,0
"NKG",142014,"/Date(1702538448000)/",22650,100,6020000,137741000000,-50,true,-0.22
"NKG",142011,"/Date(1702538447000)/",22650,200,6019900,137739000000,-50,true,-0.22
"NKG",142011,"/Date(1702538447000)/",22650,900,6019700,137735000000,-50,true,-0.22
"NKG",142011,"/Date(1702538446000)/",22650,100,6018800,137714000000,-50,true,-0.22
"NKG",142011,"/Date(1702538446000)/",22650,300,6018700,137712000000,-50,true,-0.22
"NKG",142011,"/Date(1702538446000)/",22650,200,6018400,137705000000,-50,true,-0.22
"NKG",142011,"/Date(1702538446000)/",22650,400,6018200,137701000000,-50,true,-0.22
"NKG",142011,"/Date(1702538446000)/",22650,20000,6017800,137692000000,-50,true,-0.22
"NKG",142011,"/Date(1702538446000)/",22650,300,5997800,137239000000,-50,true,-0.22
"NKG",142011,"/Date(1702538446000)/",22650,3000,5997500,137232000000,-50,true,-0.22
"NKG",142011,"/Date(1702538446000)/",22650,1000,5994500,137164000000,-50,true,-0.22
"NKG",142011,"/Date(1702538446000)/",22650,500,5993500,137141000000,-50,true,-0.22
"NKG",142011,"/Date(1702538446000)/",22650,1500,5993000,137130000000,-50,true,-0.22
"NKG",142011,"/Date(1702538446000)/",22650,100,5991500,137096000000,-50,true,-0.22
"NKG",142011,"/Date(1702538446000)/",22650,500,5991400,137094000000,-50,true,-0.22
"NKG",142011,"/Date(1702538446000)/",22650,700,5990900,137082000000,-50,true,-0.22
"NKG",142011,"/Date(1702538446000)/",22650,100,5990200,137066000000,-50,true,-0.22
"NKG",142011,"/Date(1702538446000)/",22650,1500,5990100,137064000000,-50,true,-0.22
"NKG",142011,"/Date(1702538446000)/",22650,900,5988600,137030000000,-50,true,-0.22
"NKG",142011,"/Date(1702538446000)/",22650,3000,5987700,137010000000,-50,true,-0.22
"NKG",142011,"/Date(1702538446000)/",22650,500,5984700,136942000000,-50,true,-0.22
"NKG",142011,"/Date(1702538446000)/",22650,100,5984200,136931000000,-50,true,-0.22
"NKG",142011,"/Date(1702538446000)/",22650,100,5984100,136928000000,-50,true,-0.22
"NKG",142011,"/Date(1702538446000)/",22650,2000,5984000,136926000000,-50,true,-0.22
"NKG",142011,"/Date(1702538446000)/",22650,900,5982000,136881000000,-50,true,-0.22
"NKG",142011,"/Date(1702538446000)/",22650,500,5981100,136860000000,-50,true,-0.22
"NKG",142011,"/Date(1702538446000)/",22650,500,5980600,136849000000,-50,true,-0.22
"NKG",142011,"/Date(1702538446000)/",22650,100,5980100,136838000000,-50,true,-0.22
"NKG",142011,"/Date(1702538446000)/",22650,3600,5980000,136835000000,-50,true,-0.22
"NKG",142011,"/Date(1702538446000)/",22650,3000,5976400,136754000000,-50,true,-0.22
"NKG",142011,"/Date(1702538446000)/",22650,100,5973400,136686000000,-50,true,-0.22
"NKG",142011,"/Date(1702538446000)/",22650,2000,5973300,136684000000,-50,true,-0.22
"NKG",142011,"/Date(1702538446000)/",22650,2500,5971300,136638000000,-50,true,-0.22
"NKG",142011,"/Date(1702538446000)/",22700,1900,5968800,136582000000,0,false,0
"NKG",142011,"/Date(1702538446000)/",22650,500,5966900,136539000000,-50,true,-0.22
"NKG",142011,"/Date(1702538444000)/",22650,600,5966400,136527000000,-50,true,-0.22
"NKG",142008,"/Date(1702538443000)/",22700,700,5965800,136514000000,0,false,0
"NKG",142008,"/Date(1702538443000)/",22700,3100,5965100,136498000000,0,false,0
"NKG",142005,"/Date(1702538438000)/",22650,500,5962000,136427000000,-50,true,-0.22
"NKG",142005,"/Date(1702538438000)/",22700,1500,5961500,136416000000,0,false,0
"NKG",142005,"/Date(1702538438000)/",22700,500,5960000,136382000000,0,false,0
"NKG",142005,"/Date(1702538438000)/",22700,200,5959500,136371000000,0,false,0
"NKG",142001,"/Date(1702538438000)/",22700,300,5959300,136366000000,0,true,0
"NKG",142001,"/Date(1702538435000)/",22700,200,5959000,136359000000,0,true,0
"NKG",141955,"/Date(1702538430000)/",22650,900,5958800,136355000000,-50,true,-0.22
"NKG",141955,"/Date(1702538430000)/",22650,100,5957900,136334000000,-50,true,-0.22
"NKG",141955,"/Date(1702538430000)/",22650,1000,5957800,136332000000,-50,true,-0.22
"NKG",141955,"/Date(1702538430000)/",22650,200,5956800,136310000000,-50,true,-0.22
"NKG",141955,"/Date(1702538430000)/",22650,1000,5956600,136305000000,-50,true,-0.22
"NKG",141955,"/Date(1702538430000)/",22650,100,5955600,136282000000,-50,true,-0.22
"NKG",141955,"/Date(1702538430000)/",22650,1000,5955500,136280000000,-50,true,-0.22
"NKG",141955,"/Date(1702538430000)/",22650,500,5954500,136257000000,-50,true,-0.22
"NKG",141955,"/Date(1702538430000)/",22700,200,5954000,136246000000,0,true,0
"NKG",141955,"/Date(1702538430000)/",22700,10000,5953800,136242000000,0,true,0
"NKG",141955,"/Date(1702538430000)/",22700,1200,5943800,136015000000,0,true,0
"NKG",141955,"/Date(1702538430000)/",22700,5000,5942600,135987000000,0,true,0
"NKG",141955,"/Date(1702538430000)/",22700,300,5937600,135874000000,0,true,0
"NKG",141955,"/Date(1702538430000)/",22700,300,5937300,135867000000,0,true,0
"NKG",141955,"/Date(1702538430000)/",22700,3000,5937000,135860000000,0,true,0
"NKG",141955,"/Date(1702538430000)/",22700,1000,5934000,135792000000,0,true,0
"NKG",141955,"/Date(1702538430000)/",22700,11200,5933000,135769000000,0,true,0
"NKG",141955,"/Date(1702538429000)/",22700,10000,5921800,135515000000,0,true,0
"NKG",141955,"/Date(1702538428000)/",22700,100,5911800,135288000000,0,true,0
"NKG",141952,"/Date(1702538426000)/",22750,2000,5911700,135286000000,50,false,0.22
"NKG",141952,"/Date(1702538426000)/",22700,1500,5909700,135240000000,0,true,0
"NKG",141949,"/Date(1702538425000)/",22700,4300,5908200,135206000000,0,true,0
"NKG",141945,"/Date(1702538422000)/",22700,300,5903900,135109000000,0,true,0
"NKG",141945,"/Date(1702538421000)/",22700,5000,5903600,135102000000,0,true,0
"NKG",141936,"/Date(1702538409000)/",22700,1000,5898600,134988000000,0,false,0
"NKG",141936,"/Date(1702538409000)/",22700,400,5897600,134966000000,0,false,0
"NKG",141936,"/Date(1702538409000)/",22700,300,5897200,134957000000,0,false,0
"NKG",141936,"/Date(1702538409000)/",22700,900,5896900,134950000000,0,false,0
"NKG",141933,"/Date(1702538408000)/",22700,100,5896000,134929000000,0,false,0
"NKG",141933,"/Date(1702538408000)/",22700,400,5895900,134927000000,0,false,0
"NKG",141933,"/Date(1702538407000)/",22700,600,5895500,134918000000,0,false,0
"NKG",141929,"/Date(1702538404000)/",22700,1300,5894900,134904000000,0,false,0
"NKG",141929,"/Date(1702538404000)/",22700,700,5893600,134875000000,0,false,0
"NKG",141926,"/Date(1702538402000)/",22700,400,5892900,134859000000,0,false,0
"NKG",141926,"/Date(1702538401000)/",22700,3000,5892500,134850000000,0,false,0
"NKG",141926,"/Date(1702538400000)/",22700,100,5889500,134782000000,0,false,0
"NKG",141923,"/Date(1702538396000)/",22700,3000,5889400,134780000000,0,false,0
"NKG",141920,"/Date(1702538393000)/",22700,900,5886400,134712000000,0,false,0
"NKG",141917,"/Date(1702538393000)/",22700,200,5885500,134691000000,0,true,0
"NKG",141917,"/Date(1702538393000)/",22700,900,5885300,134687000000,0,true,0
"NKG",141917,"/Date(1702538393000)/",22700,500,5884400,134666000000,0,true,0
"NKG",141917,"/Date(1702538393000)/",22700,100,5883900,134655000000,0,true,0
"NKG",141917,"/Date(1702538393000)/",22700,300,5883800,134652000000,0,true,0
"NKG",141917,"/Date(1702538393000)/",22700,100,5883500,134646000000,0,true,0
"NKG",141917,"/Date(1702538392000)/",22700,1900,5883400,134643000000,0,true,0
"NKG",141917,"/Date(1702538392000)/",22700,100,5881500,134600000000,0,true,0
"NKG",141917,"/Date(1702538392000)/",22700,400,5881400,134598000000,0,true,0
"NKG",141917,"/Date(1702538392000)/",22700,300,5881000,134589000000,0,true,0
"NKG",141917,"/Date(1702538392000)/",22700,300,5880700,134582000000,0,true,0
"NKG",141917,"/Date(1702538392000)/",22700,2000,5880400,134575000000,0,true,0
"NKG",141917,"/Date(1702538391000)/",22700,200,5878400,134530000000,0,true,0
"NKG",141917,"/Date(1702538391000)/",22700,800,5878200,134525000000,0,true,0
"NKG",141917,"/Date(1702538391000)/",22700,200,5877400,134507000000,0,true,0
"NKG",141917,"/Date(1702538391000)/",22700,1000,5877200,134503000000,0,true,0
"NKG",141917,"/Date(1702538391000)/",22700,20000,5876200,134480000000,0,true,0
"NKG",141917,"/Date(1702538391000)/",22700,1000,5856200,134026000000,0,true,0
"NKG",141917,"/Date(1702538391000)/",22700,100,5855200,134003000000,0,true,0
"NKG",141917,"/Date(1702538391000)/",22700,1000,5855100,134001000000,0,true,0
"NKG",141917,"/Date(1702538391000)/",22700,100,5854100,133978000000,0,true,0
"NKG",141917,"/Date(1702538391000)/",22700,5000,5854000,133976000000,0,true,0
"NKG",141917,"/Date(1702538391000)/",22700,500,5849000,133863000000,0,true,0
"NKG",141917,"/Date(1702538391000)/",22700,5000,5848500,133851000000,0,true,0
"NKG",141917,"/Date(1702538391000)/",22700,5000,5843500,133738000000,0,true,0
"NKG",141917,"/Date(1702538391000)/",22700,100,5838500,133624000000,0,true,0
"NKG",141917,"/Date(1702538391000)/",22700,800,5838400,133622000000,0,true,0
"NKG",141917,"/Date(1702538391000)/",22700,1000,5837600,133604000000,0,true,0
"NKG",141917,"/Date(1702538391000)/",22700,9500,5836600,133581000000,0,true,0
"NKG",141910,"/Date(1702538386000)/",22700,200,5827100,133365000000,0,true,0
"NKG",141910,"/Date(1702538384000)/",22700,300,5826900,133361000000,0,true,0
"NKG",141910,"/Date(1702538384000)/",22700,800,5826600,133354000000,0,true,0
"NKG",141907,"/Date(1702538383000)/",22700,200,5825800,133336000000,0,true,0
"NKG",141907,"/Date(1702538383000)/",22700,200,5825600,133331000000,0,true,0
"NKG",141907,"/Date(1702538383000)/",22700,400,5825400,133327000000,0,true,0
"NKG",141907,"/Date(1702538381000)/",22700,600,5825000,133318000000,0,true,0
"NKG",141907,"/Date(1702538381000)/",22700,100,5824400,133304000000,0,true,0
"NKG",141907,"/Date(1702538381000)/",22700,1300,5824300,133302000000,0,true,0
"NKG",141904,"/Date(1702538377000)/",22700,1700,5823000,133272000000,0,true,0
"NKG",141904,"/Date(1702538377000)/",22700,500,5821300,133234000000,0,true,0
"NKG",141904,"/Date(1702538377000)/",22700,1000,5820800,133222000000,0,true,0
"NKG",141904,"/Date(1702538377000)/",22700,100,5819800,133200000000,0,true,0
"NKG",141904,"/Date(1702538377000)/",22700,200,5819700,133197000000,0,true,0
"NKG",141904,"/Date(1702538377000)/",22700,100,5819500,133193000000,0,true,0
"NKG",141904,"/Date(1702538377000)/",22700,200,5819400,133191000000,0,true,0
"NKG",141904,"/Date(1702538377000)/",22700,200,5819200,133186000000,0,true,0
"NKG",141857,"/Date(1702538372000)/",22700,2000,5819000,133182000000,0,true,0
"NKG",141857,"/Date(1702538371000)/",22750,1500,5817000,133136000000,50,false,0.22
"NKG",141848,"/Date(1702538364000)/",22750,900,5815500,133102000000,50,false,0.22
"NKG",141848,"/Date(1702538364000)/",22750,100,5814600,133082000000,50,false,0.22
"NKG",141848,"/Date(1702538362000)/",22700,500,5814500,133079000000,0,true,0
"NKG",141848,"/Date(1702538362000)/",22700,1800,5814000,133068000000,0,true,0
"NKG",141848,"/Date(1702538362000)/",22700,100,5812200,133027000000,0,true,0
"NKG",141848,"/Date(1702538362000)/",22700,500,5812100,133025000000,0,true,0
"NKG",141848,"/Date(1702538362000)/",22700,100,5811600,133013000000,0,true,0
"NKG",141848,"/Date(1702538362000)/",22700,5000,5811500,133011000000,0,true,0
"NKG",141848,"/Date(1702538362000)/",22700,200,5806500,132898000000,0,true,0
"NKG",141848,"/Date(1702538362000)/",22700,100,5806300,132893000000,0,true,0
"NKG",141848,"/Date(1702538362000)/",22700,200,5806200,132891000000,0,true,0
"NKG",141848,"/Date(1702538362000)/",22700,100,5806000,132886000000,0,true,0
"NKG",141848,"/Date(1702538362000)/",22700,200,5805900,132884000000,0,true,0
"NKG",141848,"/Date(1702538362000)/",22700,1000,5805700,132879000000,0,true,0
"NKG",141848,"/Date(1702538362000)/",22700,200,5804700,132857000000,0,true,0
"NKG",141848,"/Date(1702538362000)/",22700,10000,5804500,132852000000,0,true,0
"NKG",141845,"/Date(1702538360000)/",22700,2200,5794500,132625000000,0,true,0
"NKG",141845,"/Date(1702538360000)/",22700,1000,5792300,132575000000,0,true,0
"NKG",141845,"/Date(1702538360000)/",22700,100,5791300,132553000000,0,true,0
"NKG",141845,"/Date(1702538360000)/",22700,100,5791200,132550000000,0,true,0
"NKG",141845,"/Date(1702538360000)/",22700,200,5791100,132548000000,0,true,0
"NKG",141845,"/Date(1702538360000)/",22700,100,5790900,132544000000,0,true,0
"NKG",141845,"/Date(1702538360000)/",22700,100,5790800,132541000000,0,true,0
"NKG",141845,"/Date(1702538360000)/",22700,100,5790700,132539000000,0,true,0
"NKG",141845,"/Date(1702538360000)/",22700,100,5790600,132537000000,0,true,0
"NKG",141845,"/Date(1702538360000)/",22700,100,5790500,132534000000,0,true,0
"NKG",141845,"/Date(1702538360000)/",22700,1300,5790400,132532000000,0,true,0
"NKG",141845,"/Date(1702538360000)/",22700,100,5789100,132503000000,0,true,0
"NKG",141845,"/Date(1702538360000)/",22700,100,5789000,132500000000,0,true,0
"NKG",141845,"/Date(1702538360000)/",22700,300,5788900,132498000000,0,true,0
"NKG",141845,"/Date(1702538360000)/",22700,100,5788600,132491000000,0,true,0
"NKG",141845,"/Date(1702538360000)/",22700,500,5788500,132489000000,0,true,0
"NKG",141845,"/Date(1702538360000)/",22700,100,5788000,132478000000,0,true,0
"NKG",141845,"/Date(1702538360000)/",22700,100,5787900,132475000000,0,true,0
"NKG",141845,"/Date(1702538360000)/",22700,1000,5787800,132473000000,0,true,0
"NKG",141845,"/Date(1702538360000)/",22700,400,5786800,132450000000,0,true,0
"NKG",141845,"/Date(1702538360000)/",22700,500,5786400,132441000000,0,true,0
"NKG",141845,"/Date(1702538360000)/",22700,100,5785900,132430000000,0,true,0
"NKG",141845,"/Date(1702538360000)/",22700,1000,5785800,132428000000,0,true,0
"NKG",141845,"/Date(1702538360000)/",22700,1000,5784800,132405000000,0,true,0
"NKG",141845,"/Date(1702538360000)/",22700,8000,5783800,132382000000,0,true,0
"NKG",141845,"/Date(1702538360000)/",22700,600,5775800,132201000000,0,true,0
"NKG",141845,"/Date(1702538360000)/",22700,500,5775200,132187000000,0,true,0
"NKG",141845,"/Date(1702538360000)/",22700,2000,5774700,132176000000,0,true,0
"NKG",141845,"/Date(1702538360000)/",22700,1000,5772700,132130000000,0,true,0
"NKG",141845,"/Date(1702538360000)/",22700,3000,5771700,132108000000,0,true,0
"NKG",141845,"/Date(1702538360000)/",22700,100,5768700,132040000000,0,true,0
"NKG",141845,"/Date(1702538360000)/",22700,100,5768600,132037000000,0,true,0
"NKG",141845,"/Date(1702538360000)/",22700,1000,5768500,132035000000,0,true,0
"NKG",141845,"/Date(1702538360000)/",22700,3000,5767500,132012000000,0,true,0
"NKG",141845,"/Date(1702538360000)/",22700,30000,5764500,131944000000,0,true,0
"NKG",141845,"/Date(1702538360000)/",22700,14000,5734500,131263000000,0,true,0
"NKG",141845,"/Date(1702538360000)/",22700,400,5720500,130945000000,0,true,0
"NKG",141845,"/Date(1702538360000)/",22700,100,5720100,130936000000,0,true,0
"NKG",141845,"/Date(1702538360000)/",22700,8000,5720000,130934000000,0,true,0
"NKG",141845,"/Date(1702538360000)/",22700,3000,5712000,130753000000,0,true,0
"NKG",141845,"/Date(1702538360000)/",22700,100,5709000,130684000000,0,true,0
"NKG",141845,"/Date(1702538360000)/",22700,200,5708900,130682000000,0,true,0
"NKG",141845,"/Date(1702538360000)/",22700,1300,5708700,130678000000,0,true,0
"NKG",141845,"/Date(1702538360000)/",22700,100,5707400,130648000000,0,true,0
"NKG",141845,"/Date(1702538360000)/",22700,200,5707300,130646000000,0,true,0
"NKG",141845,"/Date(1702538360000)/",22700,2000,5707100,130641000000,0,true,0
"NKG",141845,"/Date(1702538360000)/",22700,1000,5705100,130596000000,0,true,0
"NKG",141845,"/Date(1702538360000)/",22700,1000,5704100,130573000000,0,true,0
"NKG",141845,"/Date(1702538360000)/",22700,100,5703100,130550000000,0,true,0
"NKG",141845,"/Date(1702538360000)/",22700,100,5703000,130548000000,0,true,0
"NKG",141845,"/Date(1702538360000)/",22700,200,5702900,130546000000,0,true,0
"NKG",141845,"/Date(1702538360000)/",22700,500,5702700,130541000000,0,true,0
"NKG",141845,"/Date(1702538360000)/",22700,3000,5702200,130530000000,0,true,0
"NKG",141845,"/Date(1702538360000)/",22700,1500,5699200,130462000000,0,true,0
"NKG",141845,"/Date(1702538360000)/",22700,100,5697700,130428000000,0,true,0
"NKG",141845,"/Date(1702538360000)/",22700,1000,5697600,130426000000,0,true,0
"NKG",141845,"/Date(1702538360000)/",22700,2000,5696600,130403000000,0,true,0
"NKG",141845,"/Date(1702538360000)/",22700,100,5694600,130358000000,0,true,0
"NKG",141841,"/Date(1702538355000)/",22750,900,5694500,130355000000,50,false,0.22
"NKG",141841,"/Date(1702538355000)/",22750,500,5693600,130335000000,50,false,0.22
"NKG",141841,"/Date(1702538355000)/",22750,8600,5693100,130323000000,50,false,0.22
"NKG",141829,"/Date(1702538345000)/",22750,1000,5684500,130128000000,50,false,0.22
"NKG",141829,"/Date(1702538344000)/",22750,500,5683500,130105000000,50,false,0.22
"NKG",141819,"/Date(1702538335000)/",22750,500,5683000,130094000000,50,true,0.22
"NKG",141819,"/Date(1702538335000)/",22750,400,5682500,130082000000,50,true,0.22
"NKG",141819,"/Date(1702538335000)/",22750,1000,5682100,130073000000,50,true,0.22
"NKG",141819,"/Date(1702538335000)/",22750,200,5681100,130050000000,50,true,0.22
"NKG",141819,"/Date(1702538335000)/",22750,700,5680900,130046000000,50,true,0.22
"NKG",141819,"/Date(1702538335000)/",22750,4100,5680200,130030000000,50,true,0.22
"NKG",141816,"/Date(1702538331000)/",22750,15900,5676100,129937000000,50,true,0.22
"NKG",141816,"/Date(1702538331000)/",22750,6600,5660200,129575000000,50,true,0.22
"NKG",141813,"/Date(1702538327000)/",22750,5000,5653600,129425000000,50,true,0.22
"NKG",141809,"/Date(1702538324000)/",22750,900,5648600,129311000000,50,true,0.22
"NKG",141809,"/Date(1702538323000)/",22750,7500,5647700,129291000000,50,true,0.22
"NKG",141809,"/Date(1702538323000)/",22750,10000,5640200,129120000000,50,true,0.22
"NKG",141809,"/Date(1702538323000)/",22750,700,5630200,128892000000,50,true,0.22
"NKG",141809,"/Date(1702538323000)/",22750,3000,5629500,128877000000,50,true,0.22
"NKG",141809,"/Date(1702538323000)/",22750,100,5626500,128808000000,50,true,0.22
"NKG",141809,"/Date(1702538323000)/",22750,500,5626400,128806000000,50,true,0.22
"NKG",141809,"/Date(1702538323000)/",22750,300,5625900,128795000000,50,true,0.22
"NKG",141809,"/Date(1702538323000)/",22750,100,5625600,128788000000,50,true,0.22
"NKG",141809,"/Date(1702538323000)/",22750,100,5625500,128786000000,50,true,0.22
"NKG",141809,"/Date(1702538323000)/",22750,1500,5625400,128783000000,50,true,0.22
"NKG",141809,"/Date(1702538323000)/",22750,2000,5623900,128749000000,50,true,0.22
"NKG",141809,"/Date(1702538323000)/",22750,4200,5621900,128704000000,50,true,0.22
"NKG",141800,"/Date(1702538314000)/",22750,800,5617700,128608000000,50,true,0.22
"NKG",141800,"/Date(1702538314000)/",22750,100,5616900,128590000000,50,true,0.22
"NKG",141800,"/Date(1702538314000)/",22750,100,5616800,128588000000,50,true,0.22
"NKG",141800,"/Date(1702538314000)/",22750,100,5616700,128585000000,50,true,0.22
"NKG",141800,"/Date(1702538314000)/",22750,5000,5616600,128583000000,50,true,0.22
"NKG",141800,"/Date(1702538314000)/",22750,300,5611600,128469000000,50,true,0.22
"NKG",141728,"/Date(1702538284000)/",22800,1000,5611300,128462000000,100,false,0.44
"NKG",141725,"/Date(1702538280000)/",22750,700,5610300,128440000000,50,true,0.22
"NKG",141725,"/Date(1702538280000)/",22750,9300,5609600,128424000000,50,true,0.22
"NKG",141718,"/Date(1702538273000)/",22800,200,5600300,128212000000,100,false,0.44
"NKG",141718,"/Date(1702538272000)/",22800,100,5600100,128208000000,100,false,0.44
"NKG",141705,"/Date(1702538261000)/",22800,3000,5600000,128205000000,100,false,0.44
"NKG",141702,"/Date(1702538256000)/",22800,500,5597000,128137000000,100,false,0.44
"NKG",141650,"/Date(1702538245000)/",22800,900,5596500,128126000000,100,false,0.44
"NKG",141650,"/Date(1702538245000)/",22800,100,5595600,128105000000,100,false,0.44
"NKG",141646,"/Date(1702538241000)/",22800,400,5595500,128103000000,100,false,0.44
"NKG",141646,"/Date(1702538241000)/",22800,200,5595100,128094000000,100,false,0.44
"NKG",141646,"/Date(1702538241000)/",22800,2000,5594900,128089000000,100,false,0.44
"NKG",141646,"/Date(1702538241000)/",22800,100,5592900,128043000000,100,false,0.44
"NKG",141646,"/Date(1702538241000)/",22800,7300,5592800,128041000000,100,false,0.44
"NKG",141643,"/Date(1702538238000)/",22800,100,5585500,127875000000,100,false,0.44
"NKG",141643,"/Date(1702538238000)/",22800,500,5585400,127872000000,100,false,0.44
"NKG",141630,"/Date(1702538226000)/",22800,1000,5584900,127861000000,100,false,0.44
"NKG",141624,"/Date(1702538218000)/",22800,100,5583900,127838000000,100,false,0.44
"NKG",141618,"/Date(1702538211000)/",22800,300,5583800,127836000000,100,false,0.44
"NKG",141611,"/Date(1702538207000)/",22800,3000,5583500,127829000000,100,false,0.44
"NKG",141611,"/Date(1702538205000)/",22800,1000,5580500,127761000000,100,false,0.44
"NKG",141608,"/Date(1702538204000)/",22800,100,5579500,127738000000,100,false,0.44
"NKG",141608,"/Date(1702538204000)/",22800,200,5579400,127736000000,100,false,0.44
"NKG",141608,"/Date(1702538202000)/",22800,1000,5579200,127731000000,100,false,0.44
"NKG",141608,"/Date(1702538202000)/",22800,100,5578200,127708000000,100,false,0.44
"NKG",141605,"/Date(1702538200000)/",22800,2000,5578100,127706000000,100,false,0.44
"NKG",141602,"/Date(1702538195000)/",22800,200,5576100,127660000000,100,false,0.44
"NKG",141602,"/Date(1702538194000)/",22800,1000,5575900,127656000000,100,false,0.44
"NKG",141558,"/Date(1702538194000)/",22800,1000,5574900,127633000000,100,true,0.44
"NKG",141558,"/Date(1702538194000)/",22800,2000,5573900,127610000000,100,true,0.44
"NKG",141558,"/Date(1702538194000)/",22800,1100,5571900,127565000000,100,true,0.44
"NKG",141549,"/Date(1702538184000)/",22850,400,5570800,127540000000,150,false,0.66
"NKG",141545,"/Date(1702538180000)/",22800,900,5570400,127530000000,100,true,0.44
"NKG",141545,"/Date(1702538180000)/",22800,1600,5569500,127510000000,100,true,0.44
"NKG",141545,"/Date(1702538180000)/",22800,500,5567900,127473000000,100,true,0.44
"NKG",141545,"/Date(1702538180000)/",22800,2000,5567400,127462000000,100,true,0.44
"NKG",141520,"/Date(1702538156000)/",22800,3900,5565400,127416000000,100,true,0.44
"NKG",141513,"/Date(1702538148000)/",22800,14100,5561500,127327000000,100,true,0.44
"NKG",141513,"/Date(1702538148000)/",22800,1000,5547400,127006000000,100,true,0.44
"NKG",141513,"/Date(1702538148000)/",22800,1000,5546400,126983000000,100,true,0.44
"NKG",141513,"/Date(1702538148000)/",22800,100,5545400,126960000000,100,true,0.44
"NKG",141513,"/Date(1702538148000)/",22800,700,5545300,126958000000,100,true,0.44
"NKG",141513,"/Date(1702538148000)/",22800,1000,5544600,126942000000,100,true,0.44
"NKG",141513,"/Date(1702538148000)/",22800,2100,5543600,126919000000,100,true,0.44
"NKG",141513,"/Date(1702538148000)/",22800,2900,5541500,126871000000,100,true,0.44
"NKG",141513,"/Date(1702538148000)/",22800,1000,5538600,126805000000,100,true,0.44
"NKG",141513,"/Date(1702538148000)/",22800,500,5537600,126783000000,100,true,0.44
"NKG",141513,"/Date(1702538148000)/",22800,500,5537100,126771000000,100,true,0.44
"NKG",141513,"/Date(1702538148000)/",22800,300,5536600,126760000000,100,true,0.44
"NKG",141513,"/Date(1702538148000)/",22800,500,5536300,126753000000,100,true,0.44
"NKG",141513,"/Date(1702538148000)/",22800,400,5535800,126742000000,100,true,0.44
"NKG",141513,"/Date(1702538148000)/",22800,10000,5535400,126732000000,100,true,0.44
"NKG",141513,"/Date(1702538148000)/",22800,400,5525400,126504000000,100,true,0.44
"NKG",141513,"/Date(1702538148000)/",22800,100,5525000,126495000000,100,true,0.44
"NKG",141513,"/Date(1702538148000)/",22800,2000,5524900,126493000000,100,true,0.44
"NKG",141513,"/Date(1702538148000)/",22800,5000,5522900,126447000000,100,true,0.44
"NKG",141513,"/Date(1702538148000)/",22800,1000,5517900,126333000000,100,true,0.44
"NKG",141513,"/Date(1702538148000)/",22800,5000,5516900,126311000000,100,true,0.44
"NKG",141513,"/Date(1702538148000)/",22800,2000,5511900,126197000000,100,true,0.44
"NKG",141513,"/Date(1702538148000)/",22800,10000,5509900,126151000000,100,true,0.44
"NKG",141513,"/Date(1702538148000)/",22800,5000,5499900,125923000000,100,true,0.44
"NKG",141513,"/Date(1702538148000)/",22800,1000,5494900,125809000000,100,true,0.44
"NKG",141513,"/Date(1702538148000)/",22800,2000,5493900,125786000000,100,true,0.44
"NKG",141513,"/Date(1702538148000)/",22800,400,5491900,125741000000,100,true,0.44
"NKG",141507,"/Date(1702538140000)/",22850,100,5491500,125731000000,150,true,0.66
"NKG",141507,"/Date(1702538140000)/",22850,3000,5491400,125729000000,150,true,0.66
"NKG",141507,"/Date(1702538140000)/",22850,2200,5488400,125661000000,150,true,0.66
"NKG",141507,"/Date(1702538140000)/",22850,200,5486200,125610000000,150,true,0.66
"NKG",141507,"/Date(1702538140000)/",22850,15000,5486000,125606000000,150,true,0.66
"NKG",141507,"/Date(1702538140000)/",22850,5300,5471000,125263000000,150,true,0.66
"NKG",141507,"/Date(1702538140000)/",22850,5000,5465700,125142000000,150,true,0.66
"NKG",141507,"/Date(1702538140000)/",22850,500,5460700,125028000000,150,true,0.66
"NKG",141507,"/Date(1702538140000)/",22850,2000,5460200,125016000000,150,true,0.66
"NKG",141507,"/Date(1702538140000)/",22850,5000,5458200,124971000000,150,true,0.66
"NKG",141507,"/Date(1702538140000)/",22850,600,5453200,124856000000,150,true,0.66
"NKG",141507,"/Date(1702538140000)/",22850,100,5452600,124843000000,150,true,0.66
"NKG",141507,"/Date(1702538140000)/",22850,100,5452500,124840000000,150,true,0.66
"NKG",141507,"/Date(1702538140000)/",22850,5000,5452400,124838000000,150,true,0.66
"NKG",141507,"/Date(1702538140000)/",22850,5000,5447400,124724000000,150,true,0.66
"NKG",141507,"/Date(1702538140000)/",22850,200,5442400,124610000000,150,true,0.66
"NKG",141507,"/Date(1702538140000)/",22850,2300,5442200,124605000000,150,true,0.66
"NKG",141507,"/Date(1702538140000)/",22850,10000,5439900,124552000000,150,true,0.66
"NKG",141507,"/Date(1702538140000)/",22850,5000,5429900,124324000000,150,true,0.66
"NKG",141507,"/Date(1702538140000)/",22850,2000,5424900,124210000000,150,true,0.66
"NKG",141507,"/Date(1702538140000)/",22850,100,5422900,124164000000,150,true,0.66
"NKG",141507,"/Date(1702538140000)/",22850,500,5422800,124162000000,150,true,0.66
"NKG",141507,"/Date(1702538140000)/",22850,2000,5422300,124150000000,150,true,0.66
"NKG",141507,"/Date(1702538140000)/",22850,600,5420300,124105000000,150,true,0.66
"NKG",141457,"/Date(1702538132000)/",22900,900,5419700,124091000000,200,false,0.88
"NKG",141441,"/Date(1702538116000)/",22900,100,5418800,124070000000,200,false,0.88
"NKG",141438,"/Date(1702538114000)/",22900,100,5418700,124068000000,200,false,0.88
"NKG",141438,"/Date(1702538113000)/",22900,500,5418600,124066000000,200,false,0.88
"NKG",141425,"/Date(1702538099000)/",22900,500,5418100,124054000000,200,false,0.88
"NKG",141422,"/Date(1702538096000)/",22900,200,5417600,124043000000,200,false,0.88
"NKG",141419,"/Date(1702538094000)/",22900,10000,5417400,124038000000,200,false,0.88
"NKG",141413,"/Date(1702538089000)/",22900,1200,5407400,123809000000,200,false,0.88
"NKG",141413,"/Date(1702538087000)/",22900,100,5406200,123782000000,200,false,0.88
"NKG",141400,"/Date(1702538074000)/",22900,1000,5406100,123779000000,200,false,0.88
"NKG",141357,"/Date(1702538073000)/",22900,200,5405100,123757000000,200,false,0.88
"NKG",141347,"/Date(1702538063000)/",22900,1300,5404900,123752000000,200,false,0.88
"NKG",141347,"/Date(1702538061000)/",22900,1000,5403600,123722000000,200,false,0.88
"NKG",141318,"/Date(1702538032000)/",22900,1000,5402600,123699000000,200,false,0.88
"NKG",141318,"/Date(1702538032000)/",22900,1200,5401600,123676000000,200,false,0.88
"NKG",141253,"/Date(1702538006000)/",22950,2000,5400400,123649000000,250,false,1.1
"NKG",141246,"/Date(1702537999000)/",22900,800,5398400,123603000000,200,true,0.88
"NKG",141246,"/Date(1702537999000)/",22900,200,5397600,123585000000,200,true,0.88
"NKG",141246,"/Date(1702537999000)/",22900,3000,5397400,123580000000,200,true,0.88
"NKG",141246,"/Date(1702537999000)/",22900,6000,5394400,123511000000,200,true,0.88
"NKG",141246,"/Date(1702537999000)/",22900,2000,5388400,123374000000,200,true,0.88
"NKG",141246,"/Date(1702537999000)/",22900,5000,5386400,123328000000,200,true,0.88
"NKG",141246,"/Date(1702537999000)/",22900,500,5381400,123214000000,200,true,0.88
"NKG",141246,"/Date(1702537999000)/",22900,2500,5380900,123202000000,200,true,0.88
"NKG",141217,"/Date(1702537972000)/",22950,500,5378400,123145000000,250,false,1.1
"NKG",141211,"/Date(1702537967000)/",22950,200,5377900,123134000000,250,false,1.1
"NKG",141201,"/Date(1702537954000)/",22950,400,5377700,123129000000,250,false,1.1
"NKG",141149,"/Date(1702537942000)/",22950,600,5377300,123120000000,250,false,1.1
"NKG",141149,"/Date(1702537941000)/",22950,4400,5376700,123106000000,250,false,1.1
"NKG",141149,"/Date(1702537941000)/",22950,100,5372300,123005000000,250,false,1.1
"NKG",141126,"/Date(1702537922000)/",22900,2300,5372200,123003000000,200,true,0.88
"NKG",141120,"/Date(1702537914000)/",22900,200,5369900,122950000000,200,true,0.88
"NKG",141054,"/Date(1702537888000)/",22950,400,5369700,122945000000,250,false,1.1
"NKG",141054,"/Date(1702537888000)/",22950,1600,5369300,122936000000,250,false,1.1
"NKG",141045,"/Date(1702537878000)/",22950,300,5367700,122900000000,250,false,1.1
"NKG",141019,"/Date(1702537855000)/",22950,100,5367400,122893000000,250,false,1.1
"NKG",140954,"/Date(1702537828000)/",22950,1000,5367300,122890000000,250,false,1.1
"NKG",140954,"/Date(1702537828000)/",22950,500,5366300,122867000000,250,false,1.1
"NKG",140954,"/Date(1702537828000)/",22900,800,5365800,122856000000,200,false,0.88
"NKG",140954,"/Date(1702537828000)/",22900,400,5365000,122838000000,200,false,0.88
"NKG",140954,"/Date(1702537828000)/",22900,100,5364600,122828000000,200,false,0.88
"NKG",140954,"/Date(1702537828000)/",22900,200,5364500,122826000000,200,false,0.88
"NKG",140954,"/Date(1702537826000)/",22900,100,5364300,122822000000,200,false,0.88
"NKG",140947,"/Date(1702537822000)/",22900,400,5364200,122819000000,200,false,0.88
"NKG",140947,"/Date(1702537822000)/",22900,600,5363800,122810000000,200,false,0.88
"NKG",140947,"/Date(1702537820000)/",22900,900,5363200,122796000000,200,false,0.88
"NKG",140947,"/Date(1702537820000)/",22900,100,5362300,122776000000,200,false,0.88
"NKG",140944,"/Date(1702537819000)/",22900,2000,5362200,122774000000,200,false,0.88
"NKG",140944,"/Date(1702537817000)/",22900,200,5360200,122728000000,200,false,0.88
"NKG",140941,"/Date(1702537816000)/",22900,1800,5360000,122723000000,200,false,0.88
"NKG",140941,"/Date(1702537815000)/",22900,900,5358200,122682000000,200,false,0.88
"NKG",140941,"/Date(1702537815000)/",22900,100,5357300,122661000000,200,false,0.88
"NKG",140934,"/Date(1702537810000)/",22900,5900,5357200,122659000000,200,false,0.88
"NKG",140934,"/Date(1702537810000)/",22900,500,5351300,122524000000,200,false,0.88
"NKG",140934,"/Date(1702537810000)/",22900,5000,5350800,122512000000,200,false,0.88
"NKG",140934,"/Date(1702537810000)/",22900,200,5345800,122398000000,200,false,0.88
"NKG",140934,"/Date(1702537810000)/",22900,1100,5345600,122393000000,200,false,0.88
"NKG",140934,"/Date(1702537810000)/",22900,100,5344500,122368000000,200,false,0.88
"NKG",140934,"/Date(1702537810000)/",22900,1000,5344400,122366000000,200,false,0.88
"NKG",140934,"/Date(1702537810000)/",22900,1000,5343400,122343000000,200,false,0.88
"NKG",140934,"/Date(1702537810000)/",22900,5200,5342400,122320000000,200,false,0.88
"NKG",140934,"/Date(1702537807000)/",22900,800,5337200,122201000000,200,false,0.88
"NKG",140931,"/Date(1702537807000)/",22900,1000,5336400,122183000000,200,false,0.88
"NKG",140931,"/Date(1702537805000)/",22900,2000,5335400,122160000000,200,false,0.88
"NKG",140928,"/Date(1702537801000)/",22900,600,5333400,122114000000,200,false,0.88
"NKG",140922,"/Date(1702537796000)/",22900,900,5332800,122100000000,200,false,0.88
"NKG",140922,"/Date(1702537796000)/",22900,1000,5331900,122080000000,200,false,0.88
"NKG",140922,"/Date(1702537795000)/",22900,2000,5330900,122057000000,200,false,0.88
"NKG",140918,"/Date(1702537793000)/",22900,1000,5328900,122011000000,200,false,0.88
"NKG",140915,"/Date(1702537790000)/",22900,10000,5327900,121988000000,200,false,0.88
"NKG",140915,"/Date(1702537789000)/",22900,200,5317900,121759000000,200,false,0.88
"NKG",140909,"/Date(1702537781000)/",22900,3500,5317700,121754000000,200,false,0.88
"NKG",140909,"/Date(1702537781000)/",22900,5000,5314200,121674000000,200,false,0.88
"NKG",140856,"/Date(1702537770000)/",22900,2000,5309200,121560000000,200,false,0.88
"NKG",140853,"/Date(1702537768000)/",22900,5000,5307200,121514000000,200,false,0.88
"NKG",140850,"/Date(1702537763000)/",22900,200,5302200,121400000000,200,false,0.88
"NKG",140818,"/Date(1702537730000)/",22850,100,5302000,121395000000,150,true,0.66
"NKG",140815,"/Date(1702537728000)/",22900,1000,5301900,121393000000,200,false,0.88
"NKG",140802,"/Date(1702537716000)/",22850,200,5300900,121370000000,150,false,0.66
"NKG",140802,"/Date(1702537716000)/",22850,100,5300700,121365000000,150,false,0.66
"NKG",140755,"/Date(1702537710000)/",22850,400,5300600,121363000000,150,false,0.66
"NKG",140755,"/Date(1702537710000)/",22850,1500,5300200,121354000000,150,false,0.66
"NKG",140755,"/Date(1702537710000)/",22850,100,5298700,121319000000,150,false,0.66
"NKG",140755,"/Date(1702537710000)/",22850,100,5298600,121317000000,150,false,0.66
"NKG",140755,"/Date(1702537708000)/",22850,1000,5298500,121315000000,150,false,0.66
"NKG",140755,"/Date(1702537708000)/",22850,800,5297500,121292000000,150,false,0.66
"NKG",140755,"/Date(1702537708000)/",22850,1200,5296700,121274000000,150,false,0.66
"NKG",140752,"/Date(1702537706000)/",22850,37700,5295500,121246000000,150,false,0.66
"NKG",140752,"/Date(1702537705000)/",22850,1400,5257800,120385000000,150,false,0.66
"NKG",140743,"/Date(1702537697000)/",22850,500,5256400,120353000000,150,false,0.66
"NKG",140743,"/Date(1702537696000)/",22850,800,5255900,120341000000,150,false,0.66
"NKG",140733,"/Date(1702537687000)/",22800,100,5255100,120323000000,100,true,0.44
"NKG",140730,"/Date(1702537684000)/",22850,100,5255000,120321000000,150,false,0.66
"NKG",140727,"/Date(1702537680000)/",22850,2000,5254900,120319000000,150,false,0.66
"NKG",140723,"/Date(1702537677000)/",22850,6300,5252900,120273000000,150,false,0.66
"NKG",140723,"/Date(1702537677000)/",22850,3700,5246600,120129000000,150,false,0.66
"NKG",140714,"/Date(1702537667000)/",22800,100,5242900,120044000000,100,true,0.44
"NKG",140707,"/Date(1702537662000)/",22850,10000,5242800,120042000000,150,false,0.66
"NKG",140704,"/Date(1702537659000)/",22850,1500,5232800,119814000000,150,false,0.66
"NKG",140704,"/Date(1702537658000)/",22800,400,5231300,119779000000,100,true,0.44
"NKG",140704,"/Date(1702537658000)/",22800,1000,5230900,119770000000,100,true,0.44
"NKG",140704,"/Date(1702537658000)/",22800,100,5229900,119747000000,100,true,0.44
"NKG",140704,"/Date(1702537658000)/",22800,500,5229800,119745000000,100,true,0.44
"NKG",140658,"/Date(1702537652000)/",22850,2000,5229300,119734000000,150,false,0.66
"NKG",140658,"/Date(1702537652000)/",22850,10000,5227300,119688000000,150,false,0.66
"NKG",140658,"/Date(1702537650000)/",22850,200,5217300,119460000000,150,false,0.66
"NKG",140655,"/Date(1702537648000)/",22850,800,5217100,119455000000,150,false,0.66
"NKG",140651,"/Date(1702537644000)/",22850,100,5216300,119437000000,150,false,0.66
"NKG",140645,"/Date(1702537639000)/",22850,200,5216200,119434000000,150,false,0.66
"NKG",140642,"/Date(1702537637000)/",22850,300,5216000,119430000000,150,false,0.66
"NKG",140629,"/Date(1702537622000)/",22850,800,5215700,119423000000,150,false,0.66
"NKG",140557,"/Date(1702537592000)/",22850,800,5214900,119405000000,150,false,0.66
"NKG",140554,"/Date(1702537588000)/",22800,2500,5214100,119386000000,100,true,0.44
"NKG",140554,"/Date(1702537588000)/",22800,100,5211600,119329000000,100,true,0.44
"NKG",140554,"/Date(1702537588000)/",22800,6400,5211500,119327000000,100,true,0.44
"NKG",140554,"/Date(1702537586000)/",22850,100,5205100,119181000000,150,true,0.66
"NKG",140554,"/Date(1702537586000)/",22850,2000,5205000,119179000000,150,true,0.66
"NKG",140554,"/Date(1702537586000)/",22850,800,5203000,119133000000,150,true,0.66
"NKG",140554,"/Date(1702537586000)/",22850,10000,5202200,119115000000,150,true,0.66
"NKG",140554,"/Date(1702537586000)/",22850,6700,5192200,118887000000,150,true,0.66
"NKG",140544,"/Date(1702537578000)/",22900,800,5185500,118733000000,200,false,0.88
"NKG",140538,"/Date(1702537571000)/",22900,500,5184700,118715000000,200,false,0.88
"NKG",140532,"/Date(1702537565000)/",22850,200,5184200,118704000000,150,true,0.66
"NKG",140522,"/Date(1702537556000)/",22900,100,5184000,118699000000,200,false,0.88
"NKG",140519,"/Date(1702537551000)/",22850,100,5183900,118697000000,150,true,0.66
"NKG",140519,"/Date(1702537551000)/",22850,100,5183800,118695000000,150,true,0.66
"NKG",140516,"/Date(1702537550000)/",22900,800,5183700,118692000000,200,false,0.88
"NKG",140512,"/Date(1702537545000)/",22900,100,5182900,118674000000,200,false,0.88
"NKG",140506,"/Date(1702537538000)/",22850,1000,5182800,118672000000,150,false,0.66
"NKG",140506,"/Date(1702537538000)/",22850,200,5181800,118649000000,150,false,0.66
"NKG",140506,"/Date(1702537538000)/",22850,5200,5181600,118644000000,150,false,0.66
"NKG",140506,"/Date(1702537538000)/",22850,100,5176400,118525000000,150,false,0.66
"NKG",140500,"/Date(1702537532000)/",22850,1700,5176300,118523000000,150,false,0.66
"NKG",140500,"/Date(1702537532000)/",22850,200,5174600,118484000000,150,false,0.66
"NKG",140500,"/Date(1702537532000)/",22850,2800,5174400,118480000000,150,false,0.66
"NKG",140500,"/Date(1702537532000)/",22850,500,5171600,118416000000,150,false,0.66
"NKG",140500,"/Date(1702537532000)/",22850,1000,5171100,118404000000,150,false,0.66
"NKG",140500,"/Date(1702537532000)/",22850,3800,5170100,118381000000,150,false,0.66
"NKG",140447,"/Date(1702537519000)/",22850,800,5166300,118295000000,150,false,0.66
"NKG",140444,"/Date(1702537516000)/",22800,10000,5165500,118276000000,100,true,0.44
"NKG",140437,"/Date(1702537511000)/",22800,2000,5155500,118048000000,100,true,0.44
"NKG",140434,"/Date(1702537507000)/",22800,21600,5153500,118003000000,100,true,0.44
"NKG",140434,"/Date(1702537507000)/",22800,5000,5131900,117510000000,100,true,0.44
"NKG",140434,"/Date(1702537507000)/",22800,1000,5126900,117396000000,100,true,0.44
"NKG",140434,"/Date(1702537507000)/",22800,300,5125900,117373000000,100,true,0.44
"NKG",140434,"/Date(1702537507000)/",22800,500,5125600,117367000000,100,true,0.44
"NKG",140434,"/Date(1702537507000)/",22800,21600,5125100,117355000000,100,true,0.44
"NKG",140431,"/Date(1702537504000)/",22850,2000,5103500,116863000000,150,false,0.66
"NKG",140428,"/Date(1702537501000)/",22850,1000,5101500,116817000000,150,false,0.66
"NKG",140412,"/Date(1702537485000)/",22800,3400,5100500,116794000000,100,false,0.44
"NKG",140409,"/Date(1702537483000)/",22800,100,5097100,116717000000,100,false,0.44
"NKG",140409,"/Date(1702537483000)/",22800,1000,5097000,116714000000,100,false,0.44
"NKG",140405,"/Date(1702537480000)/",22800,4000,5096000,116692000000,100,false,0.44
"NKG",140405,"/Date(1702537480000)/",22800,2000,5092000,116600000000,100,false,0.44
"NKG",140405,"/Date(1702537480000)/",22800,1000,5090000,116555000000,100,false,0.44
"NKG",140405,"/Date(1702537480000)/",22800,3000,5089000,116532000000,100,false,0.44
"NKG",140405,"/Date(1702537479000)/",22750,700,5086000,116464000000,50,true,0.22
"NKG",140402,"/Date(1702537477000)/",22800,2000,5085300,116448000000,100,false,0.44
"NKG",140402,"/Date(1702537477000)/",22800,100,5083300,116402000000,100,false,0.44
"NKG",140402,"/Date(1702537477000)/",22800,12900,5083200,116400000000,100,false,0.44
"NKG",140402,"/Date(1702537476000)/",22750,15000,5070300,116106000000,50,true,0.22
"NKG",140359,"/Date(1702537471000)/",22800,200,5055300,115764000000,100,false,0.44
"NKG",140353,"/Date(1702537466000)/",22750,6000,5055100,115760000000,50,true,0.22
"NKG",140353,"/Date(1702537466000)/",22750,100,5049100,115623000000,50,true,0.22
"NKG",140353,"/Date(1702537466000)/",22750,2000,5049000,115621000000,50,true,0.22
"NKG",140353,"/Date(1702537466000)/",22750,200,5047000,115576000000,50,true,0.22
"NKG",140353,"/Date(1702537466000)/",22750,100,5046800,115571000000,50,true,0.22
"NKG",140353,"/Date(1702537466000)/",22750,300,5046700,115569000000,50,true,0.22
"NKG",140353,"/Date(1702537466000)/",22750,600,5046400,115562000000,50,true,0.22
"NKG",140353,"/Date(1702537466000)/",22750,1000,5045800,115548000000,50,true,0.22
"NKG",140353,"/Date(1702537466000)/",22750,100,5044800,115525000000,50,true,0.22
"NKG",140353,"/Date(1702537466000)/",22750,200,5044700,115523000000,50,true,0.22
"NKG",140353,"/Date(1702537466000)/",22750,500,5044500,115519000000,50,true,0.22
"NKG",140353,"/Date(1702537466000)/",22750,1000,5044000,115507000000,50,true,0.22
"NKG",140353,"/Date(1702537466000)/",22750,500,5043000,115485000000,50,true,0.22
"NKG",140353,"/Date(1702537466000)/",22750,300,5042500,115473000000,50,true,0.22
"NKG",140353,"/Date(1702537466000)/",22750,500,5042200,115466000000,50,true,0.22
"NKG",140353,"/Date(1702537466000)/",22750,100,5041700,115455000000,50,true,0.22
"NKG",140353,"/Date(1702537466000)/",22750,1000,5041600,115453000000,50,true,0.22
"NKG",140353,"/Date(1702537466000)/",22750,100,5040600,115430000000,50,true,0.22
"NKG",140340,"/Date(1702537455000)/",22800,100,5040500,115428000000,100,false,0.44
"NKG",140340,"/Date(1702537453000)/",22750,100,5040400,115425000000,50,true,0.22
"NKG",140333,"/Date(1702537445000)/",22750,100,5040300,115423000000,50,true,0.22
"NKG",140330,"/Date(1702537445000)/",22800,100,5040200,115421000000,100,false,0.44
"NKG",140327,"/Date(1702537441000)/",22750,600,5040100,115419000000,50,true,0.22
"NKG",140314,"/Date(1702537428000)/",22750,100,5039500,115405000000,50,true,0.22
"NKG",140314,"/Date(1702537428000)/",22750,200,5039400,115403000000,50,true,0.22
"NKG",140314,"/Date(1702537428000)/",22750,1000,5039200,115398000000,50,true,0.22
"NKG",140314,"/Date(1702537428000)/",22750,1000,5038200,115375000000,50,true,0.22
"NKG",140314,"/Date(1702537428000)/",22750,2000,5037200,115353000000,50,true,0.22
"NKG",140314,"/Date(1702537428000)/",22750,300,5035200,115307000000,50,true,0.22
"NKG",140314,"/Date(1702537428000)/",22750,1100,5034900,115300000000,50,true,0.22
"NKG",140305,"/Date(1702537419000)/",22750,1900,5033800,115275000000,50,true,0.22
"NKG",140301,"/Date(1702537415000)/",22750,1000,5031900,115232000000,50,true,0.22
"NKG",140258,"/Date(1702537411000)/",22750,500,5030900,115209000000,50,true,0.22
"NKG",140258,"/Date(1702537411000)/",22800,1000,5030400,115198000000,100,false,0.44
"NKG",140252,"/Date(1702537407000)/",22800,100,5029400,115175000000,100,false,0.44
"NKG",140245,"/Date(1702537398000)/",22800,100,5029300,115173000000,100,false,0.44
"NKG",140242,"/Date(1702537396000)/",22800,100,5029200,115171000000,100,true,0.44
"NKG",140242,"/Date(1702537396000)/",22800,5000,5029100,115168000000,100,true,0.44
"NKG",140242,"/Date(1702537396000)/",22800,100,5024100,115054000000,100,true,0.44
"NKG",140242,"/Date(1702537396000)/",22800,200,5024000,115052000000,100,true,0.44
"NKG",140242,"/Date(1702537396000)/",22800,200,5023800,115047000000,100,true,0.44
"NKG",140242,"/Date(1702537396000)/",22800,1000,5023600,115043000000,100,true,0.44
"NKG",140242,"/Date(1702537396000)/",22800,100,5022600,115020000000,100,true,0.44
"NKG",140242,"/Date(1702537396000)/",22800,100,5022500,115018000000,100,true,0.44
"NKG",140242,"/Date(1702537396000)/",22800,100,5022400,115015000000,100,true,0.44
"NKG",140242,"/Date(1702537396000)/",22800,100,5022300,115013000000,100,true,0.44
"NKG",140242,"/Date(1702537396000)/",22800,100,5022200,115011000000,100,true,0.44
"NKG",140242,"/Date(1702537396000)/",22800,1000,5022100,115009000000,100,true,0.44
"NKG",140242,"/Date(1702537396000)/",22800,100,5021100,114986000000,100,true,0.44
"NKG",140242,"/Date(1702537396000)/",22800,300,5021000,114984000000,100,true,0.44
"NKG",140242,"/Date(1702537396000)/",22800,1000,5020700,114977000000,100,true,0.44
"NKG",140242,"/Date(1702537396000)/",22800,500,5019700,114954000000,100,true,0.44
"NKG",140242,"/Date(1702537396000)/",22800,1000,5019200,114943000000,100,true,0.44
"NKG",140242,"/Date(1702537396000)/",22800,2000,5018200,114920000000,100,true,0.44
"NKG",140242,"/Date(1702537396000)/",22800,100,5016200,114874000000,100,true,0.44
"NKG",140242,"/Date(1702537396000)/",22800,500,5016100,114872000000,100,true,0.44
"NKG",140242,"/Date(1702537396000)/",22800,200,5015600,114860000000,100,true,0.44
"NKG",140242,"/Date(1702537396000)/",22800,100,5015400,114856000000,100,true,0.44
"NKG",140242,"/Date(1702537396000)/",22800,500,5015300,114854000000,100,true,0.44
"NKG",140242,"/Date(1702537396000)/",22800,100,5014800,114842000000,100,true,0.44
"NKG",140242,"/Date(1702537396000)/",22800,600,5014700,114840000000,100,true,0.44
"NKG",140242,"/Date(1702537396000)/",22800,100,5014100,114826000000,100,true,0.44
"NKG",140242,"/Date(1702537396000)/",22800,100,5014000,114824000000,100,true,0.44
"NKG",140242,"/Date(1702537396000)/",22800,100,5013900,114822000000,100,true,0.44
"NKG",140242,"/Date(1702537396000)/",22800,100,5013800,114819000000,100,true,0.44
"NKG",140242,"/Date(1702537396000)/",22800,100,5013700,114817000000,100,true,0.44
"NKG",140242,"/Date(1702537396000)/",22800,2000,5013600,114815000000,100,true,0.44
"NKG",140242,"/Date(1702537396000)/",22800,100,5011600,114769000000,100,true,0.44
"NKG",140242,"/Date(1702537396000)/",22800,200,5011500,114767000000,100,true,0.44
"NKG",140242,"/Date(1702537396000)/",22800,500,5011300,114762000000,100,true,0.44
"NKG",140242,"/Date(1702537396000)/",22800,5000,5010800,114751000000,100,true,0.44
"NKG",140242,"/Date(1702537396000)/",22800,100,5005800,114637000000,100,true,0.44
"NKG",140242,"/Date(1702537396000)/",22800,2000,5005700,114635000000,100,true,0.44
"NKG",140242,"/Date(1702537394000)/",22850,800,5003700,114589000000,150,false,0.66
"NKG",140239,"/Date(1702537391000)/",22800,1000,5002900,114571000000,100,true,0.44
"NKG",140236,"/Date(1702537390000)/",22800,2000,5001900,114548000000,100,true,0.44
"NKG",140236,"/Date(1702537390000)/",22800,1000,4999900,114502000000,100,true,0.44
"NKG",140236,"/Date(1702537390000)/",22800,5000,4998900,114480000000,100,true,0.44
"NKG",140236,"/Date(1702537390000)/",22800,500,4993900,114366000000,100,true,0.44
"NKG",140236,"/Date(1702537390000)/",22800,1500,4993400,114354000000,100,true,0.44
"NKG",140229,"/Date(1702537382000)/",22800,2000,4991900,114320000000,100,true,0.44
"NKG",140223,"/Date(1702537377000)/",22800,1500,4989900,114274000000,100,true,0.44
"NKG",140223,"/Date(1702537377000)/",22800,100,4988400,114240000000,100,true,0.44
"NKG",140223,"/Date(1702537377000)/",22800,300,4988300,114238000000,100,true,0.44
"NKG",140223,"/Date(1702537375000)/",22850,800,4988000,114231000000,150,false,0.66
"NKG",140204,"/Date(1702537356000)/",22850,800,4987200,114213000000,150,false,0.66
"NKG",140157,"/Date(1702537352000)/",22800,700,4986400,114195000000,100,true,0.44
"NKG",140157,"/Date(1702537352000)/",22800,200,4985700,114179000000,100,true,0.44
"NKG",140157,"/Date(1702537352000)/",22800,100,4985500,114174000000,100,true,0.44
"NKG",140138,"/Date(1702537332000)/",22850,200,4985400,114172000000,150,false,0.66
"NKG",140138,"/Date(1702537332000)/",22850,600,4985200,114167000000,150,false,0.66
"NKG",140135,"/Date(1702537328000)/",22800,1000,4984600,114153000000,100,true,0.44
"NKG",140135,"/Date(1702537328000)/",22800,100,4983600,114131000000,100,true,0.44
"NKG",140135,"/Date(1702537328000)/",22800,200,4983500,114128000000,100,true,0.44
"NKG",140135,"/Date(1702537327000)/",22800,200,4983300,114124000000,100,true,0.44
"NKG",140119,"/Date(1702537313000)/",22800,1600,4983100,114119000000,100,true,0.44
"NKG",140119,"/Date(1702537313000)/",22800,1500,4981500,114083000000,100,true,0.44
"NKG",140116,"/Date(1702537309000)/",22850,1000,4980000,114049000000,150,false,0.66
"NKG",140113,"/Date(1702537307000)/",22850,1000,4979000,114026000000,150,false,0.66
"NKG",140113,"/Date(1702537305000)/",22850,500,4978000,114003000000,150,false,0.66
"NKG",140103,"/Date(1702537298000)/",22850,1000,4977500,113991000000,150,false,0.66
"NKG",140103,"/Date(1702537298000)/",22850,1000,4976500,113969000000,150,false,0.66
"NKG",140103,"/Date(1702537298000)/",22850,100,4975500,113946000000,150,false,0.66
"NKG",140103,"/Date(1702537298000)/",22850,900,4975400,113943000000,150,false,0.66
"NKG",140100,"/Date(1702537292000)/",22850,700,4974500,113923000000,150,false,0.66
"NKG",140044,"/Date(1702537278000)/",22850,400,4973800,113907000000,150,false,0.66
"NKG",140044,"/Date(1702537278000)/",22850,1100,4973400,113898000000,150,false,0.66
"NKG",140044,"/Date(1702537278000)/",22800,500,4972300,113873000000,100,true,0.44
"NKG",140038,"/Date(1702537272000)/",22850,100,4971800,113861000000,150,false,0.66
"NKG",140038,"/Date(1702537272000)/",22850,400,4971700,113859000000,150,false,0.66
"NKG",140025,"/Date(1702537257000)/",22800,300,4971300,113850000000,100,true,0.44
"NKG",140025,"/Date(1702537257000)/",22800,1000,4971000,113843000000,100,true,0.44
"NKG",140025,"/Date(1702537257000)/",22800,200,4970000,113820000000,100,true,0.44
"NKG",140025,"/Date(1702537257000)/",22800,500,4969800,113816000000,100,true,0.44
"NKG",140025,"/Date(1702537257000)/",22800,1000,4969300,113804000000,100,true,0.44
"NKG",140025,"/Date(1702537257000)/",22800,1000,4968300,113781000000,100,true,0.44
"NKG",140025,"/Date(1702537257000)/",22800,200,4967300,113759000000,100,true,0.44
"NKG",140025,"/Date(1702537257000)/",22800,200,4967100,113754000000,100,true,0.44
"NKG",140025,"/Date(1702537257000)/",22800,600,4966900,113750000000,100,true,0.44
"NKG",140025,"/Date(1702537257000)/",22800,1000,4966300,113736000000,100,true,0.44
"NKG",140025,"/Date(1702537257000)/",22800,1000,4965300,113713000000,100,true,0.44
"NKG",140012,"/Date(1702537244000)/",22800,500,4964300,113690000000,100,true,0.44
"NKG",140012,"/Date(1702537244000)/",22800,1000,4963800,113679000000,100,true,0.44
"NKG",140012,"/Date(1702537244000)/",22800,1000,4962800,113656000000,100,true,0.44
"NKG",140012,"/Date(1702537244000)/",22800,300,4961800,113633000000,100,true,0.44
"NKG",140012,"/Date(1702537244000)/",22800,200,4961500,113626000000,100,true,0.44
"NKG",140006,"/Date(1702537238000)/",22850,600,4961300,113622000000,150,false,0.66
"NKG",140006,"/Date(1702537238000)/",22850,800,4960700,113608000000,150,false,0.66
"NKG",140006,"/Date(1702537238000)/",22850,3600,4959900,113590000000,150,false,0.66
"NKG",135959,"/Date(1702537234000)/",22800,100,4956300,113508000000,100,true,0.44
"NKG",135959,"/Date(1702537234000)/",22800,1000,4956200,113505000000,100,true,0.44
"NKG",135959,"/Date(1702537234000)/",22800,400,4955200,113483000000,100,true,0.44
"NKG",135959,"/Date(1702537234000)/",22800,100,4954800,113473000000,100,true,0.44
"NKG",135959,"/Date(1702537233000)/",22800,200,4954700,113471000000,100,true,0.44
"NKG",135959,"/Date(1702537233000)/",22800,800,4954500,113467000000,100,true,0.44
"NKG",135959,"/Date(1702537232000)/",22850,4000,4953700,113448000000,150,false,0.66
"NKG",135950,"/Date(1702537223000)/",22800,100,4949700,113357000000,100,true,0.44
"NKG",135947,"/Date(1702537220000)/",22850,100,4949600,113355000000,150,false,0.66
"NKG",135924,"/Date(1702537197000)/",22850,200,4949500,113352000000,150,false,0.66
"NKG",135924,"/Date(1702537196000)/",22850,100,4949300,113348000000,150,false,0.66
"NKG",135918,"/Date(1702537191000)/",22850,100,4949200,113345000000,150,false,0.66
"NKG",135915,"/Date(1702537188000)/",22800,100,4949100,113343000000,100,true,0.44
"NKG",135915,"/Date(1702537188000)/",22800,200,4949000,113341000000,100,true,0.44
"NKG",135915,"/Date(1702537188000)/",22800,200,4948800,113336000000,100,true,0.44
"NKG",135915,"/Date(1702537188000)/",22800,500,4948600,113332000000,100,true,0.44
"NKG",135911,"/Date(1702537185000)/",22850,100,4948100,113320000000,150,false,0.66
"NKG",135905,"/Date(1702537179000)/",22850,100,4948000,113318000000,150,false,0.66
"NKG",135859,"/Date(1702537172000)/",22850,700,4947900,113316000000,150,false,0.66
"NKG",135859,"/Date(1702537172000)/",22850,6100,4947200,113300000000,150,false,0.66
"NKG",135859,"/Date(1702537172000)/",22850,1300,4941100,113160000000,150,false,0.66
"NKG",135859,"/Date(1702537172000)/",22850,1600,4939800,113131000000,150,false,0.66
"NKG",135859,"/Date(1702537171000)/",22850,200,4938200,113094000000,150,false,0.66
"NKG",135859,"/Date(1702537171000)/",22850,300,4938000,113090000000,150,false,0.66
"NKG",135859,"/Date(1702537170000)/",22850,1000,4937700,113083000000,150,false,0.66
"NKG",135859,"/Date(1702537170000)/",22850,1000,4936700,113060000000,150,false,0.66
"NKG",135859,"/Date(1702537170000)/",22850,2000,4935700,113037000000,150,false,0.66
"NKG",135859,"/Date(1702537170000)/",22850,100,4933700,112991000000,150,false,0.66
"NKG",135859,"/Date(1702537170000)/",22850,3000,4933600,112989000000,150,false,0.66
"NKG",135859,"/Date(1702537170000)/",22850,500,4930600,112921000000,150,false,0.66
"NKG",135859,"/Date(1702537170000)/",22850,100,4930100,112909000000,150,false,0.66
