"symbol","time","price","change","vol","total","side"
"DGW","14:45:00",53,-0.9,66900,1919100,
"DGW","14:29:58",53,-0.9,1800,1852200,"B"
"DGW","14:29:50",53,-0.9,1000,1850400,"B"
"DGW","14:29:48",53.1,-0.8,500,1849400,"B"
"DGW","14:29:42",53.1,-0.8,500,1848900,"B"
"DGW","14:29:31",53.1,-0.8,100,1848400,"S"
"DGW","14:29:24",53,-0.9,2100,1848300,"B"
"DGW","14:29:24",53.1,-0.8,800,1846200,"B"
"DGW","14:29:22",53.1,-0.8,1100,1845400,"S"
"DGW","14:29:11",53.1,-0.8,900,1844300,"B"
"DGW","14:28:51",53.1,-0.8,600,1843400,"B"
"DGW","14:28:40",53,-0.9,600,1842800,"S"
"DGW","14:28:39",53,-0.9,8300,1842200,"B"
"DGW","14:28:39",53.1,-0.8,3500,1833900,"B"
"DGW","14:28:39",53.2,-0.7,2800,1830400,"B"
"DGW","14:28:30",53.2,-0.7,1000,1827600,"B"
"DGW","14:28:24",53.2,-0.7,300,1826600,"B"
"DGW","14:28:18",53.2,-0.7,500,1826300,"B"
"DGW","14:28:06",53.2,-0.7,500,1825800,"B"
"DGW","14:28:04",53.2,-0.7,200,1825300,"B"
"DGW","14:27:44",53.2,-0.7,600,1825100,"B"
"DGW","14:27:44",53.3,-0.6,300,1824500,"B"
"DGW","14:27:44",53.4,-0.5,3100,1824200,"B"
"DGW","14:27:28",53.4,-0.5,1500,1821100,"B"
"DGW","14:27:21",53.5,-0.4,100,1819600,"B"
"DGW","14:27:17",53.5,-0.4,500,1819500,"B"
"DGW","14:27:14",53.5,-0.4,100,1819000,"B"
"DGW","14:27:12",53.5,-0.4,700,1818900,"B"
"DGW","14:27:02",53.5,-0.4,200,1818200,"B"
"DGW","14:26:57",53.5,-0.4,1000,1818000,"B"
"DGW","14:26:55",53.5,-0.4,1000,1817000,"B"
"DGW","14:26:41",53.4,-0.5,100,1816000,"B"
"DGW","14:26:25",53.6,-0.3,100,1815900,"B"
"DGW","14:25:50",53.7,-0.2,1800,1815800,"S"
"DGW","14:25:16",53.4,-0.5,100,1814000,"B"
"DGW","14:25:16",53.5,-0.4,100,1813900,"B"
"DGW","14:25:16",53.6,-0.3,100,1813800,"B"
"DGW","14:25:16",53.7,-0.2,100,1813700,"S"
"DGW","14:25:06",53.6,-0.3,100,1813600,"B"
"DGW","14:25:03",53.6,-0.3,200,1813500,"S"
"DGW","14:24:44",53.4,-0.5,100,1813300,"B"
"DGW","14:24:44",53.5,-0.4,900,1813200,"B"
"DGW","14:24:27",53.5,-0.4,100,1812300,"B"
"DGW","14:24:07",53.5,-0.4,1000,1812200,"B"
"DGW","14:24:01",53.5,-0.4,500,1811200,"B"
"DGW","14:23:32",53.7,-0.2,300,1810700,"S"
"DGW","14:23:25",53.5,-0.4,1000,1810400,"B"
"DGW","14:23:21",53.7,-0.2,200,1809400,"S"
"DGW","14:23:15",53.7,-0.2,300,1809200,"S"
"DGW","14:23:13",53.8,-0.1,900,1808900,"S"
"DGW","14:23:13",53.7,-0.2,1000,1808000,"S"
"DGW","14:23:03",53.7,-0.2,300,1807000,"B"
"DGW","14:22:52",53.7,-0.2,200,1806700,"S"
"DGW","14:22:52",53.6,-0.3,600,1806500,"S"
"DGW","14:22:48",53.6,-0.3,500,1805900,"S"
"DGW","14:22:42",53.5,-0.4,6100,1805400,"S"
"DGW","14:22:40",53.5,-0.4,100,1799300,"S"
"DGW","14:22:34",53.5,-0.4,100,1799200,"S"
"DGW","14:22:30",53.5,-0.4,5000,1799100,"S"
"DGW","14:22:25",53.5,-0.4,500,1794100,"S"
"DGW","14:22:21",53.4,-0.5,1800,1793600,"S"
"DGW","14:22:21",53.4,-0.5,200,1791800,"S"
"DGW","14:22:20",53.3,-0.6,1500,1791600,"B"
"DGW","14:22:09",53.4,-0.5,500,1790100,"S"
"DGW","14:22:05",53.4,-0.5,10000,1789600,"S"
"DGW","14:22:04",53.3,-0.6,300,1779600,"S"
"DGW","14:22:02",53.3,-0.6,500,1779300,"B"
"DGW","14:21:49",53.3,-0.6,500,1778800,"B"
"DGW","14:21:48",53.3,-0.6,400,1778300,"S"
"DGW","14:21:25",53.3,-0.6,700,1777900,"B"
"DGW","14:21:06",53.3,-0.6,300,1777200,"B"
"DGW","14:20:52",53.3,-0.6,100,1776900,"B"
"DGW","14:20:50",53.3,-0.6,4900,1776800,"S"
"DGW","14:20:49",53.3,-0.6,10000,1771900,"S"
"DGW","14:20:47",53.2,-0.7,200,1761900,"B"
"DGW","14:20:45",53.3,-0.6,400,1761700,"S"
"DGW","14:20:34",53.2,-0.7,100,1761300,"B"
"DGW","14:20:14",53.2,-0.7,500,1761200,"B"
"DGW","14:19:58",53.2,-0.7,600,1760700,"S"
"DGW","14:19:54",53.2,-0.7,1000,1760100,"S"
"DGW","14:19:48",53.2,-0.7,3000,1759100,"S"
"DGW","14:19:47",53.2,-0.7,1000,1756100,"S"
"DGW","14:19:42",53.2,-0.7,500,1755100,"S"
"DGW","14:19:36",53.2,-0.7,200,1754600,"S"
"DGW","14:19:33",53.1,-0.8,2400,1754400,"B"
"DGW","14:19:04",53.1,-0.8,500,1752000,"B"
"DGW","14:18:56",53.1,-0.8,600,1751500,"S"
"DGW","14:18:54",53.1,-0.8,500,1750900,"S"
"DGW","14:18:48",53,-0.9,200,1750400,"B"
"DGW","14:18:46",53,-0.9,100,1750200,"B"
"DGW","14:18:33",53,-0.9,100,1750100,"B"
"DGW","14:18:26",53,-0.9,200,1750000,"B"
"DGW","14:18:20",53,-0.9,1000,1749800,"B"
"DGW","14:18:11",53,-0.9,4000,1748800,"S"
"DGW","14:18:07",53,-0.9,200,1744800,"S"
"DGW","14:18:00",53,-0.9,1000,1744600,"S"
"DGW","14:17:58",53,-0.9,10000,1743600,"S"
"DGW","14:17:55",53,-0.9,1000,1733600,"S"
"DGW","14:17:53",53,-0.9,1000,1732600,"S"
"DGW","14:17:35",52.9,-1,100,1731600,"S"
"DGW","14:17:25",52.9,-1,200,1731500,"B"
"DGW","14:17:19",52.9,-1,3000,1731300,"B"
"DGW","14:16:59",52.9,-1,1000,1728300,"B"
"DGW","14:16:38",52.9,-1,500,1727300,"B"
"DGW","14:16:28",52.9,-1,500,1726800,"B"
"DGW","14:16:26",52.9,-1,300,1726300,"B"
"DGW","14:16:24",53,-0.9,3000,1726000,"S"
"DGW","14:16:02",53,-0.9,3000,1723000,"S"
"DGW","14:15:53",53,-0.9,900,1720000,"B"
"DGW","14:15:47",53,-0.9,200,1719100,"B"
"DGW","14:15:41",53,-0.9,1000,1718900,"B"
"DGW","14:14:51",53.1,-0.8,100,1717900,"S"
"DGW","14:14:17",53.1,-0.8,200,1717800,"S"
"DGW","14:14:13",53,-0.9,500,1717600,"B"
"DGW","14:13:37",53.1,-0.8,200,1717100,"B"
"DGW","14:13:32",53.1,-0.8,500,1716900,"B"
"DGW","14:13:21",53.1,-0.8,1300,1716400,"S"
"DGW","14:13:01",53.1,-0.8,800,1715100,"B"
"DGW","14:13:00",53.1,-0.8,500,1714300,"B"
"DGW","14:12:32",53.1,-0.8,200,1713800,"B"
"DGW","14:12:20",53.1,-0.8,400,1713600,"S"
"DGW","14:12:06",53.1,-0.8,1700,1713200,"S"
"DGW","14:12:06",53.1,-0.8,300,1711500,"S"
"DGW","14:12:01",53,-0.9,1000,1711200,"B"
"DGW","14:11:58",53,-0.9,3500,1710200,"S"
"DGW","14:11:56",53,-0.9,600,1706700,"S"
"DGW","14:11:38",53,-0.9,4900,1706100,"S"
"DGW","14:11:38",52.9,-1,100,1701200,"S"
"DGW","14:11:11",52.7,-1.2,200,1701100,"B"
"DGW","14:11:07",52.8,-1.1,1000,1700900,"B"
"DGW","14:10:17",53,-0.9,1000,1699900,"S"
"DGW","14:09:09",53,-0.9,1500,1698900,"S"
"DGW","14:09:09",52.9,-1,100,1697400,"S"
"DGW","14:09:09",52.9,-1,400,1697300,"S"
"DGW","14:09:09",52.8,-1.1,1000,1696900,"S"
"DGW","14:09:00",52.7,-1.2,1000,1695900,"B"
"DGW","14:08:54",52.7,-1.2,200,1694900,"B"
"DGW","14:08:32",52.7,-1.2,200,1694700,"B"
"DGW","14:08:28",52.8,-1.1,3000,1694500,"S"
"DGW","14:08:25",52.8,-1.1,200,1691500,"S"
"DGW","14:08:24",52.8,-1.1,800,1691300,"B"
"DGW","14:08:16",52.8,-1.1,200,1690500,"B"
"DGW","14:07:22",52.8,-1.1,100,1690300,"B"
"DGW","14:07:15",52.8,-1.1,400,1690200,"B"
"DGW","14:07:03",52.9,-1,600,1689800,"B"
"DGW","14:07:03",52.9,-1,3900,1689200,"B"
"DGW","14:06:51",52.9,-1,300,1685300,"B"
"DGW","14:06:49",52.9,-1,500,1685000,"B"
"DGW","14:06:36",52.9,-1,300,1684500,"B"
"DGW","14:06:31",53,-0.9,100,1684200,"S"
"DGW","14:06:15",53,-0.9,3000,1684100,"S"
"DGW","14:05:36",53,-0.9,1000,1681100,"B"
"DGW","14:05:23",53.1,-0.8,200,1680100,"S"
"DGW","14:05:21",53,-0.9,1000,1679900,"B"
"DGW","14:05:15",53,-0.9,100,1678900,"B"
"DGW","14:05:10",53,-0.9,300,1678800,"B"
"DGW","14:05:06",53,-0.9,200,1678500,"B"
"DGW","14:04:59",53,-0.9,500,1678300,"B"
"DGW","14:04:54",53,-0.9,100,1677800,"B"
"DGW","14:04:53",53,-0.9,500,1677700,"B"
"DGW","14:04:48",53,-0.9,300,1677200,"B"
"DGW","14:04:42",53.2,-0.7,1000,1676900,"S"
"DGW","14:04:36",53.2,-0.7,100,1675900,"S"
"DGW","14:04:34",53.2,-0.7,1000,1675800,"B"
"DGW","14:04:25",53.2,-0.7,2000,1674800,"B"
"DGW","14:04:19",53.3,-0.6,7100,1672800,"B"
"DGW","14:04:04",53.3,-0.6,500,1665700,"B"
"DGW","14:04:03",53.3,-0.6,500,1665200,"B"
"DGW","14:04:00",53.3,-0.6,1400,1664700,"B"
"DGW","14:03:45",53.3,-0.6,3000,1663300,"B"
"DGW","14:03:39",53.3,-0.6,1000,1660300,"B"
"DGW","14:03:28",53.4,-0.5,15000,1659300,"S"
"DGW","14:03:21",53.3,-0.6,500,1644300,"B"
"DGW","14:03:19",53.3,-0.6,500,1643800,"B"
"DGW","14:03:01",53.3,-0.6,300,1643300,"B"
"DGW","14:02:59",53.4,-0.5,3600,1643000,"S"
"DGW","14:02:53",53.4,-0.5,100,1639400,"S"
"DGW","14:02:35",53.4,-0.5,3300,1639300,"S"
"DGW","14:02:31",53.3,-0.6,1000,1636000,"S"
"DGW","14:02:30",53.3,-0.6,1300,1635000,"S"
"DGW","14:02:11",53.4,-0.5,1000,1633700,"S"
"DGW","14:02:01",53.4,-0.5,700,1632700,"S"
"DGW","14:01:55",53.4,-0.5,48800,1632000,"S"
"DGW","14:01:55",53.3,-0.6,1200,1583200,"S"
"DGW","14:01:39",53,-0.9,100,1582000,"B"
"DGW","14:01:30",53.4,-0.5,2400,1581900,"S"
"DGW","14:01:30",53.3,-0.6,500,1579500,"S"
"DGW","14:01:30",53.2,-0.7,5400,1579000,"S"
"DGW","14:01:30",53.1,-0.8,1700,1573600,"S"
"DGW","14:01:27",53,-0.9,1000,1571900,"B"
"DGW","14:01:24",53,-0.9,900,1570900,"S"
"DGW","14:01:20",53,-0.9,900,1570000,"S"
"DGW","14:01:13",53,-0.9,100,1569100,"S"
"DGW","14:01:07",52.9,-1,200,1569000,"B"
"DGW","14:01:00",53,-0.9,100,1568800,"S"
"DGW","14:00:44",52.9,-1,100,1568700,"S"
"DGW","14:00:40",52.9,-1,1000,1568600,"S"
"DGW","13:58:24",52.9,-1,1100,1567600,"S"
"DGW","13:58:01",53,-0.9,1700,1566500,"S"
"DGW","13:58:01",52.9,-1,1800,1564800,"S"
"DGW","13:58:01",52.8,-1.1,100,1563000,"S"
"DGW","13:57:58",52.8,-1.1,200,1562900,"S"
"DGW","13:57:39",52.8,-1.1,1000,1562700,"S"
"DGW","13:57:30",52.8,-1.1,500,1561700,"S"
"DGW","13:57:11",52.8,-1.1,100,1561200,"S"
"DGW","13:56:47",52.7,-1.2,100,1561100,"B"
"DGW","13:56:39",52.8,-1.1,200,1561000,"S"
"DGW","13:56:33",52.7,-1.2,100,1560800,"B"
"DGW","13:56:31",52.7,-1.2,300,1560700,"B"
"DGW","13:55:26",52.7,-1.2,100,1560400,"B"
"DGW","13:54:34",52.6,-1.3,500,1560300,"B"
"DGW","13:54:20",52.6,-1.3,1000,1559800,"B"
"DGW","13:53:46",52.7,-1.2,1300,1558800,"S"
"DGW","13:53:26",52.7,-1.2,100,1557500,"S"
"DGW","13:52:50",52.7,-1.2,100,1557400,"S"
"DGW","13:52:29",52.6,-1.3,1400,1557300,"B"
"DGW","13:52:29",52.6,-1.3,900,1555900,"S"
"DGW","13:51:21",52.5,-1.4,700,1555000,"S"
"DGW","13:51:15",52.5,-1.4,9300,1554300,"B"
"DGW","13:50:45",52.5,-1.4,100,1545000,"B"
"DGW","13:50:43",52.6,-1.3,100,1544900,"S"
"DGW","13:50:36",52.6,-1.3,500,1544800,"S"
"DGW","13:50:19",52.6,-1.3,8800,1544300,"B"
"DGW","13:50:06",52.6,-1.3,900,1535500,"B"
"DGW","13:49:34",52.7,-1.2,100,1534600,"S"
"DGW","13:49:20",52.7,-1.2,2400,1534500,"S"
"DGW","13:49:06",52.7,-1.2,200,1532100,"S"
"DGW","13:48:44",52.7,-1.2,2700,1531900,"B"
"DGW","13:48:37",52.7,-1.2,20000,1529200,"B"
"DGW","13:48:33",52.8,-1.1,200,1509200,"B"
"DGW","13:48:30",52.8,-1.1,100,1509000,"B"
"DGW","13:48:28",52.8,-1.1,100,1508900,"B"
"DGW","13:48:09",52.8,-1.1,700,1508800,"B"
"DGW","13:48:07",52.8,-1.1,1000,1508100,"B"
"DGW","13:48:05",52.8,-1.1,200,1507100,"B"
"DGW","13:47:56",52.8,-1.1,100,1506900,"B"
"DGW","13:47:52",52.8,-1.1,100,1506800,"B"
"DGW","13:47:49",52.8,-1.1,400,1506700,"B"
"DGW","13:47:30",52.9,-1,300,1506300,"S"
"DGW","13:47:20",52.8,-1.1,1500,1506000,"B"
"DGW","13:47:20",52.9,-1,500,1504500,"B"
"DGW","13:47:15",52.9,-1,200,1504000,"B"
"DGW","13:47:00",52.8,-1.1,5000,1503800,"B"
"DGW","13:46:43",52.9,-1,200,1498800,"B"
"DGW","13:46:30",53,-0.9,300,1498600,"B"
"DGW","13:46:24",53,-0.9,700,1498300,"S"
"DGW","13:46:08",53,-0.9,300,1497600,"S"
"DGW","13:45:57",53,-0.9,300,1497300,"S"
"DGW","13:45:57",52.9,-1,500,1496200,"B"
"DGW","13:45:56",53,-0.9,100,1495700,"S"
"DGW","13:45:56",53,-0.9,200,1495600,"S"
"DGW","13:45:46",53,-0.9,100,1495400,"S"
"DGW","13:45:32",53,-0.9,300,1495300,"S"
"DGW","13:45:26",53,-0.9,100,1495000,"S"
"DGW","13:45:24",53,-0.9,200,1494900,"S"
"DGW","13:45:23",53,-0.9,700,1494700,"S"
"DGW","13:45:12",53,-0.9,100,1494000,"S"
"DGW","13:44:59",53,-0.9,100,1493900,"S"
"DGW","13:44:32",53.1,-0.8,100,1493800,"S"
"DGW","13:43:42",52.7,-1.2,100,1493700,"B"
"DGW","13:43:42",53,-0.9,100,1493600,"B"
"DGW","13:43:42",53.1,-0.8,2500,1493500,"B"
"DGW","13:43:42",53.2,-0.7,500,1491000,"S"
"DGW","13:43:41",53.2,-0.7,500,1490500,"S"
"DGW","13:43:02",53.2,-0.7,500,1490000,"S"
"DGW","13:42:45",53.2,-0.7,500,1489500,"S"
"DGW","13:42:19",53.3,-0.6,200,1489000,"S"
"DGW","13:42:01",53.4,-0.5,31400,1488800,"S"
"DGW","13:42:01",53.3,-0.6,500,1457400,"S"
"DGW","13:42:01",53.2,-0.7,1600,1456900,"S"
"DGW","13:42:01",53.1,-0.8,2600,1455300,"S"
"DGW","13:42:01",53,-0.9,18100,1452700,"S"
"DGW","13:42:01",52.9,-1,2700,1434600,"S"
"DGW","13:42:01",52.8,-1.1,16900,1431900,"S"
"DGW","13:42:01",52.7,-1.2,6400,1415000,"S"
"DGW","13:42:01",52.6,-1.3,20800,1408600,"S"
"DGW","13:42:00",52.6,-1.3,3000,1387800,"S"
"DGW","13:41:37",52.6,-1.3,1000,1384800,"S"
"DGW","13:41:36",52.6,-1.3,100,1383800,"S"
"DGW","13:41:21",52.6,-1.3,200,1383700,"S"
"DGW","13:40:45",52.6,-1.3,700,1383500,"S"
"DGW","13:40:40",52.6,-1.3,1000,1382800,"S"
"DGW","13:40:35",52.6,-1.3,2000,1381800,"S"
"DGW","13:40:17",52.6,-1.3,600,1379800,"S"
"DGW","13:39:25",52.6,-1.3,1700,1379200,"S"
"DGW","13:38:41",52.5,-1.4,200,1377500,"B"
"DGW","13:38:34",52.6,-1.3,1600,1377300,"B"
"DGW","13:38:10",52.7,-1.2,400,1375700,"S"
"DGW","13:37:42",52.7,-1.2,100,1375300,"S"
"DGW","13:37:15",52.6,-1.3,1400,1375200,"S"
"DGW","13:37:02",52.6,-1.3,200,1373800,"S"
"DGW","13:36:55",52.5,-1.4,1100,1373600,"S"
"DGW","13:36:46",52.5,-1.4,1000,1372500,"S"
"DGW","13:36:37",52.5,-1.4,1000,1371500,"S"
"DGW","13:36:19",52.5,-1.4,200,1370500,"S"
"DGW","13:35:33",52.5,-1.4,200,1370300,"S"
"DGW","13:34:52",52.5,-1.4,1000,1370100,"S"
"DGW","13:33:26",52.5,-1.4,5000,1369100,"S"
"DGW","13:33:25",52.4,-1.5,100,1364100,"B"
"DGW","13:33:10",52.5,-1.4,600,1364000,"S"
"DGW","13:32:23",52.4,-1.5,1900,1363400,"S"
"DGW","13:32:05",52.4,-1.5,500,1361500,"S"
"DGW","13:31:58",52.4,-1.5,500,1361000,"S"
"DGW","13:31:46",52.4,-1.5,1000,1360500,"S"
"DGW","13:31:35",52.4,-1.5,100,1359500,"S"
"DGW","13:31:07",52.4,-1.5,100,1359400,"S"
"DGW","13:31:02",52.4,-1.5,1000,1359300,"S"
"DGW","13:30:59",52.4,-1.5,200,1358300,"S"
"DGW","13:30:44",52.4,-1.5,200,1358100,"S"
"DGW","13:30:26",52.3,-1.6,700,1357900,"B"
"DGW","13:29:34",52.3,-1.6,200,1357200,"B"
"DGW","13:29:23",52.3,-1.6,500,1357000,"B"
"DGW","13:29:13",52.3,-1.6,700,1356500,"B"
"DGW","13:29:03",52.4,-1.5,400,1355800,"B"
"DGW","13:29:02",52.4,-1.5,500,1355400,"B"
"DGW","13:28:48",52.4,-1.5,3000,1354900,"B"
"DGW","13:28:45",52.4,-1.5,5000,1351900,"B"
"DGW","13:27:53",52.4,-1.5,1400,1346900,"B"
"DGW","13:27:53",52.5,-1.4,500,1345500,"B"
"DGW","13:27:50",52.5,-1.4,500,1345000,"B"
"DGW","13:27:39",52.5,-1.4,500,1344500,"B"
"DGW","13:27:33",52.5,-1.4,1000,1344000,"B"
"DGW","13:27:29",52.5,-1.4,2100,1343000,"B"
"DGW","13:27:24",52.5,-1.4,1000,1340900,"B"
"DGW","13:27:13",52.5,-1.4,2000,1339900,"B"
"DGW","13:27:10",52.6,-1.3,1000,1337900,"S"
"DGW","13:26:11",52.6,-1.3,1000,1336900,"S"
"DGW","13:25:55",52.5,-1.4,600,1335900,"B"
"DGW","13:25:46",52.5,-1.4,500,1335300,"B"
"DGW","13:25:19",52.6,-1.3,2000,1334800,"S"
"DGW","13:25:16",52.5,-1.4,300,1332800,"B"
"DGW","13:25:02",52.5,-1.4,1400,1332500,"S"
"DGW","13:24:48",52.5,-1.4,500,1331100,"S"
"DGW","13:24:44",52.5,-1.4,2500,1330600,"S"
"DGW","13:24:43",52.5,-1.4,100,1328100,"S"
"DGW","13:24:03",52.5,-1.4,400,1328000,"S"
"DGW","13:23:51",52.5,-1.4,100,1327600,"S"
"DGW","13:23:50",52.5,-1.4,100,1327500,"S"
"DGW","13:23:31",52.5,-1.4,400,1327400,"S"
"DGW","13:23:10",52.5,-1.4,1700,1327000,"B"
"DGW","13:23:09",52.6,-1.3,200,1325300,"S"
"DGW","13:23:02",52.6,-1.3,1200,1325100,"S"
"DGW","13:23:01",52.5,-1.4,100,1323900,"B"
"DGW","13:22:18",52.5,-1.4,800,1323800,"S"
"DGW","13:22:12",52.5,-1.4,5200,1323000,"S"
"DGW","13:21:39",52.5,-1.4,100,1317800,"S"
"DGW","13:21:17",52.5,-1.4,200,1317700,"S"
"DGW","13:20:56",52.5,-1.4,100,1317500,"S"
"DGW","13:20:09",52.4,-1.5,500,1317400,"B"
"DGW","13:20:03",52.5,-1.4,5000,1316900,"S"
"DGW","13:19:46",52.5,-1.4,200,1311900,"S"
"DGW","13:18:23",52.5,-1.4,1000,1311700,"S"
"DGW","13:18:18",52.5,-1.4,800,1310700,"B"
"DGW","13:18:14",52.5,-1.4,200,1309900,"B"
"DGW","13:18:08",52.5,-1.4,1000,1309700,"B"
"DGW","13:18:06",52.5,-1.4,500,1308700,"B"
"DGW","13:18:03",52.5,-1.4,200,1308200,"B"
"DGW","13:18:02",52.5,-1.4,200,1308000,"B"
"DGW","13:17:48",52.5,-1.4,900,1307800,"B"
"DGW","13:17:47",52.5,-1.4,5000,1306900,"B"
"DGW","13:17:27",52.6,-1.3,500,1301900,"S"
"DGW","13:17:24",52.6,-1.3,1100,1301400,"S"
"DGW","13:17:21",52.5,-1.4,1000,1300300,"B"
"DGW","13:17:17",52.6,-1.3,100,1299300,"S"
"DGW","13:17:04",52.6,-1.3,600,1299200,"S"
"DGW","13:16:31",52.6,-1.3,5000,1298600,"S"
"DGW","13:16:10",52.6,-1.3,600,1293600,"S"
"DGW","13:15:07",52.6,-1.3,200,1293000,"S"
"DGW","13:15:03",52.5,-1.4,800,1292800,"B"
"DGW","13:14:29",52.5,-1.4,900,1292000,"S"
"DGW","13:13:57",52.5,-1.4,100,1291100,"S"
"DGW","13:13:49",52.5,-1.4,100,1291000,"S"
"DGW","13:13:35",52.5,-1.4,1000,1290900,"S"
"DGW","13:13:30",52.5,-1.4,500,1289900,"S"
"DGW","13:13:18",52.5,-1.4,500,1289400,"S"
"DGW","13:13:01",52.5,-1.4,2000,1288900,"S"
"DGW","13:12:39",52.5,-1.4,200,1286900,"S"
"DGW","13:12:31",52.5,-1.4,700,1286700,"S"
"DGW","13:12:13",52.5,-1.4,100,1286000,"S"
"DGW","13:11:55",52.5,-1.4,500,1285900,"S"
"DGW","13:11:20",52.5,-1.4,300,1285400,"S"
"DGW","13:10:41",52.5,-1.4,1000,1285100,"S"
"DGW","13:10:39",52.5,-1.4,100,1284100,"S"
"DGW","13:10:11",52.5,-1.4,2400,1284000,"B"
"DGW","13:09:50",52.5,-1.4,200,1281600,"B"
"DGW","13:09:44",52.5,-1.4,5000,1281400,"B"
"DGW","13:09:41",52.6,-1.3,100,1276400,"S"
"DGW","13:09:32",52.6,-1.3,200,1276300,"S"
"DGW","13:09:20",52.6,-1.3,2000,1276100,"S"
"DGW","13:08:20",52.6,-1.3,300,1274100,"S"
"DGW","13:08:09",52.6,-1.3,4500,1273800,"S"
"DGW","13:07:41",52.6,-1.3,100,1269300,"S"
"DGW","13:07:17",52.6,-1.3,100,1269200,"S"
"DGW","13:07:07",52.6,-1.3,500,1269100,"B"
"DGW","13:07:04",52.6,-1.3,3000,1268600,"S"
"DGW","13:07:03",52.6,-1.3,2100,1265600,"S"
"DGW","13:06:52",52.6,-1.3,1200,1263500,"S"
"DGW","13:06:52",52.5,-1.4,3800,1262300,"S"
"DGW","13:06:36",52.4,-1.5,200,1258500,"S"
"DGW","13:06:32",52.4,-1.5,4000,1258300,"S"
"DGW","13:06:26",52.4,-1.5,1500,1254300,"S"
"DGW","13:05:44",52.3,-1.6,500,1252800,"B"
"DGW","13:05:08",52.2,-1.7,100,1252300,"B"
"DGW","13:05:08",52.3,-1.6,200,1252200,"B"
"DGW","13:05:02",52.3,-1.6,100,1252000,"S"
"DGW","13:04:52",52.2,-1.7,4000,1251900,"S"
"DGW","13:04:51",52.2,-1.7,100,1247900,"S"
"DGW","13:04:50",52.2,-1.7,500,1247800,"S"
"DGW","13:04:42",52.2,-1.7,1000,1247300,"S"
"DGW","13:04:30",52.2,-1.7,20000,1246300,"S"
"DGW","13:04:27",52.1,-1.8,100,1226300,"B"
"DGW","13:04:13",52.1,-1.8,100,1226200,"B"
"DGW","13:04:04",52.1,-1.8,2000,1226100,"B"
"DGW","13:03:44",52.2,-1.7,1000,1224100,"S"
"DGW","13:03:31",52.2,-1.7,1000,1223100,"S"
"DGW","13:03:19",52.2,-1.7,400,1222100,"S"
"DGW","13:02:46",52.2,-1.7,1000,1221500,"S"
"DGW","13:02:43",52.2,-1.7,1000,1220500,"S"
"DGW","13:02:22",52.1,-1.8,100,1219500,"S"
"DGW","13:02:21",52.1,-1.8,200,1219400,"S"
"DGW","13:01:49",52.1,-1.8,800,1219200,"B"
"DGW","13:01:44",52.1,-1.8,200,1218400,"S"
"DGW","13:01:20",52.1,-1.8,100,1218200,"B"
"DGW","13:00:56",52,-1.9,500,1218100,"B"
"DGW","13:00:53",52.2,-1.7,200,1216900,"S"
"DGW","13:00:41",52.2,-1.7,1500,1216700,"S"
"DGW","13:00:41",52,-1.9,200,1215200,"B"
"DGW","13:00:34",52.2,-1.7,100,1215000,"S"
"DGW","13:00:33",52.2,-1.7,300,1214900,"S"
"DGW","13:00:31",52.2,-1.7,1500,1214600,"S"
"DGW","13:00:30",52,-1.9,800,1213100,"B"
"DGW","13:00:29",52.2,-1.7,2000,1212300,"S"
"DGW","13:00:28",52.2,-1.7,300,1210300,"S"
"DGW","13:00:24",52,-1.9,3700,1210000,"B"
"DGW","13:00:24",52.1,-1.8,300,1206300,"B"
"DGW","13:00:22",52.1,-1.8,100,1206000,"B"
"DGW","13:00:10",52,-1.9,2200,1204600,"B"
"DGW","13:00:10",52.1,-1.8,1400,1202400,"B"
"DGW","13:00:10",52.2,-1.7,700,1201000,"B"
"DGW","13:00:06",52.2,-1.7,900,1200300,"B"
"DGW","13:00:05",52.2,-1.7,100,1199400,"B"
"DGW","13:00:04",52.2,-1.7,500,1199300,"B"
"DGW","13:00:03",52.2,-1.7,100,1198800,"B"
"DGW","13:00:02",52.2,-1.7,300,1198700,"B"
"DGW","13:00:00",52.3,-1.6,100,1198300,"S"
"DGW","13:00:00",52.2,-1.7,400,1198200,"S"
"DGW","11:29:44",52.2,-1.7,1000,1197800,"S"
"DGW","11:29:40",52,-1.9,8900,1196800,"B"
"DGW","11:29:40",52.1,-1.8,1100,1187900,"B"
"DGW","11:29:38",52.1,-1.8,1000,1186800,"B"
"DGW","11:29:12",52.1,-1.8,200,1185800,"B"
"DGW","11:29:09",52.2,-1.7,200,1185600,"S"
"DGW","11:28:58",52.2,-1.7,500,1185400,"S"
"DGW","11:28:49",52.2,-1.7,1500,1184900,"B"
"DGW","11:28:32",52.2,-1.7,200,1183400,"B"
"DGW","11:28:30",52.2,-1.7,1000,1183200,"B"
"DGW","11:28:23",52.2,-1.7,1200,1182200,"B"
"DGW","11:28:21",52.3,-1.6,100,1181000,"B"
"DGW","11:28:00",52.2,-1.7,400,1180900,"B"
"DGW","11:27:15",52.3,-1.6,1000,1180500,"B"
"DGW","11:26:32",52.4,-1.5,200,1179500,"S"
"DGW","11:25:59",52.4,-1.5,200,1179300,"S"
"DGW","11:25:59",52.3,-1.6,300,1179100,"S"
"DGW","11:25:31",52.2,-1.7,100,1178800,"B"
"DGW","11:25:01",52.2,-1.7,900,1178700,"S"
"DGW","11:25:00",52.2,-1.7,100,1177800,"B"
"DGW","11:24:08",52.2,-1.7,300,1177700,"B"
"DGW","11:23:23",52.2,-1.7,900,1177400,"S"
"DGW","11:23:20",52.2,-1.7,500,1176500,"S"
"DGW","11:23:20",52.1,-1.8,100,1176000,"B"
"DGW","11:23:09",52.2,-1.7,100,1175900,"S"
"DGW","11:23:02",52.1,-1.8,1900,1175700,"S"
"DGW","11:22:56",52.1,-1.8,500,1173800,"S"
"DGW","11:22:55",52.1,-1.8,4200,1173300,"B"
"DGW","11:22:46",52.1,-1.8,100,1169100,"B"
"DGW","11:22:24",52.2,-1.7,600,1169000,"S"
"DGW","11:22:21",52.2,-1.7,1800,1168400,"B"
"DGW","11:22:00",52.2,-1.7,500,1166600,"B"
"DGW","11:21:57",52.2,-1.7,200,1166100,"B"
"DGW","11:21:51",52.3,-1.6,100,1165900,"S"
"DGW","11:21:20",52.3,-1.6,100,1165800,"S"
"DGW","11:20:56",52.3,-1.6,300,1165700,"S"
"DGW","11:20:51",52.3,-1.6,500,1165400,"S"
"DGW","11:19:57",52.3,-1.6,400,1164900,"S"
"DGW","11:19:54",52.3,-1.6,4600,1164500,"B"
"DGW","11:19:35",52.3,-1.6,200,1159900,"B"
"DGW","11:19:16",52.3,-1.6,300,1159700,"B"
"DGW","11:18:36",52.4,-1.5,500,1159400,"S"
"DGW","11:18:18",52.4,-1.5,1000,1158900,"S"
"DGW","11:18:17",52.4,-1.5,400,1157900,"S"
"DGW","11:17:34",52.4,-1.5,2700,1157500,"B"
"DGW","11:17:22",52.4,-1.5,1100,1154800,"B"
"DGW","11:17:17",52.4,-1.5,1200,1153700,"S"
"DGW","11:17:10",52.4,-1.5,800,1152500,"B"
"DGW","11:17:01",52.5,-1.4,500,1151700,"S"
"DGW","11:16:50",52.5,-1.4,100,1151200,"S"
"DGW","11:16:49",52.4,-1.5,500,1151100,"B"
"DGW","11:16:35",52.4,-1.5,1500,1150600,"B"
"DGW","11:16:25",52.4,-1.5,100,1149100,"B"
"DGW","11:16:17",52.5,-1.4,1100,1149000,"B"
"DGW","11:16:08",52.5,-1.4,5000,1147900,"B"
"DGW","11:16:00",52.5,-1.4,300,1142900,"B"
"DGW","11:15:49",52.5,-1.4,700,1142600,"B"
"DGW","11:14:44",52.5,-1.4,2500,1141900,"B"
"DGW","11:14:32",52.7,-1.2,100,1139400,"S"
"DGW","11:14:27",52.7,-1.2,1200,1139300,"B"
"DGW","11:14:04",52.7,-1.2,1800,1138100,"S"
"DGW","11:14:00",52.7,-1.2,1700,1136300,"B"
"DGW","11:13:57",52.7,-1.2,3200,1134600,"S"
"DGW","11:13:37",52.7,-1.2,200,1131400,"S"
"DGW","11:13:12",52.7,-1.2,100,1131200,"S"
"DGW","11:13:10",52.7,-1.2,100,1131100,"B"
"DGW","11:13:09",52.8,-1.1,400,1131000,"S"
"DGW","11:13:06",52.8,-1.1,100,1130600,"S"
"DGW","11:12:58",52.8,-1.1,1000,1130500,"S"
"DGW","11:12:47",52.8,-1.1,5000,1129500,"S"
"DGW","11:12:27",52.7,-1.2,300,1124500,"S"
"DGW","11:12:15",52.7,-1.2,1300,1124200,"S"
"DGW","11:12:11",52.7,-1.2,1100,1122900,"S"
"DGW","11:12:06",52.7,-1.2,100,1121800,"S"
"DGW","11:11:54",52.4,-1.5,600,1121700,"S"
"DGW","11:11:51",52.4,-1.5,1000,1121100,"S"
"DGW","11:11:49",52.4,-1.5,200,1120100,"S"
"DGW","11:11:39",52.4,-1.5,300,1119900,"S"
"DGW","11:11:37",52.4,-1.5,100,1119600,"S"
"DGW","11:11:25",52.7,-1.2,4100,1119500,"S"
"DGW","11:11:25",52.6,-1.3,500,1115400,"S"
"DGW","11:11:25",52.5,-1.4,4700,1114900,"S"
"DGW","11:11:25",52.4,-1.5,400,1110200,"S"
"DGW","11:11:25",52.3,-1.6,300,1109800,"S"
"DGW","11:11:21",52.3,-1.6,100,1109500,"S"
"DGW","11:11:10",52.2,-1.7,500,1109400,"S"
"DGW","11:11:00",52.1,-1.8,1200,1108900,"S"
"DGW","11:10:57",52.1,-1.8,700,1107700,"S"
"DGW","11:10:53",52,-1.9,1000,1107000,"B"
"DGW","11:10:48",52,-1.9,1700,1106000,"S"
"DGW","11:10:46",52,-1.9,1100,1104300,"S"
"DGW","11:10:44",52,-1.9,500,1103200,"S"
"DGW","11:10:42",52,-1.9,2000,1102700,"S"
"DGW","11:10:36",52,-1.9,100,1100700,"S"
"DGW","11:10:29",51.9,-2,2900,1100600,"S"
"DGW","11:10:29",51.9,-2,100,1097700,"S"
"DGW","11:10:28",51.9,-2,200,1097600,"S"
"DGW","11:10:26",51.9,-2,200,1097400,"S"
"DGW","11:10:22",51.9,-2,100,1097200,"S"
"DGW","11:10:19",51.9,-2,800,1097100,"S"
"DGW","11:10:17",51.9,-2,1000,1096300,"S"
"DGW","11:10:06",51.9,-2,100,1095200,"S"
"DGW","11:09:58",51.9,-2,500,1095100,"S"
"DGW","11:09:52",52,-1.9,500,1094600,"S"
"DGW","11:09:36",51.8,-2.1,3300,1094100,"S"
"DGW","11:09:33",51.7,-2.2,1000,1090800,"B"
"DGW","11:09:32",51.8,-2.1,200,1089800,"S"
"DGW","11:09:31",51.8,-2.1,100,1089600,"S"
"DGW","11:09:29",51.8,-2.1,500,1089500,"S"
"DGW","11:09:28",51.7,-2.2,1700,1089000,"B"
"DGW","11:09:25",51.8,-2.1,1500,1087300,"S"
"DGW","11:09:16",51.7,-2.2,400,1085800,"B"
"DGW","11:09:12",51.7,-2.2,2000,1085400,"B"
"DGW","11:09:02",51.7,-2.2,100,1083400,"B"
"DGW","11:08:52",51.7,-2.2,100,1083300,"B"
"DGW","11:08:36",51.7,-2.2,400,1083200,"B"
"DGW","11:08:36",51.8,-2.1,1000,1082800,"S"
"DGW","11:08:35",51.7,-2.2,200,1081800,"B"
"DGW","11:08:32",51.8,-2.1,500,1081600,"S"
"DGW","11:08:32",51.8,-2.1,1000,1081100,"S"
"DGW","11:08:31",51.8,-2.1,100,1080100,"S"
"DGW","11:08:27",51.8,-2.1,2000,1080000,"S"
"DGW","11:08:22",51.8,-2.1,100,1078000,"S"
"DGW","11:08:12",51.8,-2.1,100,1077900,"S"
"DGW","11:08:10",51.8,-2.1,400,1077800,"S"
"DGW","11:08:09",51.8,-2.1,100,1077400,"S"
"DGW","11:08:06",51.8,-2.1,6200,1077300,"B"
"DGW","11:08:01",51.9,-2,500,1071100,"S"
"DGW","11:07:53",51.8,-2.1,500,1070600,"B"
"DGW","11:07:52",51.9,-2,100,1070100,"S"
"DGW","11:07:49",51.8,-2.1,500,1070000,"B"
"DGW","11:07:47",51.9,-2,500,1069400,"S"
"DGW","11:07:45",51.9,-2,100,1068900,"S"
"DGW","11:07:40",51.9,-2,600,1068800,"S"
"DGW","11:07:39",51.8,-2.1,500,1068200,"B"
"DGW","11:07:02",51.9,-2,1500,1067700,"S"
"DGW","11:07:00",51.9,-2,600,1066200,"S"
"DGW","11:06:59",51.9,-2,500,1065600,"S"
"DGW","11:06:43",51.9,-2,500,1065100,"B"
"DGW","11:06:38",51.8,-2.1,300,1064600,"B"
"DGW","11:06:38",51.9,-2,100,1064300,"B"
"DGW","11:06:38",52,-1.9,100,1064200,"S"
"DGW","11:06:37",51.8,-2.1,1300,1064100,"B"
"DGW","11:06:37",51.9,-2,700,1062800,"B"
"DGW","11:06:37",52,-1.9,400,1062100,"S"
"DGW","11:06:36",51.9,-2,1000,1061700,"B"
"DGW","11:06:35",52,-1.9,200,1060700,"S"
"DGW","11:06:29",52,-1.9,100,1060500,"S"
"DGW","11:06:27",52,-1.9,100,1060400,"S"
"DGW","11:06:26",52,-1.9,6900,1060300,"B"
"DGW","11:06:20",52,-1.9,3500,1053400,"B"
"DGW","11:06:20",52.1,-1.8,100,1049900,"B"
"DGW","11:06:14",52,-1.9,10700,1049800,"B"
"DGW","11:06:05",52,-1.9,400,1039100,"B"
"DGW","11:06:05",52.1,-1.8,600,1038700,"B"
"DGW","11:06:03",52.1,-1.8,400,1038100,"S"
"DGW","11:05:59",52,-1.9,1600,1037700,"B"
"DGW","11:05:56",52,-1.9,500,1036100,"B"
"DGW","11:05:53",52.1,-1.8,500,1035600,"S"
"DGW","11:05:51",52,-1.9,15000,1035100,"B"
"DGW","11:05:50",52,-1.9,2000,1020100,"B"
"DGW","11:05:39",52,-1.9,6800,1018100,"B"
"DGW","11:05:37",52,-1.9,14000,1011300,"B"
"DGW","11:05:34",52,-1.9,1000,997300,"B"
"DGW","11:05:32",52.1,-1.8,100,996300,"S"
"DGW","11:05:28",52,-1.9,100,996200,"B"
"DGW","11:05:28",52.1,-1.8,2100,996100,"B"
"DGW","11:05:18",52.1,-1.8,500,994000,"B"
"DGW","11:05:16",52,-1.9,100,993500,"B"
"DGW","11:05:16",52.1,-1.8,500,993400,"B"
"DGW","11:05:10",52,-1.9,2500,992900,"B"
"DGW","11:05:10",52.1,-1.8,500,990400,"S"
"DGW","11:05:07",52.1,-1.8,100,989900,"S"
"DGW","11:05:04",52.1,-1.8,300,989800,"S"
"DGW","11:04:54",52.1,-1.8,200,989500,"S"
"DGW","11:04:52",52.1,-1.8,100,989300,"S"
"DGW","11:04:50",52.1,-1.8,300,989200,"S"
"DGW","11:04:49",52.1,-1.8,500,988900,"S"
"DGW","11:04:40",52.1,-1.8,500,988400,"S"
"DGW","11:04:38",52.1,-1.8,700,987900,"S"
"DGW","11:04:36",52.1,-1.8,1000,987200,"S"
"DGW","11:04:35",52.1,-1.8,1000,986200,"S"
"DGW","11:04:26",52.1,-1.8,1000,985200,"B"
"DGW","11:04:21",52.1,-1.8,3900,984200,"B"
"DGW","11:04:16",52.1,-1.8,1000,980300,"B"
"DGW","11:04:15",52.1,-1.8,2500,979300,"B"
"DGW","11:04:12",52.2,-1.7,100,976800,"S"
"DGW","11:04:07",52.2,-1.7,100,976700,"S"
"DGW","11:04:07",52.1,-1.8,1200,976600,"B"
"DGW","11:04:07",52.2,-1.7,3800,975400,"B"
"DGW","11:04:06",52.2,-1.7,200,971600,"B"
"DGW","11:04:01",52.3,-1.6,1200,971400,"B"
"DGW","11:03:54",52.3,-1.6,300,970200,"B"
"DGW","11:03:43",52.3,-1.6,2200,969900,"B"
"DGW","11:03:41",52.4,-1.5,500,967700,"S"
"DGW","11:03:33",52.4,-1.5,100,967200,"B"
"DGW","11:03:24",52.4,-1.5,100,967100,"B"
"DGW","11:03:21",52.3,-1.6,500,967000,"S"
"DGW","11:03:17",52.3,-1.6,800,966500,"B"
"DGW","11:03:14",52.4,-1.5,300,965700,"S"
"DGW","11:03:10",52.3,-1.6,6000,965400,"B"
"DGW","11:02:53",52.4,-1.5,100,959400,"S"
"DGW","11:02:42",52.4,-1.5,800,959300,"B"
"DGW","11:02:38",52.4,-1.5,100,958500,"B"
"DGW","11:02:34",52.4,-1.5,500,958400,"B"
"DGW","11:02:21",52.4,-1.5,200,957900,"B"
"DGW","11:02:15",52.4,-1.5,3300,957700,"B"
"DGW","11:02:08",52.5,-1.4,700,954400,"B"
"DGW","11:02:00",52.5,-1.4,700,953700,"B"
"DGW","11:01:36",52.5,-1.4,1000,953000,"S"
"DGW","11:01:29",52.5,-1.4,1500,952000,"B"
"DGW","11:01:26",52.5,-1.4,2000,950500,"B"
"DGW","11:01:25",52.5,-1.4,3500,948500,"B"
"DGW","11:01:23",52.5,-1.4,5400,945000,"B"
"DGW","11:01:21",52.5,-1.4,500,939600,"B"
"DGW","11:01:17",52.5,-1.4,1000,939100,"B"
"DGW","11:01:13",52.5,-1.4,400,938100,"B"
"DGW","11:01:12",52.5,-1.4,100,937700,"B"
"DGW","11:01:05",52.5,-1.4,1300,937600,"B"
"DGW","11:01:00",52.5,-1.4,4900,936300,"B"
"DGW","11:00:59",52.5,-1.4,1300,931400,"B"
"DGW","11:00:56",52.5,-1.4,100,930100,"B"
"DGW","11:00:48",52.5,-1.4,2000,930000,"B"
"DGW","11:00:46",52.5,-1.4,2000,928000,"B"
"DGW","11:00:43",52.5,-1.4,100,926000,"B"
"DGW","11:00:38",52.5,-1.4,1000,925900,"B"
"DGW","11:00:37",52.5,-1.4,1000,924900,"B"
"DGW","11:00:31",52.6,-1.3,100,923900,"S"
"DGW","11:00:23",52.5,-1.4,2000,923800,"B"
"DGW","11:00:21",52.6,-1.3,300,921800,"S"
"DGW","11:00:13",52.6,-1.3,200,921500,"S"
"DGW","11:00:00",52.6,-1.3,100,921300,"S"
"DGW","10:59:46",52.6,-1.3,300,921200,"S"
"DGW","10:59:37",52.6,-1.3,300,920900,"S"
"DGW","10:59:35",52.6,-1.3,100,920600,"S"
"DGW","10:59:34",52.5,-1.4,4200,920500,"B"
"DGW","10:59:31",52.6,-1.3,500,916300,"S"
"DGW","10:59:19",52.6,-1.3,200,915800,"B"
"DGW","10:59:09",52.6,-1.3,100,915600,"B"
"DGW","10:58:50",52.6,-1.3,10000,915500,"B"
"DGW","10:58:21",52.6,-1.3,100,905500,"B"
"DGW","10:58:18",52.6,-1.3,100,905400,"B"
"DGW","10:58:10",52.5,-1.4,200,905300,"B"
"DGW","10:58:09",52.5,-1.4,4000,905100,"B"
"DGW","10:58:06",52.7,-1.2,400,901100,"S"
"DGW","10:58:06",52.6,-1.3,100,900700,"S"
"DGW","10:58:05",52.6,-1.3,900,900600,"B"
"DGW","10:57:57",52.6,-1.3,200,899700,"B"
"DGW","10:57:37",52.6,-1.3,1000,899500,"B"
"DGW","10:57:33",52.6,-1.3,4000,898500,"B"
"DGW","10:57:32",52.6,-1.3,300,894500,"B"
"DGW","10:57:31",52.6,-1.3,2000,894200,"B"
"DGW","10:57:29",52.7,-1.2,1000,892200,"S"
"DGW","10:57:12",52.6,-1.3,1600,891200,"B"
"DGW","10:57:08",52.7,-1.2,200,889600,"S"
"DGW","10:56:56",52.6,-1.3,100,889400,"B"
"DGW","10:56:44",52.6,-1.3,10000,889300,"B"
"DGW","10:56:32",52.7,-1.2,500,879300,"S"
"DGW","10:55:58",52.7,-1.2,1000,878800,"S"
"DGW","10:55:56",52.7,-1.2,100,877800,"S"
"DGW","10:55:53",52.7,-1.2,1300,877700,"B"
"DGW","10:55:51",52.7,-1.2,500,876400,"B"
"DGW","10:55:46",52.7,-1.2,1000,875900,"B"
"DGW","10:55:31",52.7,-1.2,100,874900,"B"
"DGW","10:55:19",52.7,-1.2,1000,874800,"B"
"DGW","10:55:17",52.7,-1.2,500,873800,"B"
"DGW","10:54:57",52.7,-1.2,300,873300,"B"
"DGW","10:54:54",52.7,-1.2,2000,873000,"B"
"DGW","10:54:39",52.7,-1.2,3000,871000,"B"
"DGW","10:54:34",52.7,-1.2,2500,868000,"B"
"DGW","10:54:27",52.8,-1.1,500,865500,"S"
"DGW","10:54:26",52.7,-1.2,1000,865000,"B"
"DGW","10:54:25",52.7,-1.2,300,864000,"B"
"DGW","10:54:24",52.7,-1.2,700,863700,"S"
"DGW","10:54:22",52.7,-1.2,300,863000,"B"
"DGW","10:54:21",52.7,-1.2,2000,862700,"B"
"DGW","10:54:17",52.7,-1.2,1000,860700,"B"
"DGW","10:54:15",52.8,-1.1,500,859700,"S"
"DGW","10:54:05",52.7,-1.2,100,859200,"B"
"DGW","10:53:30",52.7,-1.2,100,859100,"S"
"DGW","10:53:28",52.6,-1.3,200,859000,"B"
"DGW","10:53:23",52.7,-1.2,11500,858800,"B"
"DGW","10:53:15",52.7,-1.2,400,847300,"B"
"DGW","10:53:01",52.7,-1.2,6000,846900,"B"
"DGW","10:52:15",52.8,-1.1,800,840900,"B"
"DGW","10:52:10",52.8,-1.1,1300,840100,"B"
"DGW","10:52:08",52.8,-1.1,2000,838800,"B"
"DGW","10:51:43",52.8,-1.1,200,836800,"B"
"DGW","10:50:52",52.9,-1,500,836600,"S"
"DGW","10:50:24",52.9,-1,100,836100,"S"
"DGW","10:50:18",52.9,-1,3700,836000,"B"
"DGW","10:50:15",52.9,-1,500,832300,"B"
"DGW","10:50:09",52.9,-1,300,831800,"B"
"DGW","10:50:05",52.9,-1,1000,831500,"B"
"DGW","10:50:04",53,-0.9,100,830500,"S"
"DGW","10:49:53",52.9,-1,1000,830400,"B"
"DGW","10:49:49",52.9,-1,100,829400,"B"
"DGW","10:49:36",52.9,-1,1900,829300,"B"
"DGW","10:49:30",52.9,-1,2000,827400,"B"
"DGW","10:49:15",53,-0.9,200,825400,"S"
"DGW","10:49:14",53,-0.9,100,825200,"S"
"DGW","10:48:58",53,-0.9,5000,825100,"S"
"DGW","10:48:27",53,-0.9,100,820100,"S"
"DGW","10:48:15",53,-0.9,700,820000,"S"
"DGW","10:48:01",53,-0.9,100,819300,"S"
"DGW","10:46:31",53,-0.9,1300,819200,"B"
"DGW","10:46:22",53,-0.9,100,817900,"S"
"DGW","10:46:11",53,-0.9,300,817800,"S"
"DGW","10:46:02",53,-0.9,100,817500,"S"
"DGW","10:45:56",53,-0.9,100,817400,"S"
"DGW","10:45:53",53,-0.9,2500,817300,"S"
"DGW","10:45:53",53,-0.9,3100,814800,"S"
"DGW","10:45:50",53,-0.9,900,811700,"S"
"DGW","10:45:44",53,-0.9,300,810800,"S"
"DGW","10:45:42",53,-0.9,2000,810500,"S"
"DGW","10:45:38",53,-0.9,800,808500,"S"
"DGW","10:45:30",53,-0.9,500,807700,"S"
"DGW","10:45:09",52.9,-1,4200,807200,"S"
"DGW","10:45:08",52.9,-1,12500,803000,"S"
"DGW","10:44:57",52.9,-1,100,790500,"S"
"DGW","10:44:40",52.8,-1.1,100,790400,"B"
"DGW","10:44:30",52.8,-1.1,300,790300,"B"
"DGW","10:44:22",52.8,-1.1,600,790000,"S"
"DGW","10:44:18",52.8,-1.1,100,789400,"S"
"DGW","10:44:14",52.8,-1.1,1000,789300,"S"
"DGW","10:44:08",52.8,-1.1,200,788300,"S"
"DGW","10:44:06",52.8,-1.1,1000,788100,"S"
"DGW","10:43:42",52.9,-1,100,787100,"S"
"DGW","10:43:34",52.7,-1.2,100,787000,"B"
"DGW","10:43:27",52.9,-1,200,786900,"S"
"DGW","10:43:07",52.6,-1.3,2100,786700,"B"
"DGW","10:43:07",52.7,-1.2,11200,784600,"B"
"DGW","10:43:07",52.8,-1.1,6700,773400,"B"
"DGW","10:43:02",52.9,-1,100,766700,"S"
"DGW","10:42:59",52.9,-1,200,766600,"S"
"DGW","10:42:44",52.9,-1,200,766400,"S"
"DGW","10:42:31",52.9,-1,200,766200,"S"
"DGW","10:42:31",52.9,-1,100,766000,"S"
"DGW","10:42:21",52.9,-1,1000,765900,"S"
"DGW","10:42:15",52.9,-1,200,764900,"S"
"DGW","10:42:09",52.9,-1,200,764700,"S"
"DGW","10:41:57",52.9,-1,500,764500,"S"
"DGW","10:41:51",52.9,-1,200,764000,"S"
"DGW","10:41:46",52.9,-1,200,763800,"S"
"DGW","10:41:41",52.8,-1.1,500,763600,"B"
"DGW","10:41:30",52.9,-1,200,763100,"S"
"DGW","10:41:28",52.8,-1.1,6200,762900,"S"
"DGW","10:41:27",52.8,-1.1,100,756700,"S"
"DGW","10:41:25",52.8,-1.1,1000,756600,"S"
"DGW","10:41:25",52.7,-1.2,100,755600,"B"
"DGW","10:41:24",52.8,-1.1,100,755500,"S"
"DGW","10:41:22",52.8,-1.1,200,755400,"S"
"DGW","10:41:18",52.8,-1.1,100,755200,"S"
"DGW","10:41:18",52.7,-1.2,300,755100,"B"
"DGW","10:41:16",52.8,-1.1,200,754800,"S"
"DGW","10:41:13",52.8,-1.1,100,754600,"S"
"DGW","10:41:04",52.8,-1.1,200,754500,"S"
"DGW","10:41:03",52.8,-1.1,200,754300,"S"
"DGW","10:41:00",52.7,-1.2,100,754100,"B"
"DGW","10:40:58",52.8,-1.1,200,754000,"S"
"DGW","10:40:49",52.7,-1.2,1000,753800,"B"
"DGW","10:40:45",52.8,-1.1,500,752800,"S"
"DGW","10:40:42",52.7,-1.2,10000,752300,"B"
"DGW","10:40:39",52.8,-1.1,200,742300,"S"
"DGW","10:40:32",52.7,-1.2,1500,742100,"B"
"DGW","10:40:31",52.7,-1.2,1900,740600,"B"
"DGW","10:40:30",52.7,-1.2,3100,738700,"B"
"DGW","10:40:19",52.7,-1.2,300,735600,"B"
"DGW","10:40:14",52.8,-1.1,100,735300,"S"
"DGW","10:40:04",52.7,-1.2,3700,735200,"B"
"DGW","10:40:04",52.8,-1.1,2300,731500,"B"
"DGW","10:40:03",52.8,-1.1,5000,729200,"B"
"DGW","10:39:59",52.9,-1,200,724200,"S"
"DGW","10:39:52",52.8,-1.1,700,724000,"B"
"DGW","10:39:52",52.9,-1,400,723300,"B"
"DGW","10:39:49",52.9,-1,600,722900,"S"
"DGW","10:39:46",52.8,-1.1,6000,722300,"B"
"DGW","10:39:41",52.8,-1.1,1400,716300,"B"
"DGW","10:39:30",52.9,-1,5000,714900,"S"
"DGW","10:39:20",52.9,-1,100,709900,"S"
"DGW","10:39:12",52.9,-1,200,709800,"S"
"DGW","10:38:57",52.9,-1,200,709600,"S"
"DGW","10:38:50",52.9,-1,1000,709400,"S"
"DGW","10:38:47",52.8,-1.1,700,708400,"B"
"DGW","10:38:39",52.9,-1,200,707700,"S"
"DGW","10:38:29",52.9,-1,200,707500,"S"
"DGW","10:38:26",52.9,-1,300,707300,"B"
"DGW","10:38:25",52.9,-1,500,707000,"B"
"DGW","10:38:25",53,-0.9,200,706500,"S"
"DGW","10:38:25",52.9,-1,2200,706300,"B"
"DGW","10:38:13",52.9,-1,1000,704100,"B"
"DGW","10:38:06",52.9,-1,1000,703100,"B"
"DGW","10:38:04",52.9,-1,2100,702100,"S"
"DGW","10:38:01",52.9,-1,200,700000,"S"
"DGW","10:37:55",52.8,-1.1,3000,699800,"B"
"DGW","10:37:55",52.9,-1,500,696800,"S"
"DGW","10:37:50",52.9,-1,200,696300,"S"
"DGW","10:37:48",52.8,-1.1,9100,696100,"B"
"DGW","10:37:47",52.8,-1.1,2000,687000,"B"
"DGW","10:37:39",52.8,-1.1,900,685000,"B"
"DGW","10:37:26",52.8,-1.1,500,684100,"B"
"DGW","10:37:26",52.9,-1,2000,683600,"B"
"DGW","10:37:17",52.9,-1,500,681600,"B"
"DGW","10:37:14",52.9,-1,100,681100,"B"
"DGW","10:37:13",52.9,-1,1000,681000,"B"
"DGW","10:37:11",52.9,-1,4200,680000,"B"
"DGW","10:37:00",53,-0.9,1900,675800,"S"
"DGW","10:36:59",53,-0.9,500,673900,"S"
"DGW","10:36:58",53,-0.9,100,673400,"S"
"DGW","10:36:35",53,-0.9,1800,673300,"B"
"DGW","10:36:25",53,-0.9,900,671500,"B"
"DGW","10:36:23",53,-0.9,1600,670600,"B"
"DGW","10:36:16",53,-0.9,600,669000,"B"
"DGW","10:36:11",53,-0.9,5000,668400,"B"
"DGW","10:36:06",53,-0.9,100,663400,"B"
"DGW","10:36:01",53,-0.9,700,663300,"B"
"DGW","10:35:48",53,-0.9,500,662600,"B"
"DGW","10:35:47",53,-0.9,2000,662100,"B"
"DGW","10:35:35",53,-0.9,100,660100,"B"
"DGW","10:35:20",53,-0.9,1000,660000,"B"
"DGW","10:34:53",53,-0.9,21000,659000,"B"
"DGW","10:34:42",53,-0.9,6200,638000,"B"
"DGW","10:34:42",53.1,-0.8,18800,631800,"B"
"DGW","10:34:15",53.2,-0.7,100,613000,"B"
"DGW","10:34:12",53.2,-0.7,500,612900,"B"
"DGW","10:34:10",53.2,-0.7,100,612400,"B"
"DGW","10:34:07",53.2,-0.7,300,612300,"B"
"DGW","10:33:59",53.2,-0.7,600,612000,"B"
"DGW","10:33:58",53.2,-0.7,3100,611400,"B"
"DGW","10:33:48",53.2,-0.7,5000,608300,"B"
"DGW","10:33:42",53.3,-0.6,300,603300,"S"
"DGW","10:33:42",53.2,-0.7,4900,603000,"B"
"DGW","10:33:40",53.2,-0.7,500,598100,"B"
"DGW","10:33:10",53.3,-0.6,5000,597600,"S"
"DGW","10:33:07",53.3,-0.6,1000,592600,"S"
"DGW","10:32:32",53.3,-0.6,100,591600,"S"
"DGW","10:32:31",53.2,-0.7,100,591500,"B"
"DGW","10:32:14",53.3,-0.6,400,591400,"S"
"DGW","10:32:10",53.2,-0.7,300,591000,"B"
"DGW","10:31:32",53.2,-0.7,300,590700,"B"
"DGW","10:31:26",53.3,-0.6,500,590400,"S"
"DGW","10:31:19",53.2,-0.7,100,589900,"B"
"DGW","10:31:12",53.2,-0.7,300,589800,"B"
"DGW","10:31:08",53.3,-0.6,500,589500,"S"
"DGW","10:31:06",53.3,-0.6,100,589000,"S"
"DGW","10:31:02",53.3,-0.6,1100,588900,"S"
"DGW","10:30:59",53.3,-0.6,5200,587800,"B"
"DGW","10:30:53",53.3,-0.6,300,582600,"B"
"DGW","10:30:25",53.3,-0.6,100,582300,"B"
"DGW","10:30:22",53.3,-0.6,300,582200,"S"
"DGW","10:30:22",53.3,-0.6,100,581900,"S"
"DGW","10:29:49",53.3,-0.6,500,581800,"S"
"DGW","10:29:22",53.3,-0.6,5000,581300,"S"
"DGW","10:29:14",53.3,-0.6,200,576300,"S"
"DGW","10:29:04",53.2,-0.7,100,576100,"B"
"DGW","10:28:43",53.3,-0.6,100,576000,"S"
"DGW","10:27:49",53.3,-0.6,300,575900,"S"
"DGW","10:27:40",53.3,-0.6,200,575600,"S"
"DGW","10:27:07",53.2,-0.7,1000,575400,"B"
"DGW","10:27:03",53.2,-0.7,100,574400,"B"
"DGW","10:26:31",53.2,-0.7,200,574300,"B"
"DGW","10:26:16",53.2,-0.7,2500,574100,"B"
"DGW","10:25:58",53.3,-0.6,400,571600,"S"
"DGW","10:25:51",53.3,-0.6,400,571200,"S"
"DGW","10:25:25",53.3,-0.6,500,570800,"S"
"DGW","10:25:22",53.3,-0.6,200,570300,"B"
"DGW","10:25:16",53.3,-0.6,500,570100,"B"
"DGW","10:25:14",53.3,-0.6,500,569600,"B"
"DGW","10:24:58",53.3,-0.6,100,569100,"S"
"DGW","10:24:29",53.4,-0.5,400,569000,"S"
"DGW","10:24:26",53.4,-0.5,400,568600,"S"
"DGW","10:24:19",53.4,-0.5,400,568200,"S"
"DGW","10:24:13",53.4,-0.5,500,567800,"S"
"DGW","10:23:58",53.4,-0.5,400,567300,"S"
"DGW","10:23:56",53.3,-0.6,100,566900,"S"
"DGW","10:23:54",53.3,-0.6,1000,566800,"S"
"DGW","10:23:44",53.3,-0.6,900,565800,"B"
"DGW","10:23:31",53.3,-0.6,100,564900,"B"
"DGW","10:23:31",53.3,-0.6,1000,564800,"B"
"DGW","10:23:18",53.4,-0.5,1000,563800,"S"
"DGW","10:23:04",53.4,-0.5,400,562800,"S"
"DGW","10:22:58",53.4,-0.5,400,562400,"S"
"DGW","10:22:56",53.3,-0.6,2800,562000,"S"
"DGW","10:22:54",53.3,-0.6,500,559200,"S"
"DGW","10:22:43",53.3,-0.6,200,558700,"S"
"DGW","10:22:43",53.3,-0.6,400,558500,"S"
"DGW","10:22:33",53.3,-0.6,1000,558100,"S"
"DGW","10:22:19",53.3,-0.6,200,557100,"B"
"DGW","10:22:11",53.3,-0.6,1800,556900,"S"
"DGW","10:21:56",53.3,-0.6,100,555100,"S"
"DGW","10:21:48",53.3,-0.6,100,555000,"S"
"DGW","10:21:48",53.2,-0.7,900,554900,"S"
"DGW","10:21:22",53.1,-0.8,100,554000,"B"
"DGW","10:21:02",53.1,-0.8,200,553900,"B"
"DGW","10:20:57",53.2,-0.7,1000,553700,"S"
"DGW","10:20:54",53.1,-0.8,300,552700,"B"
"DGW","10:20:49",53.2,-0.7,1100,552400,"S"
"DGW","10:20:44",53.2,-0.7,700,551300,"S"
"DGW","10:20:35",53.2,-0.7,1000,550600,"S"
"DGW","10:20:26",53.2,-0.7,300,549600,"S"
"DGW","10:20:02",53.1,-0.8,200,549300,"B"
"DGW","10:19:56",53.1,-0.8,100,549100,"B"
"DGW","10:19:37",53.1,-0.8,5500,549000,"B"
"DGW","10:19:34",53.2,-0.7,500,543500,"S"
"DGW","10:19:07",53.1,-0.8,1000,543000,"B"
"DGW","10:18:51",53.1,-0.8,100,542000,"B"
"DGW","10:18:32",53.2,-0.7,500,541900,"S"
"DGW","10:18:28",53.2,-0.7,100,541400,"S"
"DGW","10:18:10",53.2,-0.7,2400,541300,"B"
"DGW","10:18:04",53.4,-0.5,200,538900,"S"
"DGW","10:17:37",53.4,-0.5,900,538700,"B"
"DGW","10:17:35",53.4,-0.5,3000,537800,"B"
"DGW","10:17:33",53.4,-0.5,700,534800,"B"
"DGW","10:17:32",53.4,-0.5,200,534100,"B"
"DGW","10:17:10",53.4,-0.5,1500,533900,"B"
"DGW","10:17:08",53.4,-0.5,8400,532400,"S"
"DGW","10:17:06",53.3,-0.6,100,524000,"B"
"DGW","10:17:04",53.3,-0.6,300,523900,"S"
"DGW","10:16:32",53.3,-0.6,700,523600,"B"
"DGW","10:16:30",53.3,-0.6,300,522900,"B"
"DGW","10:15:56",53.4,-0.5,200,522600,"S"
"DGW","10:15:23",53.4,-0.5,100,522400,"S"
"DGW","10:15:14",53.4,-0.5,400,522300,"B"
"DGW","10:15:04",53.4,-0.5,100,521900,"S"
"DGW","10:14:49",53.4,-0.5,500,521800,"S"
"DGW","10:14:45",53.3,-0.6,5000,521300,"B"
"DGW","10:14:34",53.3,-0.6,400,516300,"B"
"DGW","10:13:42",53.5,-0.4,2200,515900,"B"
"DGW","10:13:32",53.5,-0.4,500,513700,"B"
"DGW","10:13:30",53.6,-0.3,200,513200,"S"
"DGW","10:13:07",53.5,-0.4,100,513000,"B"
"DGW","10:13:06",53.5,-0.4,2200,512900,"S"
"DGW","10:12:43",53.5,-0.4,300,510700,"S"
"DGW","10:12:43",53.4,-0.5,200,510400,"S"
"DGW","10:12:38",53.4,-0.5,400,510200,"B"
"DGW","10:12:35",53.5,-0.4,100,509800,"S"
"DGW","10:12:26",53.4,-0.5,500,509700,"B"
"DGW","10:12:25",53.4,-0.5,100,509200,"S"
"DGW","10:12:15",53.4,-0.5,100,509100,"S"
"DGW","10:12:02",53.3,-0.6,2900,509000,"S"
"DGW","10:12:00",53.3,-0.6,100,506100,"S"
"DGW","10:11:57",53.1,-0.8,3400,506000,"B"
"DGW","10:11:57",53.2,-0.7,800,502600,"B"
"DGW","10:11:57",53.2,-0.7,700,501800,"B"
"DGW","10:11:38",53.2,-0.7,500,501100,"S"
"DGW","10:11:17",53.2,-0.7,1000,500600,"S"
"DGW","10:11:16",53.2,-0.7,100,499600,"S"
"DGW","10:11:13",53.2,-0.7,1000,499500,"S"
"DGW","10:10:55",53.1,-0.8,100,498500,"B"
"DGW","10:10:05",53,-0.9,200,498400,"B"
"DGW","10:10:03",53,-0.9,2000,498200,"B"
"DGW","10:10:01",53.1,-0.8,400,496200,"S"
"DGW","10:09:58",53.1,-0.8,2000,495800,"S"
"DGW","10:09:43",53.1,-0.8,1000,493800,"S"
"DGW","10:09:37",53.1,-0.8,1000,492800,"S"
"DGW","10:09:25",53.1,-0.8,100,491800,"S"
"DGW","10:09:23",53.1,-0.8,500,491700,"S"
"DGW","10:09:19",53.1,-0.8,1000,491200,"S"
"DGW","10:09:10",53.1,-0.8,100,490200,"S"
"DGW","10:09:04",53.1,-0.8,100,490100,"S"
"DGW","10:08:54",53.1,-0.8,100,490000,"S"
"DGW","10:08:47",53,-0.9,1200,489900,"B"
"DGW","10:08:45",53.1,-0.8,1000,488700,"S"
"DGW","10:08:38",53,-0.9,200,487700,"B"
"DGW","10:08:33",53,-0.9,100,487500,"B"
"DGW","10:08:11",53,-0.9,3000,487400,"B"
"DGW","10:08:07",53,-0.9,3000,484400,"B"
"DGW","10:08:04",53,-0.9,700,481400,"B"
"DGW","10:07:58",53,-0.9,5000,480700,"B"
"DGW","10:07:54",53,-0.9,10000,475700,"B"
"DGW","10:07:48",53,-0.9,3500,465700,"B"
"DGW","10:07:43",53,-0.9,10000,462200,"B"
"DGW","10:07:42",53,-0.9,300,452200,"B"
"DGW","10:07:37",53,-0.9,600,451900,"B"
"DGW","10:07:26",53,-0.9,1000,451300,"B"
"DGW","10:07:21",53.1,-0.8,5000,450300,"S"
"DGW","10:07:02",53.1,-0.8,300,445300,"S"
"DGW","10:06:56",53,-0.9,500,445000,"B"
"DGW","10:06:47",53,-0.9,1000,444500,"B"
"DGW","10:06:42",53.1,-0.8,100,443500,"S"
"DGW","10:06:41",53,-0.9,1400,443400,"B"
"DGW","10:06:35",53.1,-0.8,1000,442000,"S"
"DGW","10:06:22",53.1,-0.8,100,441000,"S"
"DGW","10:06:18",53.1,-0.8,600,440900,"S"
"DGW","10:06:14",53.1,-0.8,1000,440300,"S"
"DGW","10:06:10",53,-0.9,300,439300,"B"
"DGW","10:06:02",53.1,-0.8,100,439000,"S"
"DGW","10:06:00",53.1,-0.8,100,438900,"S"
"DGW","10:05:56",53.1,-0.8,1600,438800,"B"
"DGW","10:05:19",53.2,-0.7,600,437200,"S"
"DGW","10:05:03",53.1,-0.8,3600,436600,"S"
"DGW","10:04:54",53.1,-0.8,100,433000,"S"
"DGW","10:04:54",53,-0.9,100,432900,"B"
"DGW","10:04:48",53,-0.9,10000,432800,"B"
"DGW","10:04:39",53,-0.9,1000,422800,"B"
"DGW","10:04:36",53.1,-0.8,800,421800,"S"
"DGW","10:04:31",53,-0.9,1000,421000,"B"
"DGW","10:04:27",53,-0.9,1000,420000,"B"
"DGW","10:04:18",53.1,-0.8,500,419000,"S"
"DGW","10:04:15",53,-0.9,1300,418500,"S"
"DGW","10:04:07",53,-0.9,200,417200,"S"
"DGW","10:04:00",53,-0.9,600,417000,"B"
"DGW","10:03:52",53,-0.9,1400,416400,"S"
"DGW","10:03:46",53,-0.9,300,415000,"S"
"DGW","10:03:45",53,-0.9,3300,414700,"B"
"DGW","10:03:38",53,-0.9,2000,411400,"B"
"DGW","10:03:31",53,-0.9,500,409400,"B"
"DGW","10:03:11",53,-0.9,1500,408900,"S"
"DGW","10:03:09",53,-0.9,200,407400,"S"
"DGW","10:03:07",53,-0.9,400,407200,"B"
"DGW","10:02:59",53,-0.9,400,406800,"S"
"DGW","10:02:56",53,-0.9,4600,406400,"B"
"DGW","10:02:52",53,-0.9,1000,401800,"B"
"DGW","10:02:49",53.1,-0.8,500,400800,"S"
"DGW","10:02:33",53.1,-0.8,1000,400300,"S"
"DGW","10:02:31",53,-0.9,2300,399300,"B"
"DGW","10:02:25",53,-0.9,500,397000,"B"
"DGW","10:02:17",53,-0.9,7000,396500,"B"
"DGW","10:02:15",53,-0.9,1800,389500,"B"
"DGW","10:01:56",53.1,-0.8,2800,387700,"B"
"DGW","10:01:55",53.1,-0.8,3000,384900,"B"
"DGW","10:01:46",53.2,-0.7,500,381900,"S"
"DGW","10:01:40",53.2,-0.7,2000,381400,"S"
"DGW","10:01:35",53.2,-0.7,1600,379400,"B"
"DGW","10:01:35",53.3,-0.6,100,377800,"B"
"DGW","10:01:22",53.2,-0.7,100,377700,"B"
"DGW","10:01:15",53.2,-0.7,100,377600,"B"
"DGW","10:01:14",53.2,-0.7,200,377500,"B"
"DGW","10:01:11",53.2,-0.7,1000,377300,"S"
"DGW","10:01:07",53.2,-0.7,500,376300,"S"
"DGW","10:00:44",53.1,-0.8,300,375800,"B"
"DGW","10:00:42",53.2,-0.7,500,375500,"B"
"DGW","10:00:36",53.2,-0.7,300,375000,"B"
"DGW","10:00:35",53.2,-0.7,500,374700,"B"
"DGW","10:00:30",53.4,-0.5,200,374200,"B"
"DGW","10:00:18",53.2,-0.7,500,374000,"B"
"DGW","10:00:18",53.4,-0.5,2500,373500,"B"
"DGW","10:00:14",53.4,-0.5,1900,371000,"B"
"DGW","10:00:14",53.5,-0.4,100,369100,"B"
"DGW","10:00:04",53.4,-0.5,2400,369000,"B"
"DGW","10:00:04",53.5,-0.4,400,366600,"B"
"DGW","09:59:56",53.5,-0.4,100,366200,"S"
"DGW","09:59:55",53.4,-0.5,100,366100,"B"
"DGW","09:59:52",53.4,-0.5,400,366000,"B"
"DGW","09:59:50",53.4,-0.5,200,365600,"B"
"DGW","09:59:38",53.4,-0.5,500,365400,"B"
"DGW","09:59:38",53.5,-0.4,500,364900,"B"
"DGW","09:59:26",53.6,-0.3,500,364400,"S"
"DGW","09:59:18",53.6,-0.3,400,363900,"B"
"DGW","09:59:15",53.6,-0.3,100,363500,"B"
"DGW","09:59:00",53.6,-0.3,2000,363400,"B"
"DGW","09:58:59",53.8,-0.1,1700,361400,"S"
"DGW","09:58:59",53.7,-0.2,6300,359700,"S"
"DGW","09:58:49",53.6,-0.3,3000,353400,"B"
"DGW","09:58:34",53.8,-0.1,100,350400,"S"
"DGW","09:58:26",53.8,-0.1,3000,350300,"S"
"DGW","09:58:04",53.8,-0.1,300,347300,"S"
"DGW","09:57:55",53.8,-0.1,100,347000,"S"
"DGW","09:57:20",53.8,-0.1,1000,346900,"S"
"DGW","09:57:17",53.8,-0.1,3600,345900,"B"
"DGW","09:57:14",53.8,-0.1,400,342300,"B"
"DGW","09:56:50",53.8,-0.1,200,341900,"B"
"DGW","09:56:47",53.8,-0.1,1700,341700,"S"
"DGW","09:56:41",53.8,-0.1,5000,340000,"S"
"DGW","09:56:29",53.8,-0.1,100,335000,"S"
"DGW","09:56:13",53.8,-0.1,1000,334900,"S"
"DGW","09:56:12",53.7,-0.2,200,333900,"B"
"DGW","09:56:08",53.8,-0.1,500,333700,"S"
"DGW","09:56:02",53.8,-0.1,200,333200,"S"
"DGW","09:55:53",53.7,-0.2,100,333000,"S"
"DGW","09:55:50",53.6,-0.3,1000,332900,"B"
"DGW","09:55:45",53.7,-0.2,5000,331900,"S"
"DGW","09:55:29",53.5,-0.4,1000,326900,"S"
"DGW","09:55:25",53.5,-0.4,100,325900,"S"
"DGW","09:55:22",53.2,-0.7,500,325800,"B"
"DGW","09:55:11",53.2,-0.7,200,325300,"B"
"DGW","09:55:09",53.5,-0.4,100,325100,"S"
"DGW","09:55:05",53.2,-0.7,2100,325000,"S"
"DGW","09:55:04",53.1,-0.8,500,322900,"B"
"DGW","09:54:55",53.1,-0.8,1000,322400,"S"
"DGW","09:54:45",53,-0.9,7600,321400,"S"
"DGW","09:54:44",53,-0.9,1000,313800,"S"
"DGW","09:54:43",53,-0.9,100,312800,"S"
"DGW","09:54:43",53,-0.9,1000,312700,"S"
"DGW","09:54:42",53,-0.9,100,311700,"S"
"DGW","09:54:41",53,-0.9,10000,311600,"S"
"DGW","09:54:41",53,-0.9,400,301600,"S"
"DGW","09:54:40",53,-0.9,1200,301200,"S"
"DGW","09:54:31",53,-0.9,600,300000,"S"
"DGW","09:54:24",52.9,-1,5800,299400,"S"
"DGW","09:54:22",52.8,-1.1,200,293600,"B"
"DGW","09:54:21",52.9,-1,3000,293400,"S"
"DGW","09:54:16",52.8,-1.1,300,290400,"B"
"DGW","09:54:16",52.8,-1.1,100,290100,"B"
"DGW","09:54:15",52.9,-1,100,290000,"S"
"DGW","09:54:11",52.9,-1,4000,289900,"S"
"DGW","09:54:10",52.9,-1,1000,285900,"S"
"DGW","09:54:10",52.8,-1.1,300,284900,"B"
"DGW","09:54:09",52.8,-1.1,500,284600,"B"
"DGW","09:54:09",52.9,-1,400,284100,"S"
"DGW","09:54:05",52.8,-1.1,3200,283700,"B"
"DGW","09:54:00",52.8,-1.1,1000,280500,"B"
"DGW","09:54:00",52.9,-1,100,279500,"S"
"DGW","09:53:57",52.8,-1.1,2000,279400,"B"
"DGW","09:53:54",52.8,-1.1,500,277400,"B"
"DGW","09:53:48",52.8,-1.1,300,276900,"B"
"DGW","09:53:47",52.8,-1.1,300,276600,"B"
"DGW","09:53:39",52.8,-1.1,100,276300,"B"
"DGW","09:53:35",52.8,-1.1,1900,276200,"S"
"DGW","09:53:27",52.8,-1.1,800,274300,"S"
"DGW","09:53:20",52.8,-1.1,300,273500,"B"
"DGW","09:53:10",52.8,-1.1,300,273200,"S"
"DGW","09:53:08",52.8,-1.1,200,272900,"S"
"DGW","09:53:04",52.8,-1.1,3500,272700,"B"
"DGW","09:53:04",52.9,-1,500,269200,"S"
"DGW","09:52:56",52.9,-1,100,268700,"S"
"DGW","09:52:54",52.9,-1,100,268600,"S"
"DGW","09:52:51",52.9,-1,300,268500,"S"
"DGW","09:52:48",52.9,-1,500,268200,"S"
"DGW","09:52:43",52.9,-1,200,267700,"S"
"DGW","09:52:42",52.9,-1,200,267500,"S"
"DGW","09:52:40",52.9,-1,400,267300,"S"
"DGW","09:52:32",52.9,-1,100,266900,"S"
"DGW","09:52:31",52.8,-1.1,1000,266800,"B"
"DGW","09:52:30",52.9,-1,3400,265800,"B"
"DGW","09:52:30",52.9,-1,200,262400,"B"
"DGW","09:52:27",52.9,-1,500,262200,"B"
"DGW","09:52:23",53,-0.9,500,261700,"S"
"DGW","09:52:17",53,-0.9,100,261200,"S"
"DGW","09:52:03",53,-0.9,100,261100,"S"
"DGW","09:51:53",53,-0.9,100,261000,"S"
"DGW","09:51:52",53,-0.9,1000,260900,"S"
"DGW","09:51:52",53,-0.9,500,259900,"S"
"DGW","09:51:51",53,-0.9,6400,259400,"B"
"DGW","09:51:51",53,-0.9,20100,253000,"B"
"DGW","09:51:51",53.1,-0.8,200,232900,"B"
"DGW","09:51:50",53.1,-0.8,500,232700,"B"
"DGW","09:51:49",53.2,-0.7,100,232200,"S"
"DGW","09:51:47",53.1,-0.8,2000,232100,"B"
"DGW","09:51:46",53.1,-0.8,1000,230100,"B"
"DGW","09:51:43",53.2,-0.7,100,229100,"S"
"DGW","09:51:14",53.1,-0.8,200,229000,"B"
"DGW","09:51:05",53.1,-0.8,100,228800,"B"
"DGW","09:51:00",53,-0.9,5000,228700,"B"
"DGW","09:51:00",53.1,-0.8,500,223700,"B"
"DGW","09:50:50",53.1,-0.8,200,223200,"S"
"DGW","09:50:47",53.1,-0.8,1100,223000,"S"
"DGW","09:50:45",53.1,-0.8,200,221900,"S"
"DGW","09:50:42",53.1,-0.8,2500,221700,"B"
"DGW","09:50:39",53.2,-0.7,800,219200,"S"
"DGW","09:50:26",53.2,-0.7,3700,218400,"B"
"DGW","09:50:24",53.5,-0.4,200,214700,"B"
"DGW","09:50:22",53.5,-0.4,100,214500,"B"
"DGW","09:50:13",53.5,-0.4,100,214400,"B"
"DGW","09:50:07",53.5,-0.4,1000,214300,"B"
"DGW","09:50:03",53.5,-0.4,100,213300,"S"
"DGW","09:50:03",53.4,-0.5,500,213200,"S"
"DGW","09:50:02",53.2,-0.7,400,212700,"S"
"DGW","09:50:01",53.2,-0.7,600,212300,"B"
"DGW","09:50:00",53.2,-0.7,400,211700,"S"
"DGW","09:50:00",53.1,-0.8,300,211300,"B"
"DGW","09:49:57",53.1,-0.8,300,211000,"B"
"DGW","09:49:52",53.2,-0.7,100,210700,"B"
"DGW","09:49:48",53.2,-0.7,400,210600,"B"
"DGW","09:49:47",53.2,-0.7,1000,210200,"B"
"DGW","09:49:41",53.2,-0.7,2500,209200,"B"
"DGW","09:49:35",53.2,-0.7,100,206700,"B"
"DGW","09:49:33",53.2,-0.7,300,206600,"B"
"DGW","09:49:22",53.2,-0.7,800,206300,"B"
"DGW","09:49:21",53.5,-0.4,500,202300,"S"
"DGW","09:49:12",53.5,-0.4,2500,201800,"B"
"DGW","09:48:51",53.5,-0.4,1000,199300,"B"
"DGW","09:48:48",53.5,-0.4,9900,198300,"B"
"DGW","09:48:48",53.6,-0.3,1100,188400,"B"
"DGW","09:48:48",53.6,-0.3,1000,187300,"B"
"DGW","09:48:44",53.6,-0.3,400,186300,"B"
"DGW","09:48:39",53.6,-0.3,700,185900,"B"
"DGW","09:48:17",53.7,-0.2,100,185200,"B"
"DGW","09:48:14",53.7,-0.2,500,185100,"B"
"DGW","09:48:08",53.7,-0.2,300,184600,"B"
"DGW","09:48:05",53.7,-0.2,300,184300,"B"
"DGW","09:48:02",53.7,-0.2,3300,184000,"B"
"DGW","09:48:02",53.7,-0.2,100,180700,"B"
"DGW","09:48:01",53.7,-0.2,1000,180600,"B"
"DGW","09:47:59",53.7,-0.2,3000,179600,"B"
"DGW","09:47:50",53.8,-0.1,400,176600,"B"
"DGW","09:47:49",53.8,-0.1,1300,176200,"B"
"DGW","09:47:49",53.8,-0.1,500,174900,"B"
"DGW","09:47:45",53.8,-0.1,1000,174400,"B"
"DGW","09:47:42",53.8,-0.1,100,173400,"B"
"DGW","09:47:41",53.8,-0.1,400,173300,"B"
"DGW","09:47:30",53.8,-0.1,1000,172900,"B"
"DGW","09:47:17",53.8,-0.1,2300,171900,"B"
"DGW","09:47:14",53.8,-0.1,300,169600,"B"
"DGW","09:47:12",53.8,-0.1,5000,169300,"B"
"DGW","09:47:03",53.9,0,200,164300,"B"
"DGW","09:47:01",53.9,0,1000,164100,"B"
"DGW","09:47:00",53.9,0,100,163100,"B"
"DGW","09:46:49",53.9,0,1200,163000,"B"
"DGW","09:46:46",53.9,0,900,161800,"B"
"DGW","09:46:45",53.9,0,7000,160900,"B"
"DGW","09:46:43",53.9,0,1000,153900,"B"
"DGW","09:46:34",53.9,0,3000,152900,"B"
"DGW","09:46:28",53.9,0,2000,149900,"B"
"DGW","09:46:25",53.9,0,200,147900,"B"
"DGW","09:46:07",54,0.1,1300,147700,"B"
"DGW","09:46:06",54,0.1,300,146400,"B"
"DGW","09:46:03",54,0.1,4600,146100,"B"
"DGW","09:46:02",54,0.1,200,141500,"B"
"DGW","09:45:59",54,0.1,5300,141300,"B"
"DGW","09:45:58",54,0.1,100,136000,"B"
"DGW","09:45:56",54,0.1,100,135900,"B"
"DGW","09:45:53",54,0.1,500,135800,"B"
"DGW","09:45:50",54,0.1,100,135300,"B"
"DGW","09:45:49",54,0.1,500,135200,"B"
"DGW","09:45:47",54,0.1,500,134700,"B"
"DGW","09:45:46",54,0.1,1000,134200,"B"
"DGW","09:45:42",54,0.1,700,133200,"B"
"DGW","09:45:41",54,0.1,1000,132500,"B"
"DGW","09:45:40",54,0.1,100,131500,"B"
"DGW","09:45:33",54,0.1,600,131400,"B"
"DGW","09:45:31",54,0.1,100,130800,"B"
"DGW","09:45:28",54,0.1,5000,130700,"B"
"DGW","09:45:26",54,0.1,5000,125700,"B"
"DGW","09:45:18",54,0.1,200,120700,"B"
"DGW","09:45:16",54,0.1,100,120500,"B"
"DGW","09:45:05",54,0.1,100,120400,"B"
"DGW","09:45:02",54,0.1,200,120300,"B"
"DGW","09:45:00",54,0.1,1000,120100,"B"
"DGW","09:44:55",54,0.1,500,119100,"B"
"DGW","09:44:44",54,0.1,100,118600,"B"
"DGW","09:44:39",54,0.1,1000,118500,"B"
"DGW","09:44:33",54,0.1,1000,117500,"B"
"DGW","09:44:24",54,0.1,200,116500,"B"
"DGW","09:44:15",54,0.1,500,116300,"B"
"DGW","09:44:13",54,0.1,100,115800,"B"
"DGW","09:44:05",54,0.1,1000,115700,"B"
"DGW","09:44:04",54,0.1,300,114700,"B"
"DGW","09:43:49",54,0.1,100,114400,"B"
"DGW","09:43:49",54,0.1,100,114300,"B"
"DGW","09:43:41",54,0.1,100,114200,"B"
"DGW","09:43:14",54,0.1,3000,114100,"B"
"DGW","09:43:12",54,0.1,500,111100,"B"
"DGW","09:43:12",54.1,0.2,600,110600,"S"
"DGW","09:43:08",54,0.1,200,110000,"B"
"DGW","09:42:48",54,0.1,1000,109800,"B"
"DGW","09:42:37",54,0.1,1000,108800,"B"
"DGW","09:42:07",54,0.1,500,107800,"B"
"DGW","09:41:50",54,0.1,700,107300,"B"
"DGW","09:41:46",54,0.1,100,106600,"B"
"DGW","09:41:45",54,0.1,500,106500,"B"
"DGW","09:41:35",54,0.1,700,106000,"B"
"DGW","09:41:05",54,0.1,1000,105300,"B"
"DGW","09:40:52",54.1,0.2,1000,104300,"S"
"DGW","09:40:23",54,0.1,100,103300,"B"
"DGW","09:40:15",54,0.1,100,103200,"B"
"DGW","09:40:01",54,0.1,100,103100,"B"
"DGW","09:39:28",54,0.1,100,103000,"B"
"DGW","09:39:05",54,0.1,1000,102900,"B"
"DGW","09:38:53",54,0.1,1000,101900,"B"
"DGW","09:38:49",54.1,0.2,1000,100900,"S"
"DGW","09:38:26",54.1,0.2,900,99900,"S"
"DGW","09:38:08",54.1,0.2,200,99000,"S"
"DGW","09:37:23",54.1,0.2,100,98800,"S"
"DGW","09:36:37",54,0.1,200,98700,"B"
"DGW","09:36:09",54,0.1,500,98500,"B"
"DGW","09:35:48",54,0.1,5000,98000,"B"
"DGW","09:35:44",54,0.1,300,93000,"B"
"DGW","09:35:40",54,0.1,100,92700,"B"
"DGW","09:35:28",54,0.1,5000,92600,"B"
"DGW","09:35:10",54,0.1,500,87600,"B"
"DGW","09:35:03",54,0.1,100,87100,"B"
"DGW","09:35:01",54.1,0.2,200,87000,"S"
"DGW","09:34:55",54.1,0.2,1000,86800,"S"
"DGW","09:34:35",54,0.1,4000,85800,"B"
"DGW","09:34:29",54.1,0.2,2800,81800,"S"
"DGW","09:34:25",54.1,0.2,1000,79000,"S"
"DGW","09:34:17",54,0.1,200,78000,"B"
"DGW","09:34:16",54.1,0.2,600,77800,"S"
"DGW","09:34:07",54,0.1,100,77200,"B"
"DGW","09:34:01",54,0.1,500,77100,"B"
"DGW","09:33:59",54,0.1,100,76600,"B"
"DGW","09:33:58",54,0.1,200,76500,"B"
"DGW","09:33:50",54,0.1,100,76300,"B"
"DGW","09:33:15",54,0.1,2000,76200,"B"
"DGW","09:33:03",54,0.1,100,74200,"B"
"DGW","09:32:53",54,0.1,100,74100,"B"
"DGW","09:32:29",54,0.1,1000,74000,"B"
"DGW","09:32:23",54,0.1,300,73000,"B"
"DGW","09:32:14",54,0.1,300,72700,"B"
"DGW","09:31:45",54,0.1,100,72400,"B"
"DGW","09:31:00",54,0.1,500,72300,"B"
"DGW","09:30:57",54,0.1,500,71800,"B"
"DGW","09:30:25",54,0.1,5000,71300,"B"
"DGW","09:30:11",54.1,0.2,1100,66300,"B"
"DGW","09:30:04",54.1,0.2,200,65200,"B"
"DGW","09:30:03",54.2,0.3,200,65000,"S"
"DGW","09:29:56",54.1,0.2,200,64800,"S"
"DGW","09:29:26",54.2,0.3,800,64600,"S"
"DGW","09:29:26",54.1,0.2,200,63800,"S"
"DGW","09:29:19",54.1,0.2,200,63600,"B"
"DGW","09:29:16",54.1,0.2,3000,63400,"B"
"DGW","09:29:13",54.1,0.2,200,60400,"B"
"DGW","09:27:39",54.2,0.3,200,60200,"B"
"DGW","09:27:24",54.2,0.3,100,60000,"B"
"DGW","09:27:21",54.2,0.3,100,59900,"B"
"DGW","09:27:14",54.2,0.3,900,59800,"B"
"DGW","09:27:08",54.2,0.3,100,58900,"B"
"DGW","09:27:06",54.3,0.4,100,58800,"S"
"DGW","09:26:59",54.2,0.3,500,58700,"B"
"DGW","09:26:48",54.2,0.3,300,58200,"B"
"DGW","09:26:43",54.2,0.3,100,57900,"B"
"DGW","09:26:38",54.2,0.3,100,57800,"B"
"DGW","09:26:20",54.2,0.3,100,57700,"S"
"DGW","09:26:13",54.1,0.2,200,57600,"B"
"DGW","09:25:27",54.1,0.2,500,57400,"B"
"DGW","09:25:23",54.1,0.2,800,56900,"B"
"DGW","09:24:27",54.1,0.2,2600,56100,"B"
"DGW","09:24:27",54.2,0.3,500,53500,"B"
"DGW","09:24:17",54.3,0.4,3000,52100,"S"
"DGW","09:24:15",54.2,0.3,3000,49100,"B"
"DGW","09:23:59",54.2,0.3,100,46100,"B"
"DGW","09:23:50",54.2,0.3,1500,46000,"S"
"DGW","09:23:47",54.2,0.3,1000,44500,"S"
"DGW","09:23:36",54.2,0.3,200,43500,"S"
"DGW","09:23:35",54.2,0.3,2000,43300,"S"
"DGW","09:23:29",54.2,0.3,500,41300,"S"
"DGW","09:22:08",54.1,0.2,200,40800,"B"
"DGW","09:22:06",54.1,0.2,3900,40600,"S"
"DGW","09:21:54",54.1,0.2,1000,36700,"S"
"DGW","09:21:48",54,0.1,1000,35700,"B"
"DGW","09:21:34",54.1,0.2,100,34700,"S"
"DGW","09:21:22",54,0.1,100,34600,"B"
"DGW","09:21:16",54.1,0.2,400,34500,"S"
"DGW","09:21:13",54,0.1,200,34100,"B"
"DGW","09:21:09",54.1,0.2,100,33900,"S"
"DGW","09:20:55",54,0.1,1000,33800,"B"
"DGW","09:20:46",54,0.1,500,32800,"B"
"DGW","09:20:45",54,0.1,1900,32300,"B"
"DGW","09:20:45",54.1,0.2,200,30400,"B"
"DGW","09:20:42",54.1,0.2,2800,30200,"S"
"DGW","09:20:38",54,0.1,1000,27400,"B"
"DGW","09:20:25",54,0.1,200,26400,"B"
"DGW","09:20:25",54.1,0.2,100,26200,"S"
"DGW","09:20:20",54.1,0.2,200,26100,"S"
"DGW","09:20:10",54,0.1,900,25900,"B"
"DGW","09:19:37",54,0.1,300,25000,"B"
"DGW","09:19:31",54,0.1,200,24700,"B"
"DGW","09:19:13",54,0.1,8900,24500,"B"
"DGW","09:19:13",54.1,0.2,700,15600,"B"
"DGW","09:19:13",54.2,0.3,400,14900,"B"
"DGW","09:19:04",54.2,0.3,1500,14500,"S"
"DGW","09:18:42",54.1,0.2,1000,13000,"B"
"DGW","09:18:38",54.2,0.3,100,12000,"S"
"DGW","09:18:10",54.2,0.3,800,11900,"B"
"DGW","09:18:00",54.2,0.3,100,11100,"B"
"DGW","09:17:51",54.2,0.3,200,11000,"B"
"DGW","09:15:54",54.1,0.2,200,10800,"B"
"DGW","09:15:00",54.4,0.5,10600,10600,
