"symbol","time","price","change","vol","total","side"
"GEX","14:45:00",23.4,-0.55,864600,42167200,
"GEX","14:30:00",23.35,-0.6,4000,41302600,"B"
"GEX","14:29:59",23.35,-0.6,4000,41298600,"B"
"GEX","14:29:58",23.35,-0.6,7000,41294600,"B"
"GEX","14:29:57",23.35,-0.6,1200,41287600,"B"
"GEX","14:29:56",23.35,-0.6,20000,41286400,"B"
"GEX","14:29:55",23.35,-0.6,5000,41266400,"B"
"GEX","14:29:54",23.35,-0.6,2000,41261400,"B"
"GEX","14:29:52",23.35,-0.6,1000,41259400,"B"
"GEX","14:29:50",23.35,-0.6,1000,41258400,"B"
"GEX","14:29:49",23.35,-0.6,4000,41257400,"B"
"GEX","14:29:49",23.4,-0.55,200,41253400,"S"
"GEX","14:29:48",23.35,-0.6,500,41253200,"B"
"GEX","14:29:47",23.4,-0.55,200,41252700,"S"
"GEX","14:29:47",23.35,-0.6,24000,41252500,"B"
"GEX","14:29:46",23.4,-0.55,200,41228500,"S"
"GEX","14:29:44",23.4,-0.55,2000,41228300,"S"
"GEX","14:29:43",23.35,-0.6,500,41226300,"B"
"GEX","14:29:41",23.4,-0.55,1000,41225800,"S"
"GEX","14:29:40",23.4,-0.55,100,41224800,"S"
"GEX","14:29:39",23.4,-0.55,2000,41224700,"S"
"GEX","14:29:38",23.4,-0.55,10100,41222700,"S"
"GEX","14:29:37",23.4,-0.55,5000,41212600,"S"
"GEX","14:29:37",23.35,-0.6,2000,41207600,"B"
"GEX","14:29:37",23.4,-0.55,1200,41205600,"S"
"GEX","14:29:32",23.4,-0.55,500,41204400,"S"
"GEX","14:29:31",23.4,-0.55,2400,41203900,"B"
"GEX","14:29:30",23.4,-0.55,22000,41201500,"B"
"GEX","14:29:29",23.4,-0.55,800,41179500,"B"
"GEX","14:29:26",23.45,-0.5,1000,41178700,"S"
"GEX","14:29:26",23.4,-0.55,500,41177700,"B"
"GEX","14:29:25",23.4,-0.55,10000,41177200,"B"
"GEX","14:29:24",23.45,-0.5,12000,41167200,"S"
"GEX","14:29:20",23.45,-0.5,8900,41155200,"B"
"GEX","14:29:19",23.45,-0.5,31100,41146300,"S"
"GEX","14:29:17",23.45,-0.5,12900,41115200,"S"
"GEX","14:29:17",23.4,-0.55,100300,41102300,"B"
"GEX","14:29:14",23.45,-0.5,100,41002000,"S"
"GEX","14:29:12",23.4,-0.55,6500,41001900,"B"
"GEX","14:29:12",23.45,-0.5,100,40995400,"S"
"GEX","14:29:08",23.45,-0.5,2000,40995300,"S"
"GEX","14:29:04",23.4,-0.55,5000,40993300,"B"
"GEX","14:29:01",23.45,-0.5,300,40988300,"S"
"GEX","14:28:59",23.45,-0.5,700,40988000,"S"
"GEX","14:28:58",23.4,-0.55,1000,40987300,"B"
"GEX","14:28:57",23.45,-0.5,400,40986300,"S"
"GEX","14:28:56",23.45,-0.5,800,40985900,"S"
"GEX","14:28:55",23.4,-0.55,1800,40985100,"B"
"GEX","14:28:55",23.45,-0.5,700,40983300,"B"
"GEX","14:28:54",23.45,-0.5,300,40982600,"S"
"GEX","14:28:53",23.45,-0.5,1000,40982300,"S"
"GEX","14:28:51",23.5,-0.45,37200,40981300,"S"
"GEX","14:28:51",23.45,-0.5,12800,40944100,"S"
"GEX","14:28:51",23.45,-0.5,100,40931300,"S"
"GEX","14:28:49",23.45,-0.5,200,40931200,"S"
"GEX","14:28:48",23.45,-0.5,1900,40931000,"B"
"GEX","14:28:46",23.45,-0.5,21600,40929100,"B"
"GEX","14:28:43",23.45,-0.5,1000,40907500,"B"
"GEX","14:28:41",23.45,-0.5,5000,40906500,"B"
"GEX","14:28:40",23.45,-0.5,200,40901500,"B"
"GEX","14:28:39",23.45,-0.5,2000,40901300,"B"
"GEX","14:28:38",23.45,-0.5,1500,40899300,"B"
"GEX","14:28:38",23.5,-0.45,100,40897800,"S"
"GEX","14:28:37",23.45,-0.5,10000,40897700,"B"
"GEX","14:28:35",23.5,-0.45,10000,40887700,"S"
"GEX","14:28:33",23.45,-0.5,4000,40877700,"B"
"GEX","14:28:31",23.45,-0.5,1000,40873700,"B"
"GEX","14:28:29",23.45,-0.5,1000,40872700,"B"
"GEX","14:28:28",23.45,-0.5,4100,40871700,"B"
"GEX","14:28:27",23.45,-0.5,5000,40867600,"B"
"GEX","14:28:26",23.45,-0.5,1000,40862600,"B"
"GEX","14:28:26",23.45,-0.5,20000,40861600,"B"
"GEX","14:28:25",23.45,-0.5,20000,40841600,"B"
"GEX","14:28:24",23.45,-0.5,4700,40821600,"B"
"GEX","14:28:22",23.45,-0.5,200,40816900,"B"
"GEX","14:28:21",23.45,-0.5,50000,40816700,"B"
"GEX","14:28:21",23.45,-0.5,500,40766700,"B"
"GEX","14:28:19",23.45,-0.5,2100,40766200,"B"
"GEX","14:28:18",23.45,-0.5,20000,40764100,"B"
"GEX","14:28:18",23.45,-0.5,100,40744100,"B"
"GEX","14:28:12",23.45,-0.5,500,40744000,"B"
"GEX","14:28:09",23.45,-0.5,100,40743500,"B"
"GEX","14:28:08",23.5,-0.45,1000,40743400,"S"
"GEX","14:28:07",23.45,-0.5,1000,40742400,"B"
"GEX","14:28:06",23.45,-0.5,800,40741400,"B"
"GEX","14:28:05",23.5,-0.45,2000,40740600,"S"
"GEX","14:28:05",23.45,-0.5,5000,40738600,"B"
"GEX","14:28:03",23.45,-0.5,10000,40733600,"B"
"GEX","14:28:02",23.5,-0.45,2000,40723600,"S"
"GEX","14:28:01",23.5,-0.45,5000,40721600,"S"
"GEX","14:28:00",23.5,-0.45,2000,40716600,"S"
"GEX","14:27:57",23.45,-0.5,5000,40714600,"B"
"GEX","14:27:55",23.45,-0.5,1000,40709600,"B"
"GEX","14:27:55",23.45,-0.5,5000,40708600,"B"
"GEX","14:27:54",23.45,-0.5,5800,40703600,"B"
"GEX","14:27:54",23.45,-0.5,2200,40697800,"B"
"GEX","14:27:52",23.45,-0.5,1000,40695600,"B"
"GEX","14:27:51",23.5,-0.45,1000,40694600,"S"
"GEX","14:27:50",23.5,-0.45,300,40693600,"S"
"GEX","14:27:49",23.5,-0.45,400,40693300,"B"
"GEX","14:27:49",23.5,-0.45,1000,40692900,"B"
"GEX","14:27:48",23.5,-0.45,9000,40691900,"B"
"GEX","14:27:48",23.5,-0.45,1600,40682900,"B"
"GEX","14:27:47",23.5,-0.45,4000,40681300,"B"
"GEX","14:27:46",23.55,-0.4,1000,40677300,"S"
"GEX","14:27:45",23.55,-0.4,1000,40676300,"S"
"GEX","14:27:44",23.5,-0.45,36000,40675300,"B"
"GEX","14:27:43",23.55,-0.4,200,40639300,"S"
"GEX","14:27:43",23.5,-0.45,100,40639100,"B"
"GEX","14:27:41",23.55,-0.4,7500,40639000,"S"
"GEX","14:27:41",23.5,-0.45,66000,40631500,"B"
"GEX","14:27:39",23.55,-0.4,1000,40565500,"S"
"GEX","14:27:39",23.55,-0.4,100,40564500,"S"
"GEX","14:27:35",23.55,-0.4,500,40564400,"S"
"GEX","14:27:34",23.5,-0.45,700,40563900,"B"
"GEX","14:27:31",23.55,-0.4,700,40563200,"S"
"GEX","14:27:27",23.55,-0.4,900,40562500,"S"
"GEX","14:27:25",23.55,-0.4,10000,40561600,"S"
"GEX","14:27:25",23.5,-0.45,6000,40551600,"B"
"GEX","14:27:22",23.55,-0.4,3000,40545600,"S"
"GEX","14:27:20",23.55,-0.4,300,40542600,"S"
"GEX","14:27:20",23.55,-0.4,2000,40542300,"S"
"GEX","14:27:18",23.55,-0.4,50000,40540300,"S"
"GEX","14:27:16",23.55,-0.4,100,40490300,"S"
"GEX","14:27:15",23.55,-0.4,1000,40490200,"S"
"GEX","14:27:13",23.55,-0.4,1000,40489200,"S"
"GEX","14:27:12",23.55,-0.4,100,40488200,"S"
"GEX","14:27:12",23.5,-0.45,5000,40488100,"B"
"GEX","14:27:12",23.55,-0.4,2000,40483100,"S"
"GEX","14:27:12",23.55,-0.4,300,40481100,"S"
"GEX","14:27:10",23.55,-0.4,62000,40480800,"B"
"GEX","14:27:06",23.6,-0.35,9700,40418800,"S"
"GEX","14:27:06",23.6,-0.35,5000,40409100,"S"
"GEX","14:27:05",23.55,-0.4,200,40404100,"B"
"GEX","14:27:05",23.6,-0.35,1000,40403900,"S"
"GEX","14:27:03",23.6,-0.35,2100,40402900,"S"
"GEX","14:26:57",23.55,-0.4,500,40400800,"B"
"GEX","14:26:56",23.55,-0.4,6000,40400300,"B"
"GEX","14:26:54",23.55,-0.4,1000,40394300,"B"
"GEX","14:26:54",23.6,-0.35,800,40393300,"B"
"GEX","14:26:53",23.6,-0.35,1600,40392500,"B"
"GEX","14:26:52",23.6,-0.35,1200,40390900,"B"
"GEX","14:26:51",23.6,-0.35,500,40389700,"B"
"GEX","14:26:51",23.6,-0.35,2500,40389200,"B"
"GEX","14:26:50",23.6,-0.35,1000,40386700,"B"
"GEX","14:26:49",23.6,-0.35,1900,40385700,"B"
"GEX","14:26:48",23.6,-0.35,93400,40383800,"S"
"GEX","14:26:48",23.55,-0.4,24300,40290400,"S"
"GEX","14:26:43",23.55,-0.4,200,40266100,"S"
"GEX","14:26:41",23.5,-0.45,8000,40265900,"B"
"GEX","14:26:40",23.55,-0.4,1000,40257900,"S"
"GEX","14:26:39",23.5,-0.45,5000,40256900,"B"
"GEX","14:26:37",23.5,-0.45,7600,40251900,"B"
"GEX","14:26:37",23.55,-0.4,2400,40244300,"B"
"GEX","14:26:36",23.55,-0.4,6000,40241900,"B"
"GEX","14:26:36",23.55,-0.4,300,40235900,"B"
"GEX","14:26:35",23.55,-0.4,5100,40235600,"B"
"GEX","14:26:34",23.55,-0.4,900,40230500,"B"
"GEX","14:26:33",23.55,-0.4,5000,40229600,"B"
"GEX","14:26:31",23.55,-0.4,2000,40224600,"B"
"GEX","14:26:31",23.6,-0.35,100,40222600,"S"
"GEX","14:26:31",23.55,-0.4,18600,40222500,"B"
"GEX","14:26:30",23.55,-0.4,4200,40203900,"B"
"GEX","14:26:29",23.55,-0.4,8000,40199700,"B"
"GEX","14:26:27",23.55,-0.4,10000,40191700,"B"
"GEX","14:26:27",23.6,-0.35,200,40181700,"S"
"GEX","14:26:26",23.55,-0.4,6700,40181500,"B"
"GEX","14:26:25",23.55,-0.4,500,40174800,"B"
"GEX","14:26:24",23.55,-0.4,100,40174300,"B"
"GEX","14:26:23",23.6,-0.35,1000,40174200,"S"
"GEX","14:26:22",23.55,-0.4,1000,40173200,"B"
"GEX","14:26:20",23.6,-0.35,1000,40172200,"S"
"GEX","14:26:17",23.6,-0.35,27300,40171200,"B"
"GEX","14:26:16",23.6,-0.35,24100,40143900,"B"
"GEX","14:26:15",23.6,-0.35,1000,40119800,"B"
"GEX","14:26:13",23.6,-0.35,2000,40118800,"B"
"GEX","14:26:12",23.6,-0.35,500,40116800,"B"
"GEX","14:26:11",23.65,-0.3,5000,40116300,"S"
"GEX","14:26:10",23.6,-0.35,20300,40111100,"B"
"GEX","14:26:09",23.65,-0.3,1000,40090800,"S"
"GEX","14:26:08",23.65,-0.3,10000,40089800,"S"
"GEX","14:26:08",23.6,-0.35,20600,40079800,"B"
"GEX","14:26:07",23.65,-0.3,200,40059200,"S"
"GEX","14:26:06",23.65,-0.3,6300,40059000,"S"
"GEX","14:26:05",23.6,-0.35,1000,40052700,"B"
"GEX","14:26:02",23.65,-0.3,200,40051700,"S"
"GEX","14:26:01",23.65,-0.3,3700,40051500,"S"
"GEX","14:26:00",23.6,-0.35,500,40047800,"B"
"GEX","14:25:59",23.65,-0.3,5100,40047300,"S"
"GEX","14:25:55",23.65,-0.3,13300,40042200,"B"
"GEX","14:25:54",23.65,-0.3,25700,40028900,"B"
"GEX","14:25:52",23.65,-0.3,14500,40003200,"B"
"GEX","14:25:50",23.65,-0.3,1900,39988700,"B"
"GEX","14:25:50",23.65,-0.3,1300,39986800,"B"
"GEX","14:25:48",23.7,-0.25,1000,39985500,"S"
"GEX","14:25:46",23.65,-0.3,32500,39984500,"B"
"GEX","14:25:46",23.7,-0.25,10000,39952000,"S"
"GEX","14:25:45",23.7,-0.25,10000,39942000,"S"
"GEX","14:25:40",23.65,-0.3,200,39932000,"B"
"GEX","14:25:38",23.7,-0.25,5000,39931800,"S"
"GEX","14:25:33",23.7,-0.25,200,39926800,"S"
"GEX","14:25:30",23.65,-0.3,2200,39926600,"B"
"GEX","14:25:28",23.65,-0.3,2000,39924400,"B"
"GEX","14:25:27",23.7,-0.25,100,39922400,"S"
"GEX","14:25:24",23.65,-0.3,2000,39922300,"B"
"GEX","14:25:23",23.7,-0.25,10000,39920300,"S"
"GEX","14:25:19",23.65,-0.3,10000,39910300,"B"
"GEX","14:25:18",23.65,-0.3,20200,39900300,"B"
"GEX","14:25:17",23.65,-0.3,500,39880100,"B"
"GEX","14:25:15",23.65,-0.3,5000,39879600,"B"
"GEX","14:25:14",23.65,-0.3,200,39874600,"B"
"GEX","14:25:12",23.65,-0.3,2000,39874400,"B"
"GEX","14:25:04",23.65,-0.3,1800,39872400,"S"
"GEX","14:25:03",23.65,-0.3,3000,39870600,"S"
"GEX","14:25:02",23.65,-0.3,7200,39867600,"S"
"GEX","14:25:01",23.65,-0.3,1000,39860400,"S"
"GEX","14:25:00",23.65,-0.3,200,39859400,"S"
"GEX","14:24:59",23.65,-0.3,2000,39859200,"S"
"GEX","14:24:58",23.65,-0.3,900,39857200,"S"
"GEX","14:24:57",23.65,-0.3,900,39856300,"S"
"GEX","14:24:56",23.65,-0.3,500,39855400,"S"
"GEX","14:24:54",23.65,-0.3,800,39854900,"S"
"GEX","14:24:53",23.65,-0.3,3900,39854100,"B"
"GEX","14:24:51",23.65,-0.3,5000,39850200,"B"
"GEX","14:24:50",23.65,-0.3,5000,39845200,"B"
"GEX","14:24:50",23.65,-0.3,200,39840200,"B"
"GEX","14:24:50",23.7,-0.25,800,39840000,"S"
"GEX","14:24:48",23.7,-0.25,200,39839200,"S"
"GEX","14:24:48",23.7,-0.25,1000,39839000,"S"
"GEX","14:24:44",23.65,-0.3,2500,39838000,"B"
"GEX","14:24:44",23.65,-0.3,6200,39835500,"S"
"GEX","14:24:43",23.65,-0.3,4800,39829300,"B"
"GEX","14:24:42",23.65,-0.3,5000,39824500,"B"
"GEX","14:24:41",23.65,-0.3,2000,39819500,"B"
"GEX","14:24:38",23.7,-0.25,1000,39817500,"S"
"GEX","14:24:38",23.7,-0.25,2000,39816500,"S"
"GEX","14:24:33",23.65,-0.3,4600,39814500,"S"
"GEX","14:24:32",23.65,-0.3,11500,39809900,"S"
"GEX","14:24:30",23.65,-0.3,100,39798400,"S"
"GEX","14:24:29",23.65,-0.3,23500,39798300,"S"
"GEX","14:24:28",23.6,-0.35,3000,39774800,"B"
"GEX","14:24:26",23.65,-0.3,2500,39771800,"S"
"GEX","14:24:24",23.65,-0.3,600,39769300,"S"
"GEX","14:24:22",23.65,-0.3,300,39768700,"S"
"GEX","14:24:21",23.65,-0.3,3000,39768400,"S"
"GEX","14:24:20",23.65,-0.3,3100,39765400,"S"
"GEX","14:24:19",23.65,-0.3,2000,39762300,"S"
"GEX","14:24:16",23.6,-0.35,10000,39760300,"B"
"GEX","14:24:16",23.65,-0.3,200,39750300,"S"
"GEX","14:24:15",23.65,-0.3,7600,39750100,"S"
"GEX","14:24:13",23.65,-0.3,300,39742500,"S"
"GEX","14:24:12",23.65,-0.3,600,39742200,"S"
"GEX","14:24:11",23.65,-0.3,100,39741600,"S"
"GEX","14:24:10",23.6,-0.35,3000,39741500,"B"
"GEX","14:24:10",23.65,-0.3,2000,39738500,"S"
"GEX","14:24:06",23.65,-0.3,500,39736500,"S"
"GEX","14:24:06",23.6,-0.35,10000,39736000,"B"
"GEX","14:24:05",23.65,-0.3,100,39726000,"S"
"GEX","14:24:03",23.65,-0.3,21000,39725900,"S"
"GEX","14:24:01",23.6,-0.35,700,39704900,"B"
"GEX","14:24:00",23.65,-0.3,100,39704200,"S"
"GEX","14:24:00",23.6,-0.35,500,39704100,"B"
"GEX","14:24:00",23.65,-0.3,400,39703600,"S"
"GEX","14:23:59",23.65,-0.3,3000,39703200,"S"
"GEX","14:23:55",23.65,-0.3,100,39700200,"S"
"GEX","14:23:55",23.6,-0.35,2500,39700100,"B"
"GEX","14:23:54",23.6,-0.35,1000,39697600,"B"
"GEX","14:23:54",23.65,-0.3,1000,39696600,"S"
"GEX","14:23:53",23.65,-0.3,3500,39695600,"S"
"GEX","14:23:49",23.6,-0.35,1000,39692100,"B"
"GEX","14:23:48",23.65,-0.3,3000,39691100,"S"
"GEX","14:23:47",23.6,-0.35,15000,39688100,"B"
"GEX","14:23:45",23.65,-0.3,1000,39673100,"S"
"GEX","14:23:40",23.6,-0.35,1500,39672100,"B"
"GEX","14:23:36",23.6,-0.35,400,39670600,"B"
"GEX","14:23:36",23.65,-0.3,9500,39670200,"S"
"GEX","14:23:33",23.6,-0.35,2600,39660700,"S"
"GEX","14:23:32",23.6,-0.35,11100,39658100,"S"
"GEX","14:23:30",23.6,-0.35,100,39647000,"S"
"GEX","14:23:29",23.6,-0.35,15600,39646900,"S"
"GEX","14:23:28",23.6,-0.35,3000,39631300,"S"
"GEX","14:23:27",23.6,-0.35,50000,39628300,"S"
"GEX","14:23:26",23.6,-0.35,100,39578300,"S"
"GEX","14:23:25",23.6,-0.35,1300,39578200,"S"
"GEX","14:23:24",23.6,-0.35,100,39576900,"S"
"GEX","14:23:24",23.6,-0.35,1000,39576800,"S"
"GEX","14:23:23",23.6,-0.35,8500,39575800,"S"
"GEX","14:23:22",23.6,-0.35,5100,39567300,"S"
"GEX","14:23:21",23.6,-0.35,100,39562200,"S"
"GEX","14:23:20",23.6,-0.35,2000,39562100,"S"
"GEX","14:23:20",23.6,-0.35,13500,39560100,"S"
"GEX","14:23:20",23.55,-0.4,5000,39546600,"B"
"GEX","14:23:18",23.6,-0.35,500,39541600,"S"
"GEX","14:23:17",23.6,-0.35,100,39541100,"S"
"GEX","14:23:15",23.6,-0.35,1000,39541000,"S"
"GEX","14:23:15",23.6,-0.35,10000,39540000,"S"
"GEX","14:23:14",23.6,-0.35,500,39530000,"S"
"GEX","14:23:12",23.6,-0.35,10000,39529500,"S"
"GEX","14:23:10",23.6,-0.35,100,39519500,"S"
"GEX","14:23:08",23.6,-0.35,100,39519400,"S"
"GEX","14:23:08",23.6,-0.35,2000,39519300,"S"
"GEX","14:23:06",23.6,-0.35,300,39517300,"S"
"GEX","14:23:05",23.55,-0.4,11400,39517000,"B"
"GEX","14:23:04",23.6,-0.35,5000,39505600,"S"
"GEX","14:23:04",23.6,-0.35,1000,39500600,"S"
"GEX","14:23:03",23.6,-0.35,200,39499600,"S"
"GEX","14:23:02",23.6,-0.35,100,39499400,"S"
"GEX","14:23:01",23.6,-0.35,1000,39499300,"S"
"GEX","14:22:59",23.6,-0.35,30000,39498300,"S"
"GEX","14:22:58",23.6,-0.35,1000,39468300,"S"
"GEX","14:22:57",23.6,-0.35,100,39467300,"S"
"GEX","14:22:57",23.55,-0.4,1000,39467200,"B"
"GEX","14:22:55",23.6,-0.35,1000,39466200,"S"
"GEX","14:22:53",23.6,-0.35,500,39465200,"S"
"GEX","14:22:51",23.6,-0.35,6000,39464700,"S"
"GEX","14:22:49",23.6,-0.35,4000,39458700,"S"
"GEX","14:22:46",23.6,-0.35,100,39454700,"S"
"GEX","14:22:40",23.55,-0.4,22000,39454600,"S"
"GEX","14:22:38",23.55,-0.4,2000,39432600,"S"
"GEX","14:22:37",23.55,-0.4,1100,39430600,"S"
"GEX","14:22:37",23.5,-0.45,3000,39429500,"B"
"GEX","14:22:37",23.55,-0.4,3000,39426500,"S"
"GEX","14:22:36",23.55,-0.4,3200,39423500,"S"
"GEX","14:22:36",23.55,-0.4,9000,39420300,"S"
"GEX","14:22:35",23.55,-0.4,1000,39411300,"S"
"GEX","14:22:34",23.55,-0.4,10200,39410300,"S"
"GEX","14:22:34",23.55,-0.4,7000,39400100,"S"
"GEX","14:22:33",23.55,-0.4,100,39393100,"S"
"GEX","14:22:32",23.55,-0.4,500,39393000,"S"
"GEX","14:22:30",23.55,-0.4,500,39392500,"S"
"GEX","14:22:30",23.55,-0.4,5000,39392000,"S"
"GEX","14:22:29",23.55,-0.4,2000,39387000,"S"
"GEX","14:22:27",23.55,-0.4,5000,39385000,"S"
"GEX","14:22:27",23.55,-0.4,500,39380000,"S"
"GEX","14:22:26",23.55,-0.4,8600,39379500,"S"
"GEX","14:22:23",23.55,-0.4,10000,39370900,"S"
"GEX","14:22:22",23.55,-0.4,10000,39360900,"S"
"GEX","14:22:22",23.5,-0.45,2000,39350900,"B"
"GEX","14:22:21",23.55,-0.4,2000,39348900,"S"
"GEX","14:22:20",23.55,-0.4,900,39346900,"S"
"GEX","14:22:18",23.55,-0.4,100,39346000,"S"
"GEX","14:22:16",23.55,-0.4,5000,39345900,"S"
"GEX","14:22:15",23.55,-0.4,4000,39340900,"S"
"GEX","14:22:13",23.55,-0.4,5000,39336900,"S"
"GEX","14:22:12",23.55,-0.4,300,39331900,"S"
"GEX","14:22:11",23.55,-0.4,600,39331600,"S"
"GEX","14:22:10",23.5,-0.45,1000,39331000,"B"
"GEX","14:22:08",23.55,-0.4,300,39330000,"S"
"GEX","14:21:59",23.55,-0.4,2000,39329700,"S"
"GEX","14:21:58",23.5,-0.45,6200,39327700,"B"
"GEX","14:21:48",23.5,-0.45,4000,39321500,"B"
"GEX","14:21:47",23.55,-0.4,100,39317500,"S"
"GEX","14:21:46",23.5,-0.45,1000,39317400,"B"
"GEX","14:21:44",23.5,-0.45,7700,39316400,"S"
"GEX","14:21:42",23.5,-0.45,500,39308700,"S"
"GEX","14:21:41",23.5,-0.45,10000,39308200,"S"
"GEX","14:21:38",23.5,-0.45,100,39298200,"S"
"GEX","14:21:37",23.5,-0.45,2000,39298100,"S"
"GEX","14:21:35",23.5,-0.45,400,39296100,"S"
"GEX","14:21:35",23.5,-0.45,3000,39295700,"S"
"GEX","14:21:34",23.5,-0.45,2000,39292700,"S"
"GEX","14:21:32",23.5,-0.45,6700,39290700,"S"
"GEX","14:21:30",23.5,-0.45,1200,39284000,"S"
"GEX","14:21:29",23.5,-0.45,2500,39282800,"S"
"GEX","14:21:29",23.5,-0.45,1000,39280300,"S"
"GEX","14:21:28",23.5,-0.45,100,39279300,"S"
"GEX","14:21:24",23.45,-0.5,2000,39279200,"B"
"GEX","14:21:23",23.5,-0.45,300,39277200,"S"
"GEX","14:21:23",23.5,-0.45,41300,39276900,"S"
"GEX","14:21:22",23.5,-0.45,500,39235600,"S"
"GEX","14:21:19",23.5,-0.45,20400,39235100,"S"
"GEX","14:21:15",23.5,-0.45,3200,39214700,"S"
"GEX","14:21:14",23.45,-0.5,5000,39211500,"B"
"GEX","14:21:12",23.5,-0.45,1000,39206500,"S"
"GEX","14:21:10",23.45,-0.5,5200,39205500,"B"
"GEX","14:21:09",23.45,-0.5,1800,39200300,"B"
"GEX","14:21:09",23.5,-0.45,2000,39198500,"S"
"GEX","14:21:09",23.5,-0.45,500,39196500,"S"
"GEX","14:21:07",23.5,-0.45,1500,39196000,"S"
"GEX","14:21:04",23.5,-0.45,500,39194500,"S"
"GEX","14:21:02",23.5,-0.45,400,39194000,"S"
"GEX","14:21:00",23.45,-0.5,2000,39193600,"B"
"GEX","14:20:59",23.45,-0.5,1000,39191600,"B"
"GEX","14:20:57",23.5,-0.45,20000,39190600,"S"
"GEX","14:20:57",23.5,-0.45,2000,39170600,"S"
"GEX","14:20:55",23.5,-0.45,2300,39168600,"S"
"GEX","14:20:54",23.5,-0.45,4000,39166300,"S"
"GEX","14:20:53",23.5,-0.45,1000,39162300,"S"
"GEX","14:20:48",23.5,-0.45,100,39161300,"S"
"GEX","14:20:48",23.5,-0.45,37500,39161200,"S"
"GEX","14:20:47",23.45,-0.5,400,39123700,"B"
"GEX","14:20:47",23.5,-0.45,10000,39123300,"S"
"GEX","14:20:47",23.5,-0.45,2000,39113300,"S"
"GEX","14:20:46",23.5,-0.45,400,39111300,"S"
"GEX","14:20:45",23.5,-0.45,200,39110900,"S"
"GEX","14:20:43",23.5,-0.45,5000,39110700,"S"
"GEX","14:20:42",23.5,-0.45,500,39105700,"S"
"GEX","14:20:37",23.5,-0.45,10000,39105200,"S"
"GEX","14:20:33",23.5,-0.45,1000,39095200,"S"
"GEX","14:20:31",23.5,-0.45,300,39094200,"S"
"GEX","14:20:29",23.5,-0.45,500,39093900,"S"
"GEX","14:20:27",23.5,-0.45,10000,39093400,"S"
"GEX","14:20:25",23.5,-0.45,1000,39083400,"S"
"GEX","14:20:21",23.5,-0.45,5000,39082400,"S"
"GEX","14:20:20",23.5,-0.45,2600,39077400,"S"
"GEX","14:20:18",23.5,-0.45,2900,39074800,"S"
"GEX","14:20:15",23.5,-0.45,1000,39071900,"S"
"GEX","14:20:13",23.5,-0.45,100,39070900,"S"
"GEX","14:20:13",23.5,-0.45,1000,39070800,"S"
"GEX","14:20:08",23.5,-0.45,100,39069800,"S"
"GEX","14:20:07",23.5,-0.45,18400,39069700,"B"
"GEX","14:20:06",23.55,-0.4,1000,39051300,"S"
"GEX","14:20:04",23.5,-0.45,1000,39050300,"B"
"GEX","14:20:02",23.55,-0.4,100,39049300,"S"
"GEX","14:20:01",23.5,-0.45,10000,39049200,"B"
"GEX","14:20:00",23.55,-0.4,5000,39039200,"S"
"GEX","14:19:59",23.55,-0.4,1000,39034200,"S"
"GEX","14:19:59",23.5,-0.45,100,39033200,"B"
"GEX","14:19:58",23.55,-0.4,1000,39033100,"S"
"GEX","14:19:53",23.5,-0.45,1000,39032100,"B"
"GEX","14:19:53",23.5,-0.45,14000,39031100,"B"
"GEX","14:19:52",23.5,-0.45,52000,39017100,"B"
"GEX","14:19:51",23.5,-0.45,5000,38965100,"B"
"GEX","14:19:44",23.5,-0.45,1000,38960100,"B"
"GEX","14:19:43",23.55,-0.4,20000,38959100,"S"
"GEX","14:19:36",23.5,-0.45,1400,38939100,"B"
"GEX","14:19:35",23.5,-0.45,20000,38937700,"B"
"GEX","14:19:35",23.55,-0.4,500,38917700,"S"
"GEX","14:19:32",23.5,-0.45,3000,38917200,"B"
"GEX","14:19:26",23.5,-0.45,41500,38914200,"S"
"GEX","14:19:25",23.45,-0.5,5000,38872700,"B"
"GEX","14:19:25",23.5,-0.45,20000,38867700,"S"
"GEX","14:19:23",23.5,-0.45,1200,38847700,"S"
"GEX","14:19:23",23.45,-0.5,5000,38846500,"B"
"GEX","14:19:22",23.5,-0.45,2000,38841500,"S"
"GEX","14:19:20",23.5,-0.45,500,38839500,"S"
"GEX","14:19:19",23.5,-0.45,32200,38839000,"S"
"GEX","14:19:18",23.5,-0.45,4300,38806800,"S"
"GEX","14:19:15",23.5,-0.45,30100,38802500,"S"
"GEX","14:19:14",23.5,-0.45,2100,38772400,"S"
"GEX","14:19:13",23.5,-0.45,300,38770300,"S"
"GEX","14:19:13",23.5,-0.45,5000,38770000,"S"
"GEX","14:19:12",23.5,-0.45,6000,38765000,"S"
"GEX","14:19:09",23.5,-0.45,1000,38759000,"S"
"GEX","14:19:04",23.5,-0.45,2000,38758000,"S"
"GEX","14:19:04",23.45,-0.5,100,38756000,"B"
"GEX","14:18:58",23.45,-0.5,500,38755900,"B"
"GEX","14:18:57",23.5,-0.45,100,38755400,"S"
"GEX","14:18:57",23.45,-0.5,28000,38755300,"S"
"GEX","14:18:56",23.45,-0.5,500,38727300,"S"
"GEX","14:18:55",23.45,-0.5,3000,38726800,"S"
"GEX","14:18:54",23.45,-0.5,200,38723800,"S"
"GEX","14:18:53",23.45,-0.5,20000,38723600,"S"
"GEX","14:18:53",23.45,-0.5,1000,38703600,"S"
"GEX","14:18:48",23.4,-0.55,400,38702600,"B"
"GEX","14:18:48",23.45,-0.5,3000,38702200,"S"
"GEX","14:18:45",23.45,-0.5,1800,38699200,"S"
"GEX","14:18:44",23.4,-0.55,100,38697400,"B"
"GEX","14:18:44",23.45,-0.5,800,38697300,"S"
"GEX","14:18:39",23.45,-0.5,3000,38696500,"S"
"GEX","14:18:37",23.4,-0.55,100,38693500,"B"
"GEX","14:18:36",23.45,-0.5,200,38693400,"S"
"GEX","14:18:34",23.45,-0.5,4000,38693200,"S"
"GEX","14:18:34",23.4,-0.55,5000,38689200,"B"
"GEX","14:18:31",23.45,-0.5,1000,38684200,"S"
"GEX","14:18:30",23.4,-0.55,16300,38683200,"S"
"GEX","14:18:29",23.4,-0.55,500,38666900,"S"
"GEX","14:18:28",23.4,-0.55,100,38666400,"S"
"GEX","14:18:27",23.4,-0.55,20000,38666300,"S"
"GEX","14:18:27",23.4,-0.55,500,38646300,"S"
"GEX","14:18:27",23.4,-0.55,5000,38643800,"S"
"GEX","14:18:26",23.35,-0.6,200,38638800,"B"
"GEX","14:18:25",23.4,-0.55,21100,38638600,"S"
"GEX","14:18:25",23.4,-0.55,1000,38617500,"S"
"GEX","14:18:24",23.4,-0.55,100,38616500,"S"
"GEX","14:18:23",23.4,-0.55,3000,38616400,"S"
"GEX","14:18:23",23.4,-0.55,800,38613400,"S"
"GEX","14:18:20",23.35,-0.6,500,38612600,"B"
"GEX","14:18:20",23.4,-0.55,20000,38612100,"S"
"GEX","14:18:17",23.35,-0.6,156900,38592100,"S"
"GEX","14:18:17",23.3,-0.65,2000,38435200,"B"
"GEX","14:18:17",23.35,-0.6,1000,38433200,"S"
"GEX","14:18:16",23.35,-0.6,15900,38432200,"S"
"GEX","14:18:14",23.35,-0.6,33500,38416300,"S"
"GEX","14:18:10",23.35,-0.6,5000,38382800,"S"
"GEX","14:18:09",23.3,-0.65,100,38377800,"B"
"GEX","14:18:07",23.35,-0.6,1300,38377700,"S"
"GEX","14:18:06",23.3,-0.65,1600,38376400,"B"
"GEX","14:18:04",23.3,-0.65,6900,38374800,"S"
"GEX","14:18:03",23.3,-0.65,1000,38367900,"S"
"GEX","14:18:03",23.3,-0.65,10000,38366900,"S"
"GEX","14:18:02",23.3,-0.65,3200,38356900,"S"
"GEX","14:18:02",23.3,-0.65,21000,38353700,"S"
"GEX","14:18:01",23.3,-0.65,72300,38332700,"S"
"GEX","14:18:00",23.3,-0.65,30000,38260400,"S"
"GEX","14:18:00",23.3,-0.65,1000,38230400,"S"
"GEX","14:17:59",23.3,-0.65,100,38229400,"S"
"GEX","14:17:58",23.3,-0.65,500,38229300,"S"
"GEX","14:17:57",23.3,-0.65,100,38228800,"S"
"GEX","14:17:57",23.3,-0.65,500,38228700,"S"
"GEX","14:17:56",23.3,-0.65,20500,38228200,"S"
"GEX","14:17:55",23.3,-0.65,4000,38207700,"S"
"GEX","14:17:54",23.3,-0.65,15200,38203700,"S"
"GEX","14:17:54",23.3,-0.65,5000,38188500,"S"
"GEX","14:17:53",23.25,-0.7,100,38183500,"B"
"GEX","14:17:52",23.3,-0.65,400,38183400,"S"
"GEX","14:17:48",23.25,-0.7,3000,38183000,"B"
"GEX","14:17:48",23.3,-0.65,3000,38180000,"S"
"GEX","14:17:47",23.3,-0.65,5800,38177000,"S"
"GEX","14:17:44",23.25,-0.7,4000,38171200,"B"
"GEX","14:17:42",23.25,-0.7,300,38167200,"B"
"GEX","14:17:39",23.25,-0.7,5000,38166900,"B"
"GEX","14:17:37",23.25,-0.7,13000,38161900,"B"
"GEX","14:17:36",23.25,-0.7,82400,38148900,"S"
"GEX","14:17:35",23.25,-0.7,20000,38066500,"S"
"GEX","14:17:26",23.25,-0.7,5000,38046500,"S"
"GEX","14:17:23",23.25,-0.7,10000,38041500,"S"
"GEX","14:17:19",23.25,-0.7,5000,38031500,"S"
"GEX","14:17:14",23.25,-0.7,9800,38026500,"S"
"GEX","14:17:08",23.25,-0.7,10000,38016700,"S"
"GEX","14:17:07",23.25,-0.7,100,38006700,"S"
"GEX","14:17:04",23.25,-0.7,8900,38006600,"S"
"GEX","14:17:03",23.25,-0.7,1000,37997700,"S"
"GEX","14:17:01",23.2,-0.75,8000,37996700,"B"
"GEX","14:17:00",23.2,-0.75,13000,37988700,"B"
"GEX","14:16:59",23.25,-0.7,200,37975700,"S"
"GEX","14:16:58",23.25,-0.7,5100,37975500,"S"
"GEX","14:16:54",23.25,-0.7,20000,37970400,"S"
"GEX","14:16:53",23.25,-0.7,10000,37950400,"S"
"GEX","14:16:52",23.2,-0.75,20000,37940400,"B"
"GEX","14:16:51",23.25,-0.7,5000,37920400,"S"
"GEX","14:16:50",23.25,-0.7,5000,37915400,"S"
"GEX","14:16:50",23.25,-0.7,500,37910400,"S"
"GEX","14:16:49",23.25,-0.7,300,37909900,"S"
"GEX","14:16:49",23.25,-0.7,100,37909600,"S"
"GEX","14:16:47",23.25,-0.7,900,37909500,"S"
"GEX","14:16:44",23.25,-0.7,500,37908600,"S"
"GEX","14:16:39",23.25,-0.7,10000,37908100,"S"
"GEX","14:16:36",23.25,-0.7,10300,37898100,"S"
"GEX","14:16:28",23.25,-0.7,600,37887800,"S"
"GEX","14:16:27",23.25,-0.7,2000,37887200,"S"
"GEX","14:16:25",23.25,-0.7,200,37885200,"S"
"GEX","14:16:22",23.25,-0.7,3000,37885000,"S"
"GEX","14:16:21",23.2,-0.75,4000,37882000,"B"
"GEX","14:16:16",23.25,-0.7,500,37878000,"S"
"GEX","14:16:13",23.25,-0.7,100,37877500,"S"
"GEX","14:16:11",23.25,-0.7,5000,37877400,"S"
"GEX","14:16:09",23.25,-0.7,5000,37872400,"S"
"GEX","14:16:08",23.25,-0.7,1300,37867400,"S"
"GEX","14:16:07",23.25,-0.7,100,37866100,"S"
"GEX","14:16:06",23.25,-0.7,12500,37866000,"S"
"GEX","14:16:00",23.25,-0.7,20000,37853500,"S"
"GEX","14:15:59",23.25,-0.7,800,37833500,"S"
"GEX","14:15:51",23.25,-0.7,200,37832700,"S"
"GEX","14:15:48",23.25,-0.7,3000,37832500,"S"
"GEX","14:15:47",23.25,-0.7,200,37829500,"S"
"GEX","14:15:46",23.25,-0.7,100,37829300,"S"
"GEX","14:15:44",23.25,-0.7,100,37829200,"S"
"GEX","14:15:41",23.2,-0.75,1200,37829100,"B"
"GEX","14:15:39",23.25,-0.7,1000,37827900,"S"
"GEX","14:15:38",23.25,-0.7,2000,37826900,"S"
"GEX","14:15:37",23.25,-0.7,100,37824900,"S"
"GEX","14:15:36",23.25,-0.7,2800,37824800,"S"
"GEX","14:15:36",23.2,-0.75,5000,37822000,"B"
"GEX","14:15:33",23.25,-0.7,6400,37817000,"B"
"GEX","14:15:32",23.25,-0.7,300,37810600,"B"
"GEX","14:15:31",23.25,-0.7,2800,37810300,"B"
"GEX","14:15:31",23.25,-0.7,5000,37807500,"B"
"GEX","14:15:29",23.25,-0.7,5000,37802500,"B"
"GEX","14:15:25",23.25,-0.7,10000,37797500,"B"
"GEX","14:15:23",23.3,-0.65,1000,37787500,"S"
"GEX","14:15:22",23.25,-0.7,150000,37786500,"B"
"GEX","14:15:21",23.25,-0.7,10000,37636500,"B"
"GEX","14:15:20",23.3,-0.65,800,37626500,"S"
"GEX","14:15:15",23.25,-0.7,1000,37625700,"B"
"GEX","14:15:14",23.3,-0.65,200,37624700,"S"
"GEX","14:15:11",23.25,-0.7,1000,37624500,"B"
"GEX","14:15:09",23.25,-0.7,30000,37623500,"B"
"GEX","14:15:08",23.3,-0.65,1000,37593500,"S"
"GEX","14:14:59",23.25,-0.7,6100,37592500,"B"
"GEX","14:14:53",23.3,-0.65,500,37586400,"S"
"GEX","14:14:45",23.3,-0.65,1000,37585900,"S"
"GEX","14:14:44",23.25,-0.7,300,37584900,"B"
"GEX","14:14:42",23.3,-0.65,1000,37584600,"S"
"GEX","14:14:38",23.3,-0.65,100,37583600,"S"
"GEX","14:14:36",23.25,-0.7,700,37583500,"B"
"GEX","14:14:36",23.3,-0.65,1000,37582800,"S"
"GEX","14:14:32",23.25,-0.7,1500,37581800,"B"
"GEX","14:14:32",23.3,-0.65,500,37580300,"S"
"GEX","14:14:30",23.3,-0.65,700,37579800,"S"
"GEX","14:14:29",23.25,-0.7,2000,37579100,"B"
"GEX","14:14:28",23.3,-0.65,600,37577100,"S"
"GEX","14:14:27",23.25,-0.7,500,37576500,"B"
"GEX","14:14:23",23.3,-0.65,1200,37576000,"S"
"GEX","14:14:21",23.3,-0.65,100,37574800,"S"
"GEX","14:14:20",23.3,-0.65,28000,37574700,"S"
"GEX","14:14:19",23.3,-0.65,100,37546700,"S"
"GEX","14:14:17",23.25,-0.7,4700,37546600,"B"
"GEX","14:14:12",23.3,-0.65,5000,37541900,"S"
"GEX","14:14:12",23.3,-0.65,300,37536900,"S"
"GEX","14:14:05",23.3,-0.65,5000,37536600,"S"
"GEX","14:14:04",23.3,-0.65,5100,37531600,"S"
"GEX","14:13:59",23.3,-0.65,1600,37526500,"S"
"GEX","14:13:50",23.3,-0.65,1000,37524900,"S"
"GEX","14:13:45",23.25,-0.7,1000,37523900,"B"
"GEX","14:13:44",23.3,-0.65,500,37522900,"S"
"GEX","14:13:43",23.3,-0.65,100,37522400,"S"
"GEX","14:13:38",23.3,-0.65,2000,37522300,"S"
"GEX","14:13:34",23.3,-0.65,100,37520300,"S"
"GEX","14:13:32",23.3,-0.65,13000,37520200,"B"
"GEX","14:13:31",23.3,-0.65,50000,37507200,"B"
"GEX","14:13:30",23.35,-0.6,500,37457200,"S"
"GEX","14:13:30",23.3,-0.65,4000,37456700,"B"
"GEX","14:13:29",23.3,-0.65,200,37452700,"B"
"GEX","14:13:28",23.3,-0.65,500,37452500,"B"
"GEX","14:13:25",23.3,-0.65,1000,37452000,"B"
"GEX","14:13:24",23.3,-0.65,4000,37451000,"B"
"GEX","14:13:23",23.3,-0.65,1000,37447000,"B"
"GEX","14:13:22",23.3,-0.65,200,37446000,"B"
"GEX","14:13:21",23.3,-0.65,30000,37445800,"B"
"GEX","14:13:20",23.3,-0.65,10000,37415800,"B"
"GEX","14:13:12",23.35,-0.6,6000,37398800,"S"
"GEX","14:13:08",23.3,-0.65,2000,37392800,"B"
"GEX","14:13:07",23.35,-0.6,2000,37390800,"S"
"GEX","14:13:03",23.3,-0.65,11000,37388800,"B"
"GEX","14:13:00",23.3,-0.65,5000,37377800,"B"
"GEX","14:12:59",23.3,-0.65,5000,37372800,"B"
"GEX","14:12:57",23.35,-0.6,11000,37367800,"S"
"GEX","14:12:52",23.35,-0.6,800,37356800,"S"
"GEX","14:12:49",23.35,-0.6,800,37356000,"S"
"GEX","14:12:47",23.3,-0.65,3000,37355200,"B"
"GEX","14:12:40",23.35,-0.6,1000,37352200,"S"
"GEX","14:12:37",23.35,-0.6,500,37351200,"S"
"GEX","14:12:35",23.35,-0.6,5000,37350700,"S"
"GEX","14:12:33",23.35,-0.6,100,37345700,"S"
"GEX","14:12:31",23.35,-0.6,900,37345600,"S"
"GEX","14:12:25",23.35,-0.6,8400,37344700,"B"
"GEX","14:12:22",23.35,-0.6,13000,37336300,"B"
"GEX","14:12:22",23.4,-0.55,400,37323300,"S"
"GEX","14:12:21",23.35,-0.6,10000,37322900,"B"
"GEX","14:12:20",23.35,-0.6,2600,37312900,"B"
"GEX","14:12:15",23.35,-0.6,7500,37310300,"B"
"GEX","14:12:13",23.4,-0.55,100,37302800,"S"
"GEX","14:12:09",23.35,-0.6,500,37302700,"B"
"GEX","14:12:07",23.35,-0.6,6000,37302200,"B"
"GEX","14:12:06",23.35,-0.6,5000,37296200,"B"
"GEX","14:12:00",23.35,-0.6,500,37291200,"B"
"GEX","14:11:59",23.35,-0.6,5000,37290700,"B"
"GEX","14:11:58",23.35,-0.6,44200,37285700,"S"
"GEX","14:11:58",23.35,-0.6,200,37241500,"S"
"GEX","14:11:55",23.35,-0.6,20000,37241300,"S"
"GEX","14:11:54",23.35,-0.6,1000,37221300,"S"
"GEX","14:11:46",23.35,-0.6,7200,37220300,"S"
"GEX","14:11:43",23.35,-0.6,5000,37213100,"S"
"GEX","14:11:39",23.35,-0.6,500,37208100,"S"
"GEX","14:11:36",23.35,-0.6,1000,37207600,"S"
"GEX","14:11:29",23.35,-0.6,300,37206600,"S"
"GEX","14:11:26",23.35,-0.6,2000,37206300,"S"
"GEX","14:11:22",23.3,-0.65,700,37204300,"B"
"GEX","14:11:21",23.3,-0.65,2200,37203600,"B"
"GEX","14:11:20",23.3,-0.65,2300,37201400,"B"
"GEX","14:11:06",23.3,-0.65,100,37199100,"B"
"GEX","14:11:06",23.35,-0.6,5100,37199000,"S"
"GEX","14:11:04",23.3,-0.65,2000,37193900,"B"
"GEX","14:11:03",23.35,-0.6,5000,37191900,"S"
"GEX","14:11:02",23.3,-0.65,100,37186900,"B"
"GEX","14:10:58",23.35,-0.6,2200,37186800,"S"
"GEX","14:10:58",23.3,-0.65,6000,37184600,"B"
"GEX","14:10:55",23.35,-0.6,10000,37178600,"S"
"GEX","14:10:54",23.3,-0.65,2000,37168600,"B"
"GEX","14:10:53",23.3,-0.65,10000,37166600,"B"
"GEX","14:10:50",23.35,-0.6,2000,37156600,"S"
"GEX","14:10:43",23.3,-0.65,1500,37154600,"B"
"GEX","14:10:43",23.35,-0.6,3000,37153100,"S"
"GEX","14:10:38",23.3,-0.65,1000,37150100,"B"
"GEX","14:10:30",23.3,-0.65,5000,37149100,"B"
"GEX","14:10:25",23.3,-0.65,200,37144100,"B"
"GEX","14:10:24",23.3,-0.65,1700,37143900,"B"
"GEX","14:10:20",23.3,-0.65,20600,37142200,"S"
"GEX","14:10:18",23.3,-0.65,1000,37121600,"S"
"GEX","14:10:17",23.3,-0.65,6500,37120600,"S"
"GEX","14:10:14",23.3,-0.65,1000,37114100,"S"
"GEX","14:10:12",23.3,-0.65,18100,37113100,"S"
"GEX","14:10:05",23.3,-0.65,500,37095000,"S"
"GEX","14:10:03",23.3,-0.65,1000,37094500,"S"
"GEX","14:10:02",23.3,-0.65,5000,37093500,"S"
"GEX","14:10:00",23.3,-0.65,1900,37088500,"S"
"GEX","14:09:56",23.3,-0.65,3000,37086600,"S"
"GEX","14:09:53",23.3,-0.65,100,37083600,"S"
"GEX","14:09:50",23.3,-0.65,900,37083500,"S"
"GEX","14:09:49",23.3,-0.65,40000,37082600,"S"
"GEX","14:09:46",23.25,-0.7,33100,37042600,"B"
"GEX","14:09:46",23.3,-0.65,100,37009500,"S"
"GEX","14:09:43",23.3,-0.65,15000,37009400,"S"
"GEX","14:09:40",23.3,-0.65,8000,36994400,"S"
"GEX","14:09:37",23.3,-0.65,100,36986400,"S"
"GEX","14:09:36",23.3,-0.65,200,36986300,"S"
"GEX","14:09:35",23.3,-0.65,500,36986100,"S"
"GEX","14:09:34",23.3,-0.65,300,36985600,"S"
"GEX","14:09:32",23.3,-0.65,100,36985300,"S"
"GEX","14:09:30",23.3,-0.65,100,36985200,"S"
"GEX","14:09:28",23.3,-0.65,2000,36985100,"S"
"GEX","14:09:28",23.25,-0.7,900,36983100,"B"
"GEX","14:09:18",23.25,-0.7,600,36982200,"B"
"GEX","14:09:06",23.25,-0.7,100,36981600,"B"
"GEX","14:08:55",23.3,-0.65,200,36981500,"S"
"GEX","14:08:41",23.25,-0.7,500,36981300,"B"
"GEX","14:08:37",23.25,-0.7,1000,36980800,"B"
"GEX","14:08:30",23.25,-0.7,4100,36979800,"B"
"GEX","14:08:29",23.25,-0.7,900,36975700,"B"
"GEX","14:08:24",23.3,-0.65,1300,36974800,"S"
"GEX","14:08:20",23.25,-0.7,7500,36973500,"B"
"GEX","14:08:10",23.25,-0.7,8800,36966000,"S"
"GEX","14:08:09",23.2,-0.75,35500,36957200,"B"
"GEX","14:08:09",23.25,-0.7,34500,36921700,"B"
"GEX","14:08:08",23.25,-0.7,100,36887200,"B"
"GEX","14:08:01",23.3,-0.65,100,36887100,"S"
"GEX","14:08:01",23.25,-0.7,2000,36887000,"B"
"GEX","14:07:48",23.3,-0.65,1000,36885000,"S"
"GEX","14:07:43",23.25,-0.7,2200,36884000,"B"
"GEX","14:07:38",23.25,-0.7,500,36881800,"B"
"GEX","14:07:36",23.25,-0.7,1000,36881300,"B"
"GEX","14:07:35",23.3,-0.65,2000,36880300,"S"
"GEX","14:07:32",23.25,-0.7,2000,36878300,"B"
"GEX","14:07:27",23.25,-0.7,5000,36876300,"B"
"GEX","14:07:26",23.25,-0.7,1400,36871300,"B"
"GEX","14:07:22",23.25,-0.7,400,36869900,"B"
"GEX","14:07:18",23.25,-0.7,5000,36869500,"B"
"GEX","14:07:17",23.25,-0.7,1000,36864500,"B"
"GEX","14:07:13",23.25,-0.7,3300,36863500,"S"
"GEX","14:07:13",23.25,-0.7,5000,36860200,"S"
"GEX","14:07:12",23.25,-0.7,100,36855200,"S"
"GEX","14:07:11",23.25,-0.7,200,36855100,"S"
"GEX","14:07:03",23.25,-0.7,2300,36854900,"S"
"GEX","14:06:59",23.25,-0.7,2000,36852600,"S"
"GEX","14:06:58",23.2,-0.75,200,36850600,"B"
"GEX","14:06:57",23.25,-0.7,10000,36850200,"S"
"GEX","14:06:56",23.25,-0.7,10000,36840200,"S"
"GEX","14:06:54",23.2,-0.75,1000,36830200,"B"
"GEX","14:06:53",23.2,-0.75,500,36829200,"B"
"GEX","14:06:51",23.2,-0.75,5500,36828700,"B"
"GEX","14:06:51",23.25,-0.7,200,36823200,"S"
"GEX","14:06:48",23.25,-0.7,1800,36823000,"S"
"GEX","14:06:47",23.25,-0.7,2000,36821200,"S"
"GEX","14:06:46",23.2,-0.75,1000,36819200,"B"
"GEX","14:06:46",23.25,-0.7,100,36818200,"S"
"GEX","14:06:45",23.25,-0.7,16000,36818100,"S"
"GEX","14:06:42",23.25,-0.7,1000,36802100,"S"
"GEX","14:06:42",23.2,-0.75,300,36801100,"B"
"GEX","14:06:42",23.25,-0.7,1900,36800800,"S"
"GEX","14:06:41",23.25,-0.7,13600,36798900,"S"
"GEX","14:06:37",23.25,-0.7,500,36785300,"S"
"GEX","14:06:37",23.2,-0.75,1200,36784800,"B"
"GEX","14:06:29",23.25,-0.7,1000,36783600,"S"
"GEX","14:06:26",23.25,-0.7,2000,36782600,"S"
"GEX","14:06:25",23.25,-0.7,100,36780600,"S"
"GEX","14:06:24",23.25,-0.7,600,36780500,"B"
"GEX","14:06:23",23.25,-0.7,43500,36779900,"B"
"GEX","14:06:18",23.25,-0.7,500,36736400,"B"
"GEX","14:06:15",23.25,-0.7,1000,36735900,"B"
"GEX","14:06:14",23.25,-0.7,13000,36734900,"B"
"GEX","14:06:13",23.3,-0.65,100,36721900,"S"
"GEX","14:06:10",23.25,-0.7,27000,36721600,"B"
"GEX","14:06:09",23.25,-0.7,1000,36694600,"B"
"GEX","14:06:08",23.25,-0.7,3000,36693600,"B"
"GEX","14:06:07",23.25,-0.7,200,36690600,"B"
"GEX","14:06:03",23.25,-0.7,1000,36690400,"B"
"GEX","14:06:00",23.25,-0.7,300,36689400,"B"
"GEX","14:05:58",23.3,-0.65,3000,36689100,"S"
"GEX","14:05:56",23.3,-0.65,500,36686100,"S"
"GEX","14:05:51",23.25,-0.7,500,36685600,"B"
"GEX","14:05:47",23.3,-0.65,100,36685100,"S"
"GEX","14:05:47",23.25,-0.7,500,36685000,"B"
"GEX","14:05:46",23.3,-0.65,400,36684500,"S"
"GEX","14:05:44",23.25,-0.7,1700,36684100,"B"
"GEX","14:05:43",23.3,-0.65,1000,36682400,"S"
"GEX","14:05:43",23.25,-0.7,2400,36681400,"S"
"GEX","14:05:42",23.25,-0.7,9600,36679000,"B"
"GEX","14:05:40",23.3,-0.65,2000,36669400,"S"
"GEX","14:05:39",23.25,-0.7,2000,36667400,"B"
"GEX","14:05:38",23.25,-0.7,2700,36665400,"B"
"GEX","14:05:37",23.25,-0.7,10000,36662700,"B"
"GEX","14:05:34",23.3,-0.65,1000,36652700,"S"
"GEX","14:05:33",23.25,-0.7,1000,36651700,"B"
"GEX","14:05:30",23.3,-0.65,4200,36650700,"S"
"GEX","14:05:29",23.3,-0.65,500,36646500,"S"
"GEX","14:05:28",23.25,-0.7,30800,36646000,"B"
"GEX","14:05:23",23.25,-0.7,2100,36615200,"B"
"GEX","14:05:23",23.3,-0.65,1300,36613100,"S"
"GEX","14:05:22",23.25,-0.7,20300,36611800,"B"
"GEX","14:05:19",23.3,-0.65,500,36591500,"S"
"GEX","14:05:17",23.25,-0.7,2500,36591000,"B"
"GEX","14:05:16",23.3,-0.65,2200,36588500,"S"
"GEX","14:05:13",23.3,-0.65,6000,36586300,"S"
"GEX","14:05:13",23.25,-0.7,900,36580300,"B"
"GEX","14:05:12",23.25,-0.7,5000,36579400,"B"
"GEX","14:05:10",23.3,-0.65,100,36574400,"B"
"GEX","14:05:09",23.3,-0.65,6000,36574300,"B"
"GEX","14:05:07",23.3,-0.65,11600,36568300,"B"
"GEX","14:05:06",23.3,-0.65,12700,36556700,"B"
"GEX","14:05:04",23.35,-0.6,400,36544000,"S"
"GEX","14:05:04",23.3,-0.65,22000,36543600,"B"
"GEX","14:05:03",23.3,-0.65,100,36521600,"B"
"GEX","14:04:59",23.3,-0.65,100,36521500,"B"
"GEX","14:04:57",23.35,-0.6,37400,36521400,"S"
"GEX","14:04:56",23.3,-0.65,2400,36484000,"B"
"GEX","14:04:54",23.3,-0.65,1200,36481600,"B"
"GEX","14:04:52",23.35,-0.6,500,36480400,"S"
"GEX","14:04:51",23.35,-0.6,100,36479900,"S"
"GEX","14:04:50",23.3,-0.65,1000,36479800,"B"
"GEX","14:04:49",23.3,-0.65,5000,36478800,"B"
"GEX","14:04:48",23.3,-0.65,500,36473800,"B"
"GEX","14:04:47",23.3,-0.65,3500,36473300,"B"
"GEX","14:04:47",23.35,-0.6,34000,36469800,"B"
"GEX","14:04:46",23.4,-0.55,2000,36435800,"S"
"GEX","14:04:45",23.35,-0.6,5000,36433800,"B"
"GEX","14:04:42",23.35,-0.6,900,36428800,"B"
"GEX","14:04:38",23.4,-0.55,61200,36427900,"B"
"GEX","14:04:36",23.45,-0.5,100,36366700,"S"
"GEX","14:04:33",23.45,-0.5,100,36366600,"S"
"GEX","14:04:31",23.45,-0.5,1200,36366500,"S"
"GEX","14:04:30",23.45,-0.5,2000,36365300,"S"
"GEX","14:04:29",23.45,-0.5,500,36363300,"S"
"GEX","14:04:27",23.45,-0.5,1100,36362800,"S"
"GEX","14:04:26",23.4,-0.55,5000,36361700,"B"
"GEX","14:04:26",23.45,-0.5,200,36356700,"S"
"GEX","14:04:25",23.45,-0.5,400,36356500,"S"
"GEX","14:04:23",23.4,-0.55,1200,36356100,"B"
"GEX","14:04:22",23.45,-0.5,1000,36354900,"S"
"GEX","14:04:22",23.45,-0.5,700,36353900,"S"
"GEX","14:04:17",23.45,-0.5,3000,36353200,"S"
"GEX","14:04:17",23.45,-0.5,3000,36350200,"S"
"GEX","14:04:16",23.45,-0.5,1000,36347200,"S"
"GEX","14:04:15",23.45,-0.5,1400,36346200,"S"
"GEX","14:04:15",23.45,-0.5,300,36344800,"B"
"GEX","14:04:14",23.45,-0.5,18100,36339500,"B"
"GEX","14:04:13",23.45,-0.5,3000,36321400,"B"
"GEX","14:04:13",23.5,-0.45,2600,36318400,"S"
"GEX","14:04:11",23.45,-0.5,1100,36315800,"B"
"GEX","14:04:07",23.45,-0.5,1000,36314700,"B"
"GEX","14:04:06",23.5,-0.45,1000,36313700,"S"
"GEX","14:04:06",23.5,-0.45,2300,36312700,"S"
"GEX","14:04:05",23.5,-0.45,1700,36310400,"S"
"GEX","14:04:04",23.5,-0.45,400,36308700,"B"
"GEX","14:04:04",23.5,-0.45,1000,36308300,"B"
"GEX","14:04:02",23.5,-0.45,1700,36307300,"S"
"GEX","14:04:01",23.5,-0.45,300,36305600,"B"
"GEX","14:04:00",23.5,-0.45,4800,36305300,"S"
"GEX","14:04:00",23.5,-0.45,9400,36300500,"B"
"GEX","14:04:00",23.55,-0.4,2900,36291100,"S"
"GEX","14:03:58",23.5,-0.45,400,36288200,"B"
"GEX","14:03:57",23.5,-0.45,100,36287800,"B"
"GEX","14:03:56",23.5,-0.45,6000,36287700,"B"
"GEX","14:03:55",23.5,-0.45,40000,36281700,"B"
"GEX","14:03:54",23.5,-0.45,4000,36241700,"B"
"GEX","14:03:54",23.55,-0.4,500,36237700,"S"
"GEX","14:03:53",23.5,-0.45,5000,36237200,"B"
"GEX","14:03:51",23.55,-0.4,400,36232200,"S"
"GEX","14:03:50",23.5,-0.45,1000,36231800,"B"
"GEX","14:03:48",23.5,-0.45,1800,36230800,"B"
"GEX","14:03:45",23.55,-0.4,500,36229000,"S"
"GEX","14:03:44",23.55,-0.4,200,36228500,"S"
"GEX","14:03:41",23.5,-0.45,900,36228300,"B"
"GEX","14:03:39",23.55,-0.4,100,36227400,"S"
"GEX","14:03:39",23.55,-0.4,3000,36227300,"S"
"GEX","14:03:38",23.55,-0.4,900,36224300,"B"
"GEX","14:03:37",23.55,-0.4,1000,36223400,"B"
"GEX","14:03:36",23.55,-0.4,10000,36222400,"B"
"GEX","14:03:35",23.55,-0.4,3000,36212400,"B"
"GEX","14:03:34",23.6,-0.35,20000,36209400,"S"
"GEX","14:03:32",23.55,-0.4,100,36189400,"B"
"GEX","14:03:32",23.55,-0.4,35800,36189300,"S"
"GEX","14:03:29",23.55,-0.4,400,36153500,"S"
"GEX","14:03:28",23.55,-0.4,15000,36153100,"S"
"GEX","14:03:26",23.55,-0.4,3000,36138100,"S"
"GEX","14:03:26",23.55,-0.4,1000,36135100,"S"
"GEX","14:03:22",23.5,-0.45,5000,36134100,"B"
"GEX","14:03:21",23.5,-0.45,158600,36129100,"S"
"GEX","14:03:21",23.5,-0.45,20400,35970500,"S"
"GEX","14:03:21",23.45,-0.5,29600,35950100,"S"
"GEX","14:03:19",23.45,-0.5,6000,35920500,"S"
"GEX","14:03:18",23.45,-0.5,39400,35914500,"B"
"GEX","14:03:18",23.45,-0.5,15000,35875100,"B"
"GEX","14:03:13",23.5,-0.45,200,35860100,"S"
"GEX","14:03:10",23.5,-0.45,500,35859900,"S"
"GEX","14:03:09",23.45,-0.5,10900,35859400,"B"
"GEX","14:03:09",23.5,-0.45,1000,35848500,"S"
"GEX","14:03:08",23.5,-0.45,6000,35847500,"S"
"GEX","14:03:07",23.5,-0.45,7000,35841500,"S"
"GEX","14:03:07",23.5,-0.45,10000,35834500,"S"
"GEX","14:03:06",23.45,-0.5,10000,35824500,"B"
"GEX","14:03:05",23.5,-0.45,5000,35814500,"S"
"GEX","14:03:04",23.5,-0.45,5000,35759400,"S"
"GEX","14:03:03",23.5,-0.45,1000,35754400,"S"
"GEX","14:03:01",23.5,-0.45,300,35753400,"S"
"GEX","14:02:58",23.5,-0.45,20000,35753100,"S"
"GEX","14:02:55",23.5,-0.45,1300,35733100,"S"
"GEX","14:02:55",23.5,-0.45,1400,35731800,"S"
"GEX","14:02:49",23.5,-0.45,500,35730400,"S"
"GEX","14:02:46",23.45,-0.5,5000,35729900,"B"
"GEX","14:02:43",23.5,-0.45,200,35724900,"S"
"GEX","14:02:42",23.45,-0.5,100,35724700,"B"
"GEX","14:02:41",23.5,-0.45,2000,35724600,"S"
"GEX","14:02:39",23.45,-0.5,900,35722600,"B"
"GEX","14:02:34",23.45,-0.5,500,35721700,"S"
"GEX","14:02:33",23.45,-0.5,200,35721200,"S"
"GEX","14:02:32",23.45,-0.5,1200,35721000,"S"
"GEX","14:02:32",23.45,-0.5,1000,35719800,"S"
"GEX","14:02:31",23.45,-0.5,48300,35718800,"S"
"GEX","14:02:30",23.45,-0.5,1100,35670500,"S"
"GEX","14:02:29",23.45,-0.5,100,35669400,"S"
"GEX","14:02:29",23.45,-0.5,12200,35669300,"S"
"GEX","14:02:28",23.45,-0.5,12000,35657100,"S"
"GEX","14:02:27",23.45,-0.5,100,35645100,"S"
"GEX","14:02:26",23.45,-0.5,2700,35645000,"S"
"GEX","14:02:26",23.45,-0.5,1600,35642300,"S"
"GEX","14:02:25",23.45,-0.5,3000,35640700,"S"
"GEX","14:02:25",23.45,-0.5,13200,35637700,"S"
"GEX","14:02:24",23.45,-0.5,300,35624500,"S"
"GEX","14:02:24",23.45,-0.5,600,35624200,"S"
"GEX","14:02:23",23.45,-0.5,50000,35623600,"S"
"GEX","14:02:22",23.45,-0.5,900,35573600,"S"
"GEX","14:02:22",23.45,-0.5,100,35572700,"S"
"GEX","14:02:21",23.45,-0.5,3000,35572600,"S"
"GEX","14:02:21",23.45,-0.5,2000,35569600,"S"
"GEX","14:02:20",23.45,-0.5,500,35567600,"S"
"GEX","14:02:19",23.45,-0.5,1000,35567100,"S"
"GEX","14:02:19",23.45,-0.5,500,35566100,"S"
"GEX","14:02:18",23.45,-0.5,10000,35565600,"S"
"GEX","14:02:17",23.45,-0.5,700,35555600,"S"
"GEX","14:02:17",23.45,-0.5,2600,35554900,"S"
"GEX","14:02:16",23.45,-0.5,6000,35552300,"S"
"GEX","14:02:14",23.45,-0.5,3000,35546300,"S"
"GEX","14:02:14",23.45,-0.5,100,35543300,"S"
"GEX","14:02:13",23.45,-0.5,8000,35543200,"S"
"GEX","14:02:13",23.45,-0.5,5000,35535200,"S"
"GEX","14:02:11",23.45,-0.5,300,35530200,"S"
"GEX","14:02:10",23.45,-0.5,5000,35529900,"S"
"GEX","14:02:09",23.45,-0.5,2000,35524900,"S"
"GEX","14:02:07",23.4,-0.55,900,35522900,"B"
"GEX","14:02:07",23.45,-0.5,2000,35522000,"S"
"GEX","14:02:01",23.45,-0.5,2000,35520000,"S"
"GEX","14:02:00",23.4,-0.55,11300,35518000,"B"
"GEX","14:01:59",23.45,-0.5,1600,35506700,"S"
"GEX","14:01:58",23.45,-0.5,600,35505100,"S"
"GEX","14:01:54",23.45,-0.5,100,35504500,"S"
"GEX","14:01:53",23.45,-0.5,200,35504400,"S"
"GEX","14:01:51",23.45,-0.5,5100,35504200,"S"
"GEX","14:01:49",23.45,-0.5,20000,35499100,"S"
"GEX","14:01:48",23.45,-0.5,200,35479100,"S"
"GEX","14:01:47",23.45,-0.5,4200,35478900,"S"
"GEX","14:01:46",23.45,-0.5,1000,35474700,"S"
"GEX","14:01:38",23.45,-0.5,500,35473700,"S"
"GEX","14:01:36",23.4,-0.55,900,35473200,"B"
"GEX","14:01:35",23.45,-0.5,1500,35472300,"S"
"GEX","14:01:32",23.4,-0.55,39800,35470800,"S"
"GEX","14:01:31",23.4,-0.55,5100,35431000,"S"
"GEX","14:01:30",23.4,-0.55,13100,35425900,"S"
"GEX","14:01:29",23.4,-0.55,2000,35412800,"S"
"GEX","14:01:29",23.4,-0.55,500,35410800,"S"
"GEX","14:01:27",23.4,-0.55,500,35410300,"S"
"GEX","14:01:27",23.4,-0.55,3000,35409800,"S"
"GEX","14:01:26",23.4,-0.55,400,35406800,"S"
"GEX","14:01:25",23.4,-0.55,11900,35406400,"S"
"GEX","14:01:25",23.4,-0.55,2000,35394500,"S"
"GEX","14:01:24",23.4,-0.55,9500,35392500,"S"
"GEX","14:01:23",23.4,-0.55,1000,35383000,"S"
"GEX","14:01:23",23.4,-0.55,20100,35382000,"S"
"GEX","14:01:22",23.4,-0.55,10800,35361900,"S"
"GEX","14:01:22",23.4,-0.55,2000,35351100,"S"
"GEX","14:01:21",23.4,-0.55,1300,35349100,"S"
"GEX","14:01:20",23.4,-0.55,10000,35347800,"S"
"GEX","14:01:19",23.4,-0.55,10000,35337800,"S"
"GEX","14:01:18",23.4,-0.55,19600,35327800,"S"
"GEX","14:01:16",23.4,-0.55,18200,35308200,"S"
"GEX","14:01:15",23.4,-0.55,27000,35290000,"S"
"GEX","14:01:14",23.4,-0.55,2000,35263000,"S"
"GEX","14:01:13",23.4,-0.55,10500,35261000,"S"
"GEX","14:01:12",23.4,-0.55,500,35250500,"S"
"GEX","14:01:11",23.4,-0.55,10000,35250000,"S"
"GEX","14:01:07",23.4,-0.55,10000,35240000,"S"
"GEX","14:01:07",23.35,-0.6,300,35230000,"B"
"GEX","14:01:06",23.4,-0.55,53000,35229700,"S"
"GEX","14:01:05",23.35,-0.6,900,35176700,"B"
"GEX","14:01:03",23.4,-0.55,3000,35175800,"S"
"GEX","14:01:00",23.4,-0.55,50000,35172800,"S"
"GEX","14:00:57",23.35,-0.6,29300,35122500,"S"
"GEX","14:00:56",23.35,-0.6,5000,35093200,"S"
"GEX","14:00:55",23.35,-0.6,1000,35088200,"S"
"GEX","14:00:54",23.35,-0.6,3000,35087200,"S"
"GEX","14:00:52",23.35,-0.6,1000,35084200,"S"
"GEX","14:00:50",23.35,-0.6,1100,35082200,"S"
"GEX","14:00:44",23.35,-0.6,200,35081100,"S"
"GEX","14:00:42",23.35,-0.6,2000,35080900,"S"
"GEX","14:00:42",23.3,-0.65,5000,35078900,"B"
"GEX","14:00:35",23.35,-0.6,20000,35073900,"S"
"GEX","14:00:34",23.3,-0.65,900,35053900,"B"
"GEX","14:00:34",23.35,-0.6,5000,35053000,"S"
"GEX","14:00:26",23.3,-0.65,10600,35048000,"S"
"GEX","14:00:25",23.3,-0.65,3200,35037400,"S"
"GEX","14:00:25",23.3,-0.65,400,35034200,"S"
"GEX","14:00:24",23.3,-0.65,9500,35033800,"S"
"GEX","14:00:24",23.3,-0.65,800,35024300,"S"
"GEX","14:00:23",23.3,-0.65,4500,35023500,"S"
"GEX","14:00:23",23.3,-0.65,10200,35019000,"S"
"GEX","14:00:22",23.3,-0.65,1000,35008800,"S"
"GEX","14:00:21",23.3,-0.65,5000,35007800,"S"
"GEX","14:00:20",23.3,-0.65,16100,35002800,"S"
"GEX","14:00:18",23.3,-0.65,5500,34986700,"S"
"GEX","14:00:17",23.3,-0.65,7600,34981200,"S"
"GEX","14:00:16",23.3,-0.65,300,34973600,"S"
"GEX","14:00:14",23.3,-0.65,50000,34973300,"S"
"GEX","14:00:12",23.3,-0.65,400,34923300,"S"
"GEX","14:00:11",23.3,-0.65,100,34922900,"S"
"GEX","14:00:09",23.3,-0.65,3000,34922800,"S"
"GEX","14:00:05",23.3,-0.65,2000,34919800,"S"
"GEX","14:00:04",23.25,-0.7,900,34917800,"B"
"GEX","14:00:03",23.3,-0.65,5000,34916900,"S"
"GEX","14:00:02",23.3,-0.65,15000,34911900,"S"
"GEX","14:00:01",23.3,-0.65,100,34896900,"S"
"GEX","14:00:01",23.25,-0.7,200,34896800,"B"
"GEX","13:59:59",23.3,-0.65,3500,34896600,"S"
"GEX","13:59:58",23.3,-0.65,300,34893100,"S"
"GEX","13:59:57",23.3,-0.65,200,34892800,"S"
"GEX","13:59:54",23.3,-0.65,5100,34892600,"S"
"GEX","13:59:53",23.3,-0.65,3000,34887500,"S"
"GEX","13:59:47",23.3,-0.65,200,34884500,"S"
"GEX","13:59:37",23.3,-0.65,700,34884300,"S"
"GEX","13:59:36",23.3,-0.65,100,34883600,"S"
"GEX","13:59:33",23.3,-0.65,500,34883500,"S"
"GEX","13:59:33",23.25,-0.7,900,34883000,"B"
"GEX","13:59:32",23.3,-0.65,500,34882100,"S"
"GEX","13:59:31",23.3,-0.65,10000,34881600,"S"
"GEX","13:59:28",23.3,-0.65,3000,34871600,"S"
"GEX","13:59:27",23.3,-0.65,1000,34868600,"S"
"GEX","13:59:19",23.3,-0.65,3000,34867600,"S"
"GEX","13:59:14",23.3,-0.65,3000,34864600,"S"
"GEX","13:59:02",23.25,-0.7,900,34861600,"B"
"GEX","13:58:57",23.3,-0.65,5000,34860700,"S"
"GEX","13:58:56",23.3,-0.65,300,34855700,"S"
"GEX","13:58:55",23.3,-0.65,5000,34855400,"S"
"GEX","13:58:48",23.25,-0.7,2500,34850400,"B"
"GEX","13:58:34",23.25,-0.7,100,34847900,"B"
"GEX","13:58:31",23.25,-0.7,4900,34847800,"B"
"GEX","13:58:30",23.25,-0.7,3200,34842900,"B"
"GEX","13:58:29",23.25,-0.7,6300,34839700,"B"
"GEX","13:58:23",23.25,-0.7,5000,34833400,"B"
"GEX","13:58:23",23.25,-0.7,2000,34828400,"B"
"GEX","13:58:20",23.3,-0.65,700,34826400,"S"
"GEX","13:58:18",23.25,-0.7,41200,34825700,"S"
"GEX","13:58:13",23.25,-0.7,4000,34784500,"S"
"GEX","13:58:10",23.25,-0.7,4800,34780500,"B"
"GEX","13:58:05",23.25,-0.7,5600,34775700,"S"
"GEX","13:58:05",23.25,-0.7,5000,34770100,"S"
"GEX","13:58:03",23.25,-0.7,500,34765100,"S"
"GEX","13:58:02",23.25,-0.7,500,34764600,"S"
"GEX","13:58:00",23.2,-0.75,900,34764100,"B"
"GEX","13:57:57",23.2,-0.75,100,34763200,"B"
"GEX","13:57:53",23.25,-0.7,600,34763100,"B"
"GEX","13:57:52",23.25,-0.7,10000,34762500,"B"
"GEX","13:57:45",23.25,-0.7,8900,34752500,"S"
"GEX","13:57:44",23.25,-0.7,1100,34743600,"B"
"GEX","13:57:43",23.25,-0.7,1000,34742500,"B"
"GEX","13:57:42",23.3,-0.65,1000,34741500,"S"
"GEX","13:57:42",23.25,-0.7,2000,34740500,"B"
"GEX","13:57:40",23.25,-0.7,3000,34738500,"S"
"GEX","13:57:39",23.25,-0.7,7000,34735500,"B"
"GEX","13:57:38",23.3,-0.65,1000,34728500,"S"
"GEX","13:57:32",23.25,-0.7,3300,34727500,"S"
"GEX","13:57:31",23.25,-0.7,4300,34724200,"B"
"GEX","13:57:30",23.25,-0.7,5000,34719900,"B"
"GEX","13:57:29",23.25,-0.7,900,34714900,"B"
"GEX","13:57:28",23.25,-0.7,30000,34714000,"B"
"GEX","13:57:18",23.25,-0.7,1000,34684000,"B"
"GEX","13:57:18",23.25,-0.7,200,34683000,"B"
"GEX","13:57:10",23.25,-0.7,1000,34682800,"B"
"GEX","13:57:07",23.25,-0.7,20000,34681800,"B"
"GEX","13:57:01",23.3,-0.65,100,34661800,"S"
"GEX","13:56:58",23.25,-0.7,900,34661700,"B"
"GEX","13:56:51",23.3,-0.65,2700,34660800,"S"
"GEX","13:56:45",23.25,-0.7,200,34658100,"B"
"GEX","13:56:41",23.25,-0.7,1000,34657900,"B"
"GEX","13:56:37",23.3,-0.65,100,34656900,"S"
"GEX","13:56:36",23.3,-0.65,200,34656800,"S"
"GEX","13:56:36",23.25,-0.7,800,34656600,"S"
"GEX","13:56:32",23.25,-0.7,2000,34655800,"S"
"GEX","13:56:27",23.2,-0.75,900,34653800,"B"
"GEX","13:56:27",23.25,-0.7,100,34652900,"S"
"GEX","13:56:26",23.25,-0.7,500,34652800,"S"
"GEX","13:56:26",23.25,-0.7,5000,34652300,"S"
"GEX","13:56:25",23.25,-0.7,300,34647300,"S"
"GEX","13:56:23",23.25,-0.7,10400,34647000,"S"
"GEX","13:56:22",23.25,-0.7,200,34636600,"S"
"GEX","13:56:19",23.25,-0.7,18500,34636400,"S"
"GEX","13:56:17",23.25,-0.7,300,34617900,"S"
"GEX","13:56:14",23.25,-0.7,1000,34617600,"S"
"GEX","13:55:59",23.2,-0.75,300,34616600,"B"
"GEX","13:55:57",23.2,-0.75,900,34616300,"B"
"GEX","13:55:55",23.2,-0.75,200,34615400,"B"
"GEX","13:55:48",23.25,-0.7,2000,34615200,"S"
"GEX","13:55:46",23.2,-0.75,32000,34613200,"B"
"GEX","13:55:42",23.2,-0.75,3800,34581200,"B"
"GEX","13:55:40",23.25,-0.7,2000,34577400,"S"
"GEX","13:55:40",23.2,-0.75,4800,34575400,"B"
"GEX","13:55:38",23.2,-0.75,1000,34570600,"B"
"GEX","13:55:28",23.25,-0.7,4000,34569600,"S"
"GEX","13:55:25",23.2,-0.75,30900,34565600,"B"
"GEX","13:55:24",23.25,-0.7,1000,34534700,"S"
"GEX","13:55:21",23.25,-0.7,1500,34533700,"S"
"GEX","13:55:14",23.2,-0.75,200,34532200,"B"
"GEX","13:55:14",23.25,-0.7,40000,34532000,"S"
"GEX","13:55:12",23.25,-0.7,400,34492000,"S"
"GEX","13:55:11",23.25,-0.7,2000,34491600,"S"
"GEX","13:55:03",23.25,-0.7,50000,34489600,"S"
"GEX","13:55:00",23.2,-0.75,500,34439600,"B"
"GEX","13:54:59",23.25,-0.7,100,34439100,"S"
"GEX","13:54:56",23.2,-0.75,6100,34439000,"S"
"GEX","13:54:55",23.2,-0.75,200,34432900,"S"
"GEX","13:54:54",23.15,-0.8,900,34432700,"B"
"GEX","13:54:53",23.2,-0.75,8000,34431800,"S"
"GEX","13:54:52",23.2,-0.75,13000,34423800,"S"
"GEX","13:54:50",23.2,-0.75,5300,34410800,"S"
"GEX","13:54:43",23.2,-0.75,10000,34405500,"S"
"GEX","13:54:42",23.15,-0.8,1000,34395500,"B"
"GEX","13:54:39",23.2,-0.75,700,34394500,"S"
"GEX","13:54:30",23.2,-0.75,500,34393800,"S"
"GEX","13:54:28",23.2,-0.75,700,34393300,"S"
"GEX","13:54:24",23.15,-0.8,900,34392600,"B"
"GEX","13:54:20",23.2,-0.75,200,34391700,"S"
"GEX","13:54:16",23.15,-0.8,1000,34391500,"B"
"GEX","13:54:13",23.15,-0.8,4000,34390500,"B"
"GEX","13:54:01",23.2,-0.75,1000,34386500,"S"
"GEX","13:53:56",23.2,-0.75,200,34385500,"S"
"GEX","13:53:53",23.15,-0.8,900,34385300,"B"
"GEX","13:53:51",23.15,-0.8,200,34384400,"B"
"GEX","13:53:31",23.15,-0.8,100,34384200,"B"
"GEX","13:53:30",23.2,-0.75,2000,34384100,"S"
"GEX","13:53:22",23.15,-0.8,900,34382100,"B"
"GEX","13:53:18",23.2,-0.75,18500,34381200,"B"
"GEX","13:53:16",23.2,-0.75,5000,34362700,"B"
"GEX","13:53:13",23.2,-0.75,5000,34357700,"B"
"GEX","13:53:12",23.2,-0.75,1000,34352700,"B"
"GEX","13:53:11",23.2,-0.75,100,34351700,"B"
"GEX","13:53:03",23.2,-0.75,10000,34351600,"B"
"GEX","13:53:00",23.2,-0.75,5000,34341600,"B"
"GEX","13:52:52",23.2,-0.75,5700,34336600,"S"
"GEX","13:52:52",23.2,-0.75,1000,34330900,"S"
"GEX","13:52:51",23.2,-0.75,2000,34329900,"S"
"GEX","13:52:51",23.15,-0.8,900,34327900,"B"
"GEX","13:52:51",23.2,-0.75,2000,34327000,"S"
"GEX","13:52:50",23.2,-0.75,5000,34325000,"S"
"GEX","13:52:48",23.2,-0.75,2000,34320000,"S"
"GEX","13:52:47",23.2,-0.75,10000,34318000,"S"
"GEX","13:52:46",23.15,-0.8,1000,34308000,"B"
"GEX","13:52:45",23.2,-0.75,500,34307000,"S"
"GEX","13:52:34",23.2,-0.75,100,34306500,"S"
"GEX","13:52:31",23.15,-0.8,60000,34306400,"B"
"GEX","13:52:28",23.2,-0.75,200,34246400,"S"
"GEX","13:52:27",23.2,-0.75,400,34246200,"S"
"GEX","13:52:26",23.15,-0.8,5000,34245800,"B"
"GEX","13:52:23",23.15,-0.8,100,34240800,"B"
"GEX","13:52:20",23.15,-0.8,900,34240700,"B"
"GEX","13:52:13",23.15,-0.8,1400,34239800,"B"
"GEX","13:52:05",23.15,-0.8,800,34238400,"B"
"GEX","13:52:01",23.15,-0.8,100,34237600,"B"
"GEX","13:51:54",23.15,-0.8,5400,34237500,"B"
"GEX","13:51:54",23.2,-0.75,1000,34232100,"S"
"GEX","13:51:54",23.15,-0.8,700,34231100,"B"
"GEX","13:51:49",23.15,-0.8,1100,34230400,"B"
"GEX","13:51:44",23.15,-0.8,500,34229300,"B"
"GEX","13:51:39",23.1,-0.85,600,34228800,"B"
"GEX","13:51:39",23.15,-0.8,100,34228200,"B"
"GEX","13:51:35",23.2,-0.75,21800,34228100,"S"
"GEX","13:51:34",23.2,-0.75,156900,34206300,"S"
"GEX","13:51:34",23.15,-0.8,24300,34049400,"S"
"GEX","13:51:29",23.1,-0.85,5000,34025100,"B"
"GEX","13:51:27",23.1,-0.85,500,34020100,"B"
"GEX","13:51:21",23.1,-0.85,900,34019600,"B"
"GEX","13:51:18",23.1,-0.85,900,34018700,"B"
"GEX","13:51:11",23.1,-0.85,900,34017800,"S"
"GEX","13:51:11",23.1,-0.85,1000,34016900,"S"
"GEX","13:51:10",23.1,-0.85,300,34015900,"S"
"GEX","13:51:10",23.1,-0.85,5000,34015600,"S"
"GEX","13:51:09",23.05,-0.9,500,34010600,"B"
"GEX","13:51:07",23.1,-0.85,7000,34010100,"S"
"GEX","13:51:06",23.05,-0.9,1000,34003100,"B"
"GEX","13:51:04",23.1,-0.85,5000,34002100,"S"
"GEX","13:51:03",23.1,-0.85,400,33997100,"S"
"GEX","13:50:58",23.05,-0.9,1000,33996700,"B"
"GEX","13:50:54",23.1,-0.85,2000,33995700,"S"
"GEX","13:50:53",23.1,-0.85,16000,33993700,"S"
"GEX","13:50:50",23.1,-0.85,50000,33977700,"S"
"GEX","13:50:45",23.05,-0.9,900,33927700,"B"
"GEX","13:50:36",23.05,-0.9,300,33926800,"B"
"GEX","13:50:36",23.05,-0.9,3200,33926500,"B"
"GEX","13:50:31",23.05,-0.9,1000,33923300,"B"
"GEX","13:50:28",23.05,-0.9,5000,33922300,"B"
"GEX","13:50:22",23.05,-0.9,17000,33917300,"B"
"GEX","13:50:17",23.05,-0.9,800,33900300,"B"
"GEX","13:50:14",23.05,-0.9,900,33899500,"B"
"GEX","13:50:13",23.05,-0.9,19100,33898600,"B"
"GEX","13:50:11",23.1,-0.85,2000,33879500,"S"
"GEX","13:50:08",23.1,-0.85,1100,33877500,"S"
"GEX","13:50:03",23.05,-0.9,1200,33876400,"S"
"GEX","13:50:01",23.05,-0.9,50000,33875200,"S"
"GEX","13:50:00",23.05,-0.9,10000,33825200,"S"
"GEX","13:49:58",23.05,-0.9,1100,33815200,"S"
"GEX","13:49:56",23.05,-0.9,1000,33814100,"S"
"GEX","13:49:55",23.05,-0.9,9000,33813100,"B"
"GEX","13:49:51",23.05,-0.9,1400,33804100,"S"
"GEX","13:49:51",23.05,-0.9,5200,33802700,"B"
"GEX","13:49:48",23.05,-0.9,5000,33797500,"B"
"GEX","13:49:47",23.05,-0.9,1000,33792500,"B"
"GEX","13:49:47",23.1,-0.85,5000,33791500,"S"
"GEX","13:49:46",23.05,-0.9,64500,33786500,"B"
"GEX","13:49:46",23.1,-0.85,300,33722000,"S"
"GEX","13:49:44",23.05,-0.9,100,33721700,"B"
"GEX","13:49:43",23.05,-0.9,900,33721600,"B"
"GEX","13:49:42",23.1,-0.85,200,33720700,"S"
"GEX","13:49:41",23.1,-0.85,2000,33720500,"S"
"GEX","13:49:40",23.05,-0.9,1400,33718500,"B"
"GEX","13:49:38",23.05,-0.9,500,33717100,"B"
"GEX","13:49:36",23.1,-0.85,1000,33716600,"S"
"GEX","13:49:36",23.05,-0.9,50000,33715600,"B"
"GEX","13:49:36",23.1,-0.85,1800,33665600,"S"
"GEX","13:49:35",23.05,-0.9,15000,33663800,"B"
"GEX","13:49:34",23.1,-0.85,1000,33648800,"S"
"GEX","13:49:32",23.1,-0.85,400,33647800,"S"
"GEX","13:49:29",23.1,-0.85,5000,33647400,"S"
"GEX","13:49:28",23.1,-0.85,5000,33642400,"S"
"GEX","13:49:27",23.1,-0.85,800,33637400,"S"
"GEX","13:49:27",23.1,-0.85,200,33636600,"S"
"GEX","13:49:26",23.1,-0.85,200,33636400,"S"
"GEX","13:49:24",23.1,-0.85,200,33636200,"S"
"GEX","13:49:20",23.1,-0.85,3000,33636000,"S"
"GEX","13:49:19",23.1,-0.85,2100,33633000,"S"
"GEX","13:49:18",23.1,-0.85,11000,33630900,"S"
"GEX","13:49:17",23.1,-0.85,2900,33619900,"S"
"GEX","13:49:16",23.05,-0.9,79700,33617000,"B"
"GEX","13:49:15",23.1,-0.85,800,33537300,"S"
"GEX","13:49:14",23.1,-0.85,500,33536500,"S"
"GEX","13:49:13",23.15,-0.8,2600,33536000,"S"
"GEX","13:49:13",23.1,-0.85,98000,33533400,"B"
"GEX","13:49:12",23.1,-0.85,900,33435400,"B"
"GEX","13:49:10",23.1,-0.85,11100,33434500,"B"
"GEX","13:49:06",23.1,-0.85,12000,33423400,"B"
"GEX","13:49:05",23.15,-0.8,1000,33411400,"S"
"GEX","13:49:05",23.1,-0.85,3000,33410400,"B"
"GEX","13:49:03",23.15,-0.8,5000,33407400,"S"
"GEX","13:49:00",23.15,-0.8,200,33402400,"S"
"GEX","13:48:57",23.15,-0.8,100,33402200,"S"
"GEX","13:48:55",23.15,-0.8,500,33402100,"S"
"GEX","13:48:52",23.15,-0.8,15900,33401600,"B"
"GEX","13:48:52",23.15,-0.8,20000,33385700,"B"
"GEX","13:48:49",23.15,-0.8,161000,33365700,"B"
"GEX","13:48:48",23.15,-0.8,3000,33204700,"B"
"GEX","13:48:47",23.2,-0.75,600,33201700,"S"
"GEX","13:48:46",23.15,-0.8,15000,33201100,"B"
"GEX","13:48:45",23.2,-0.75,5000,33186100,"S"
"GEX","13:48:43",23.2,-0.75,5000,33181100,"S"
"GEX","13:48:42",23.2,-0.75,3000,33176100,"S"
"GEX","13:48:42",23.15,-0.8,900,33173100,"B"
"GEX","13:48:37",23.2,-0.75,10000,33172200,"S"
"GEX","13:48:37",23.15,-0.8,100,33162200,"B"
"GEX","13:48:36",23.2,-0.75,10000,33162100,"S"
"GEX","13:48:31",23.2,-0.75,500,33152100,"S"
"GEX","13:48:29",23.15,-0.8,5000,33151600,"B"
"GEX","13:48:26",23.2,-0.75,500,33146600,"S"
"GEX","13:48:23",23.2,-0.75,1500,33146100,"S"
"GEX","13:48:18",23.15,-0.8,20900,33144600,"B"
"GEX","13:48:16",23.15,-0.8,8500,33123700,"B"
"GEX","13:48:11",23.15,-0.8,900,33115200,"B"
"GEX","13:48:09",23.15,-0.8,300,33114300,"B"
"GEX","13:48:06",23.2,-0.75,5000,33114000,"S"
"GEX","13:48:06",23.15,-0.8,1500,33109000,"B"
"GEX","13:48:05",23.15,-0.8,1100,33107500,"B"
"GEX","13:48:03",23.2,-0.75,500,33106400,"S"
"GEX","13:47:58",23.15,-0.8,3000,33105900,"B"
"GEX","13:47:57",23.15,-0.8,800,33102900,"B"
"GEX","13:47:56",23.15,-0.8,1000,33102100,"B"
"GEX","13:47:56",23.2,-0.75,5000,33101100,"S"
"GEX","13:47:55",23.2,-0.75,3000,33096100,"S"
"GEX","13:47:54",23.2,-0.75,2000,33093100,"S"
"GEX","13:47:51",23.2,-0.75,5000,33091100,"S"
"GEX","13:47:50",23.2,-0.75,500,33086100,"S"
"GEX","13:47:49",23.2,-0.75,500,33085600,"S"
"GEX","13:47:48",23.2,-0.75,1300,33085100,"S"
"GEX","13:47:46",23.2,-0.75,12100,33083800,"S"
"GEX","13:47:43",23.2,-0.75,300,33071700,"S"
"GEX","13:47:42",23.2,-0.75,1100,33071400,"S"
"GEX","13:47:42",23.15,-0.8,200,33070300,"B"
"GEX","13:47:40",23.2,-0.75,2000,33070100,"S"
"GEX","13:47:40",23.15,-0.8,900,33068100,"B"
"GEX","13:47:39",23.2,-0.75,21800,33067200,"S"
"GEX","13:47:39",23.2,-0.75,900,33045400,"S"
"GEX","13:47:37",23.2,-0.75,1300,33044500,"S"
"GEX","13:47:36",23.2,-0.75,1100,33043200,"S"
"GEX","13:47:35",23.2,-0.75,23000,33042100,"S"
"GEX","13:47:33",23.2,-0.75,300,33019100,"S"
"GEX","13:47:31",23.2,-0.75,3000,33018800,"S"
"GEX","13:47:28",23.2,-0.75,1000,33015800,"S"
"GEX","13:47:27",23.2,-0.75,18800,33014800,"B"
"GEX","13:47:24",23.2,-0.75,12300,32996000,"S"
"GEX","13:47:22",23.2,-0.75,32000,32983700,"B"
"GEX","13:47:21",23.25,-0.7,5000,32951700,"S"
"GEX","13:47:20",23.2,-0.75,400,32946700,"B"
"GEX","13:47:20",23.25,-0.7,100,32946300,"S"
"GEX","13:47:18",23.25,-0.7,10000,32946200,"S"
"GEX","13:47:17",23.2,-0.75,33900,32936200,"S"
"GEX","13:47:16",23.2,-0.75,26100,32902300,"B"
"GEX","13:47:15",23.2,-0.75,3000,32876200,"B"
"GEX","13:47:13",23.2,-0.75,22300,32873200,"B"
"GEX","13:47:09",23.2,-0.75,900,32850900,"B"
"GEX","13:47:07",23.2,-0.75,900,32850000,"S"
"GEX","13:47:05",23.2,-0.75,800,32849100,"S"
"GEX","13:47:01",23.2,-0.75,4000,32848300,"S"
"GEX","13:47:00",23.2,-0.75,1500,32844300,"S"
"GEX","13:46:59",23.2,-0.75,3100,32842800,"S"
"GEX","13:46:57",23.2,-0.75,2500,32839700,"S"
"GEX","13:46:56",23.2,-0.75,500,32837200,"S"
"GEX","13:46:55",23.15,-0.8,1000,32836700,"B"
"GEX","13:46:55",23.2,-0.75,2500,32835700,"S"
"GEX","13:46:53",23.2,-0.75,3000,32833200,"S"
"GEX","13:46:53",23.2,-0.75,2000,32830200,"S"
"GEX","13:46:52",23.2,-0.75,20000,32828200,"S"
"GEX","13:46:51",23.2,-0.75,9100,32808200,"S"
"GEX","13:46:50",23.2,-0.75,5000,32799100,"S"
"GEX","13:46:49",23.2,-0.75,3000,32794100,"S"
"GEX","13:46:48",23.2,-0.75,100,32791100,"S"
"GEX","13:46:47",23.2,-0.75,200,32791000,"S"
"GEX","13:46:46",23.2,-0.75,500,32790800,"S"
"GEX","13:46:44",23.15,-0.8,1000,32790300,"B"
"GEX","13:46:44",23.2,-0.75,5000,32789300,"S"
"GEX","13:46:43",23.2,-0.75,30600,32784300,"S"
"GEX","13:46:41",23.2,-0.75,12700,32753700,"S"
"GEX","13:46:41",23.15,-0.8,500,32741000,"B"
"GEX","13:46:39",23.2,-0.75,100,32740500,"S"
"GEX","13:46:39",23.2,-0.75,2000,32740400,"S"
"GEX","13:46:38",23.15,-0.8,900,32738400,"B"
"GEX","13:46:38",23.2,-0.75,100,32737500,"S"
"GEX","13:46:37",23.2,-0.75,5000,32737400,"S"
"GEX","13:46:36",23.2,-0.75,7000,32732400,"S"
"GEX","13:46:35",23.2,-0.75,5000,32725400,"S"
"GEX","13:46:35",23.2,-0.75,100,32720400,"S"
"GEX","13:46:29",23.2,-0.75,100,32720300,"S"
"GEX","13:46:24",23.2,-0.75,500,32720200,"S"
"GEX","13:46:21",23.2,-0.75,2000,32719700,"S"
"GEX","13:46:20",23.2,-0.75,1000,32717700,"S"
"GEX","13:46:15",23.2,-0.75,10000,32716700,"S"
"GEX","13:46:15",23.2,-0.75,300,32706700,"S"
"GEX","13:46:13",23.2,-0.75,200,32706400,"S"
"GEX","13:46:13",23.2,-0.75,100,32706200,"S"
"GEX","13:46:12",23.2,-0.75,3000,32695600,"S"
"GEX","13:46:08",23.2,-0.75,35200,32692600,"B"
"GEX","13:46:07",23.2,-0.75,900,32657400,"B"
"GEX","13:46:03",23.2,-0.75,2000,32656500,"B"
"GEX","13:45:57",23.2,-0.75,3900,32654500,"S"
"GEX","13:45:56",23.2,-0.75,100,32650600,"S"
"GEX","13:45:55",23.2,-0.75,200,32650500,"S"
"GEX","13:45:55",23.2,-0.75,2000,32650300,"S"
"GEX","13:45:51",23.15,-0.8,200,32648300,"B"
"GEX","13:45:48",23.2,-0.75,2000,32648100,"B"
"GEX","13:45:43",23.15,-0.8,200,32646100,"B"
"GEX","13:45:43",23.2,-0.75,500,32645900,"B"
"GEX","13:45:41",23.25,-0.7,100,32645400,"S"
"GEX","13:45:39",23.15,-0.8,200,32645300,"B"
"GEX","13:45:38",23.25,-0.7,1000,32645100,"S"
"GEX","13:45:37",23.25,-0.7,15100,32644100,"S"
"GEX","13:45:37",23.2,-0.75,14900,32629000,"S"
"GEX","13:45:37",23.2,-0.75,1000,32614100,"S"
"GEX","13:45:36",23.15,-0.8,900,32613100,"B"
"GEX","13:45:33",23.2,-0.75,2000,32612200,"S"
"GEX","13:45:32",23.2,-0.75,500,32610200,"S"
"GEX","13:45:27",23.2,-0.75,100,32609700,"B"
"GEX","13:45:26",23.2,-0.75,500,32609600,"B"
"GEX","13:45:25",23.2,-0.75,7000,32609100,"B"
"GEX","13:45:25",23.2,-0.75,15000,32602100,"B"
"GEX","13:45:22",23.2,-0.75,3700,32587100,"B"
"GEX","13:45:21",23.2,-0.75,1000,32583400,"B"
"GEX","13:45:18",23.2,-0.75,2000,32582400,"B"
"GEX","13:45:18",23.25,-0.7,20000,32580400,"S"
"GEX","13:45:17",23.2,-0.75,5000,32560400,"B"
"GEX","13:45:14",23.2,-0.75,5000,32555400,"B"
"GEX","13:45:12",23.25,-0.7,3000,32550400,"S"
"GEX","13:45:12",23.2,-0.75,50000,32547400,"B"
"GEX","13:45:05",23.2,-0.75,900,32497400,"B"
"GEX","13:45:01",23.25,-0.7,1200,32496500,"S"
"GEX","13:45:00",23.25,-0.7,100,32495300,"S"
"GEX","13:44:57",23.25,-0.7,300,32495200,"S"
"GEX","13:44:56",23.25,-0.7,400,32494900,"S"
"GEX","13:44:52",23.25,-0.7,300,32494500,"S"
"GEX","13:44:50",23.25,-0.7,200,32494200,"S"
"GEX","13:44:48",23.25,-0.7,200,32494000,"S"
"GEX","13:44:47",23.25,-0.7,10000,32493800,"S"
"GEX","13:44:44",23.25,-0.7,2300,32483800,"S"
"GEX","13:44:41",23.25,-0.7,10000,32481500,"S"
"GEX","13:44:40",23.2,-0.75,3000,32471500,"B"
"GEX","13:44:39",23.2,-0.75,2000,32468500,"B"
"GEX","13:44:37",23.25,-0.7,2000,32466500,"S"
"GEX","13:44:35",23.2,-0.75,50900,32463400,"B"
"GEX","13:44:31",23.25,-0.7,4500,32412500,"S"
"GEX","13:44:29",23.25,-0.7,700,32408000,"S"
"GEX","13:44:27",23.25,-0.7,1000,32407300,"S"
"GEX","13:44:25",23.25,-0.7,1000,32406300,"S"
"GEX","13:44:24",23.25,-0.7,2600,32405300,"S"
"GEX","13:44:20",23.2,-0.75,4500,32402700,"B"
"GEX","13:44:12",23.25,-0.7,20000,32398200,"S"
"GEX","13:44:09",23.2,-0.75,12400,32378200,"B"
"GEX","13:44:09",23.25,-0.7,600,32365800,"S"
"GEX","13:44:07",23.2,-0.75,3000,32365200,"B"
"GEX","13:44:07",23.25,-0.7,600,32362200,"S"
"GEX","13:44:07",23.2,-0.75,500,32361600,"B"
"GEX","13:44:06",23.25,-0.7,100,32361100,"S"
"GEX","13:44:05",23.2,-0.75,90000,32361000,"B"
"GEX","13:44:04",23.2,-0.75,900,32271000,"B"
"GEX","13:44:04",23.25,-0.7,2000,32270100,"S"
"GEX","13:44:02",23.25,-0.7,100,32268100,"S"
"GEX","13:44:01",23.2,-0.75,2000,32268000,"B"
"GEX","13:44:01",23.25,-0.7,300,32266000,"S"
"GEX","13:44:01",23.25,-0.7,1000,32265700,"S"
"GEX","13:44:00",23.25,-0.7,1000,32264700,"S"
"GEX","13:43:59",23.25,-0.7,2600,32263700,"S"
"GEX","13:43:58",23.25,-0.7,300,32261100,"S"
"GEX","13:43:56",23.25,-0.7,500,32260800,"S"
"GEX","13:43:55",23.25,-0.7,2000,32260300,"S"
"GEX","13:43:54",23.25,-0.7,200,32258300,"S"
"GEX","13:43:52",23.25,-0.7,1400,32258100,"S"
"GEX","13:43:47",23.25,-0.7,2000,32256700,"S"
"GEX","13:43:46",23.2,-0.75,500,32254700,"B"
"GEX","13:43:45",23.25,-0.7,100,32254200,"S"
"GEX","13:43:43",23.2,-0.75,5000,32254100,"B"
"GEX","13:43:42",23.25,-0.7,300,32249100,"S"
"GEX","13:43:41",23.25,-0.7,5000,32248800,"S"
"GEX","13:43:39",23.25,-0.7,500,32243800,"S"
"GEX","13:43:36",23.2,-0.75,200,32243300,"B"
"GEX","13:43:35",23.2,-0.75,5200,32243100,"S"
"GEX","13:43:34",23.2,-0.75,1000,32237900,"S"
"GEX","13:43:34",23.2,-0.75,4000,32236900,"S"
"GEX","13:43:33",23.2,-0.75,5000,32232900,"S"
"GEX","13:43:33",23.15,-0.8,900,32227900,"B"
"GEX","13:43:33",23.2,-0.75,75000,32227000,"S"
"GEX","13:43:32",23.2,-0.75,500,32152000,"S"
"GEX","13:43:31",23.2,-0.75,62000,32151500,"S"
"GEX","13:43:29",23.2,-0.75,1000,32089500,"S"
"GEX","13:43:28",23.2,-0.75,2600,32088500,"S"
"GEX","13:43:28",23.2,-0.75,2000,32085900,"S"
"GEX","13:43:24",23.2,-0.75,300,32083900,"S"
"GEX","13:43:20",23.2,-0.75,2000,32083600,"S"
"GEX","13:43:19",23.2,-0.75,27000,32081600,"S"
"GEX","13:43:18",23.2,-0.75,200,32054600,"S"
"GEX","13:43:16",23.2,-0.75,100,32054400,"S"
"GEX","13:43:13",23.2,-0.75,100,32054300,"S"
"GEX","13:43:12",23.2,-0.75,100,32054200,"S"
"GEX","13:43:07",23.2,-0.75,2000,32054100,"S"
"GEX","13:43:05",23.2,-0.75,20000,32052100,"S"
"GEX","13:43:02",23.15,-0.8,900,32032100,"B"
"GEX","13:43:02",23.2,-0.75,2300,32031200,"S"
"GEX","13:43:01",23.2,-0.75,200,32028900,"S"
"GEX","13:43:01",23.15,-0.8,5000,32028700,"B"
"GEX","13:43:00",23.2,-0.75,200,32021700,"S"
"GEX","13:42:59",23.2,-0.75,2000,32021500,"S"
"GEX","13:42:52",23.2,-0.75,300,32019500,"S"
"GEX","13:42:47",23.15,-0.8,500,32019200,"B"
"GEX","13:42:47",23.15,-0.8,500,32018700,"B"
"GEX","13:42:46",23.2,-0.75,2500,32018200,"S"
"GEX","13:42:38",23.15,-0.8,20500,32015700,"B"
"GEX","13:42:37",23.15,-0.8,9500,31995200,"B"
"GEX","13:42:37",23.2,-0.75,5000,31985700,"S"
"GEX","13:42:33",23.2,-0.75,20000,31980700,"S"
"GEX","13:42:33",23.2,-0.75,3000,31960700,"S"
"GEX","13:42:31",23.15,-0.8,900,31957700,"B"
"GEX","13:42:30",23.2,-0.75,3000,31956800,"S"
"GEX","13:42:27",23.2,-0.75,2000,31953800,"S"
"GEX","13:42:24",23.2,-0.75,10000,31951800,"S"
"GEX","13:42:22",23.2,-0.75,3000,31941800,"S"
"GEX","13:42:19",23.2,-0.75,1000,31938800,"S"
"GEX","13:42:18",23.2,-0.75,3000,31937800,"S"
"GEX","13:42:14",23.2,-0.75,4000,31934800,"S"
"GEX","13:42:13",23.2,-0.75,500,31930800,"S"
"GEX","13:42:11",23.15,-0.8,10000,31930300,"B"
"GEX","13:42:09",23.2,-0.75,600,31920300,"S"
"GEX","13:42:08",23.2,-0.75,30000,31919700,"S"
"GEX","13:42:06",23.2,-0.75,300,31889700,"S"
"GEX","13:42:03",23.2,-0.75,1500,31884400,"S"
"GEX","13:42:03",23.2,-0.75,5000,31882900,"S"
"GEX","13:42:01",23.15,-0.8,900,31877900,"B"
"GEX","13:41:59",23.2,-0.75,1000,31877000,"S"
"GEX","13:41:57",23.2,-0.75,400,31876000,"S"
"GEX","13:41:54",23.2,-0.75,5000,31872600,"S"
"GEX","13:41:52",23.2,-0.75,3500,31867600,"S"
"GEX","13:41:51",23.2,-0.75,200,31864100,"S"
"GEX","13:41:44",23.2,-0.75,12500,31863900,"S"
"GEX","13:41:41",23.2,-0.75,5000,31851400,"S"
"GEX","13:41:38",23.2,-0.75,100,31846400,"S"
"GEX","13:41:37",23.15,-0.8,100,31846300,"B"
"GEX","13:41:36",23.2,-0.75,600,31846200,"S"
"GEX","13:41:33",23.15,-0.8,200,31845600,"B"
"GEX","13:41:31",23.2,-0.75,5000,31845400,"S"
"GEX","13:41:29",23.15,-0.8,20900,31840400,"B"
"GEX","13:41:28",23.2,-0.75,20000,31819500,"S"
"GEX","13:41:25",23.2,-0.75,300,31799500,"S"
"GEX","13:41:22",23.15,-0.8,47900,31799200,"S"
"GEX","13:41:21",23.15,-0.8,10000,31751300,"S"
"GEX","13:41:21",23.15,-0.8,16000,31741300,"S"
"GEX","13:41:20",23.15,-0.8,100,31725300,"S"
"GEX","13:41:19",23.15,-0.8,15300,31725200,"S"
"GEX","13:41:18",23.15,-0.8,6000,31709900,"S"
"GEX","13:41:17",23.15,-0.8,100,31703900,"S"
"GEX","13:41:16",23.15,-0.8,5500,31703800,"S"
"GEX","13:41:15",23.15,-0.8,600,31698300,"S"
"GEX","13:41:13",23.15,-0.8,1500,31697700,"S"
"GEX","13:41:12",23.15,-0.8,40500,31696200,"S"
"GEX","13:41:11",23.15,-0.8,19600,31655700,"S"
"GEX","13:41:09",23.15,-0.8,900,31636100,"S"
"GEX","13:41:04",23.15,-0.8,10000,31635200,"S"
"GEX","13:41:02",23.15,-0.8,5000,31625200,"S"
"GEX","13:41:01",23.15,-0.8,300,31620200,"S"
"GEX","13:41:00",23.15,-0.8,7300,31619900,"S"
"GEX","13:40:59",23.15,-0.8,5000,31612600,"S"
"GEX","13:40:58",23.1,-0.85,900,31607600,"B"
"GEX","13:40:56",23.15,-0.8,1000,31606700,"S"
"GEX","13:40:49",23.15,-0.8,20000,31605700,"S"
"GEX","13:40:45",23.1,-0.85,2600,31585700,"S"
"GEX","13:40:45",23.1,-0.85,8100,31583100,"S"
"GEX","13:40:43",23.1,-0.85,25100,31575000,"S"
"GEX","13:40:42",23.1,-0.85,30300,31549900,"S"
"GEX","13:40:41",23.1,-0.85,2000,31519600,"S"
"GEX","13:40:41",23.1,-0.85,10500,31517600,"S"
"GEX","13:40:40",23.1,-0.85,9500,31507100,"S"
"GEX","13:40:39",23.1,-0.85,100,31497600,"S"
"GEX","13:40:37",23.05,-0.9,300,31497500,"B"
"GEX","13:40:35",23.1,-0.85,100,31497200,"S"
"GEX","13:40:34",23.1,-0.85,500,31497100,"S"
"GEX","13:40:33",23.1,-0.85,2700,31496600,"S"
"GEX","13:40:32",23.1,-0.85,100,31493900,"S"
"GEX","13:40:31",23.1,-0.85,5000,31493800,"S"
"GEX","13:40:31",23.1,-0.85,400,31488800,"S"
"GEX","13:40:30",23.1,-0.85,200,31488300,"S"
"GEX","13:40:29",23.1,-0.85,6000,31488100,"S"
"GEX","13:40:28",23.1,-0.85,300,31482100,"S"
"GEX","13:40:27",23.1,-0.85,300,31481800,"S"
"GEX","13:40:26",23.1,-0.85,10000,31470600,"S"
"GEX","13:40:25",23.1,-0.85,5100,31460600,"S"
"GEX","13:40:23",23.1,-0.85,500,31455500,"S"
"GEX","13:40:21",23.1,-0.85,7000,31455000,"S"
"GEX","13:40:20",23.1,-0.85,700,31448000,"S"
"GEX","13:40:19",23.1,-0.85,2000,31447300,"S"
"GEX","13:40:17",23.1,-0.85,3900,31445300,"S"
"GEX","13:40:15",23.1,-0.85,100,31441400,"S"
"GEX","13:40:14",23.1,-0.85,10000,31441300,"S"
"GEX","13:40:08",23.1,-0.85,5000,31431300,"S"
"GEX","13:40:05",23.1,-0.85,1000,31426300,"S"
"GEX","13:39:56",23.05,-0.9,900,31425300,"B"
"GEX","13:39:55",23.1,-0.85,7100,31424400,"S"
"GEX","13:39:52",23.1,-0.85,500,31417300,"S"
"GEX","13:39:51",23.1,-0.85,500,31416800,"S"
"GEX","13:39:42",23.1,-0.85,100000,31416300,"S"
"GEX","13:39:40",23.1,-0.85,4000,31316300,"S"
"GEX","13:39:40",23.1,-0.85,1000,31312300,"S"
"GEX","13:39:37",23.1,-0.85,10000,31311300,"S"
"GEX","13:39:37",23.1,-0.85,10000,31301300,"S"
"GEX","13:39:32",23.05,-0.9,1000,31291300,"B"
"GEX","13:39:30",23.05,-0.9,200,31290300,"B"
"GEX","13:39:27",23.05,-0.9,27000,31290100,"B"
"GEX","13:39:26",23.1,-0.85,1000,31263100,"S"
"GEX","13:39:25",23.05,-0.9,900,31262100,"B"
"GEX","13:39:22",23.1,-0.85,10000,31261200,"S"
"GEX","13:39:19",23.05,-0.9,8000,31251200,"B"
"GEX","13:39:18",23.05,-0.9,4000,31243200,"B"
"GEX","13:39:13",23.1,-0.85,2200,31239200,"S"
"GEX","13:39:04",23.05,-0.9,400,31237000,"B"
"GEX","13:39:02",23.05,-0.9,100,31236600,"B"
"GEX","13:38:54",23.05,-0.9,900,31236500,"B"
"GEX","13:38:53",23.05,-0.9,6000,31235600,"S"
"GEX","13:38:52",23.05,-0.9,100,31229600,"S"
"GEX","13:38:52",23.05,-0.9,1000,31229500,"S"
"GEX","13:38:50",23.05,-0.9,10000,31228500,"S"
"GEX","13:38:49",23.05,-0.9,500,31218500,"S"
"GEX","13:38:47",23.05,-0.9,500,31218000,"S"
"GEX","13:38:43",23.05,-0.9,5200,31217500,"S"
"GEX","13:38:42",23.05,-0.9,100,31212300,"S"
"GEX","13:38:39",23.05,-0.9,200,31212200,"S"
"GEX","13:38:34",23.05,-0.9,1100,31212000,"S"
"GEX","13:38:29",23.05,-0.9,100,31210900,"S"
"GEX","13:38:28",23.05,-0.9,10000,31210800,"S"
"GEX","13:38:25",23.05,-0.9,6200,31200800,"S"
"GEX","13:38:23",23.05,-0.9,1000,31194600,"S"
"GEX","13:38:18",23.05,-0.9,20000,31193600,"S"
"GEX","13:38:17",23.05,-0.9,10000,31173600,"S"
"GEX","13:38:16",23.05,-0.9,9600,31163600,"S"
"GEX","13:38:12",23.05,-0.9,500,31154000,"S"
"GEX","13:38:11",23.05,-0.9,300,31153500,"S"
"GEX","13:38:07",23.05,-0.9,5000,31153200,"S"
"GEX","13:38:03",23.05,-0.9,100,31148200,"S"
"GEX","13:37:45",23.05,-0.9,6500,31148100,"S"
"GEX","13:37:34",23.05,-0.9,20000,31141600,"S"
"GEX","13:37:23",23,-0.95,900,31121600,"B"
"GEX","13:37:18",23.05,-0.9,1000,31120700,"S"
"GEX","13:37:10",23,-0.95,1000,31119700,"B"
"GEX","13:37:05",23,-0.95,8500,31118700,"S"
"GEX","13:37:04",23,-0.95,100,31110200,"S"
"GEX","13:37:03",23,-0.95,10000,31110100,"S"
"GEX","13:37:03",23,-0.95,1000,31100100,"S"
"GEX","13:37:01",23,-0.95,300,31099100,"S"
"GEX","13:36:59",23,-0.95,13100,31098800,"S"
"GEX","13:36:55",23,-0.95,62300,31085700,"S"
"GEX","13:36:54",23,-0.95,1300,31023400,"S"
"GEX","13:36:52",23,-0.95,100000,31022100,"S"
"GEX","13:36:49",23,-0.95,10000,30922100,"S"
"GEX","13:36:36",22.95,-1,500,30912100,"B"
"GEX","13:36:35",22.95,-1,3000,30911600,"B"
"GEX","13:36:31",23,-0.95,1000,30908600,"S"
"GEX","13:36:02",22.95,-1,1000,30907600,"B"
"GEX","13:36:00",22.95,-1,500,30906600,"B"
"GEX","13:35:47",22.95,-1,200,30906100,"S"
"GEX","13:35:45",22.95,-1,1000,30905900,"S"
"GEX","13:35:41",22.95,-1,1100,30904900,"S"
"GEX","13:35:40",22.95,-1,5000,30903800,"S"
"GEX","13:35:39",22.95,-1,42700,30898800,"B"
"GEX","13:35:31",22.95,-1,300,30856100,"B"
"GEX","13:35:30",22.95,-1,2500,30855800,"S"
"GEX","13:35:28",22.95,-1,100,30853300,"S"
"GEX","13:35:23",22.95,-1,200,30853200,"S"
"GEX","13:35:22",22.95,-1,200,30853000,"S"
"GEX","13:35:22",22.95,-1,400,30852800,"S"
"GEX","13:35:21",22.95,-1,1000,30852400,"S"
"GEX","13:35:19",22.95,-1,5000,30851400,"S"
"GEX","13:35:19",22.95,-1,10100,30846400,"S"
"GEX","13:35:17",22.95,-1,1000,30836300,"S"
"GEX","13:35:13",22.95,-1,3000,30835300,"S"
"GEX","13:35:12",22.95,-1,10000,30832300,"S"
"GEX","13:35:10",22.95,-1,100,30822300,"S"
"GEX","13:35:09",22.95,-1,2000,30822200,"S"
"GEX","13:35:08",22.95,-1,400,30820200,"S"
"GEX","13:35:07",22.95,-1,100,30819800,"S"
"GEX","13:35:04",22.95,-1,7500,30819700,"S"
"GEX","13:35:03",22.95,-1,10000,30812200,"S"
"GEX","13:35:02",22.95,-1,10000,30802200,"S"
"GEX","13:35:02",22.95,-1,10100,30792200,"S"
"GEX","13:34:59",22.95,-1,300,30782100,"S"
"GEX","13:34:58",22.95,-1,400,30781800,"S"
"GEX","13:34:57",22.95,-1,500,30781400,"S"
"GEX","13:34:55",22.95,-1,1000,30780900,"S"
"GEX","13:34:53",22.95,-1,500,30779900,"S"
"GEX","13:34:52",22.95,-1,800,30779400,"S"
"GEX","13:34:50",22.95,-1,2000,30778600,"S"
"GEX","13:34:49",22.95,-1,11300,30776600,"S"
"GEX","13:34:49",22.95,-1,1000,30765300,"S"
"GEX","13:34:46",22.95,-1,1000,30764300,"S"
"GEX","13:34:43",22.95,-1,500,30763300,"S"
"GEX","13:34:39",22.95,-1,5000,30762800,"S"
"GEX","13:34:38",22.9,-1.05,100,30757800,"B"
"GEX","13:34:37",22.9,-1.05,2900,30757700,"B"
"GEX","13:34:37",22.95,-1,500,30754800,"S"
"GEX","13:34:28",22.95,-1,1000,30754300,"S"
"GEX","13:34:24",22.95,-1,300,30753300,"S"
"GEX","13:34:22",22.95,-1,4000,30753000,"S"
"GEX","13:34:16",22.95,-1,2000,30749000,"S"
"GEX","13:34:13",22.95,-1,9700,30747000,"B"
"GEX","13:34:12",22.95,-1,300,30737300,"S"
"GEX","13:34:11",22.95,-1,9700,30737000,"B"
"GEX","13:34:03",22.95,-1,5000,30727300,"B"
"GEX","13:33:52",22.95,-1,40000,30722300,"B"
"GEX","13:33:37",22.95,-1,1000,30682300,"B"
"GEX","13:33:32",22.95,-1,1000,30681300,"B"
"GEX","13:33:29",22.95,-1,2400,30680300,"B"
"GEX","13:33:22",22.95,-1,5000,30677900,"B"
"GEX","13:33:19",22.95,-1,4500,30672900,"B"
"GEX","13:33:09",23,-0.95,3900,30668400,"S"
"GEX","13:33:04",22.95,-1,100,30664500,"B"
"GEX","13:33:02",22.95,-1,2000,30664400,"B"
"GEX","13:32:50",22.95,-1,3000,30662400,"B"
"GEX","13:32:48",22.95,-1,1000,30659400,"B"
"GEX","13:32:45",22.95,-1,5000,30658400,"B"
"GEX","13:32:44",22.95,-1,600,30653400,"S"
"GEX","13:32:38",22.95,-1,4400,30652800,"B"
"GEX","13:32:32",22.95,-1,1000,30648400,"B"
"GEX","13:32:28",22.95,-1,1500,30647400,"B"
"GEX","13:32:25",22.95,-1,2800,30645900,"B"
"GEX","13:32:24",22.95,-1,200,30643100,"B"
"GEX","13:32:18",22.95,-1,800,30642900,"B"
"GEX","13:32:17",22.95,-1,2500,30642100,"B"
"GEX","13:32:14",22.95,-1,1900,30639600,"B"
"GEX","13:32:13",22.95,-1,1000,30637700,"B"
"GEX","13:32:04",22.95,-1,200,30636700,"B"
"GEX","13:32:00",22.95,-1,7000,30636500,"S"
"GEX","13:31:59",22.95,-1,100,30629500,"S"
"GEX","13:31:53",22.95,-1,4000,30629400,"S"
"GEX","13:31:50",22.95,-1,10000,30625400,"S"
"GEX","13:31:50",22.9,-1.05,200,30615400,"B"
"GEX","13:31:43",22.95,-1,1000,30615200,"S"
"GEX","13:31:41",22.95,-1,1400,30614200,"S"
"GEX","13:31:34",22.95,-1,1500,30612800,"B"
"GEX","13:31:34",22.95,-1,500,30611300,"B"
"GEX","13:31:32",22.95,-1,1000,30610800,"B"
"GEX","13:31:27",22.9,-1.05,8200,30609800,"B"
"GEX","13:31:27",22.95,-1,41800,30601600,"B"
"GEX","13:31:25",22.95,-1,5000,30559800,"B"
"GEX","13:31:23",23,-0.95,300,30504800,"S"
"GEX","13:31:20",22.95,-1,3500,30504500,"B"
"GEX","13:31:17",23,-0.95,1000,30501000,"S"
"GEX","13:31:17",22.95,-1,500,30500000,"B"
"GEX","13:31:16",22.95,-1,200,30499500,"B"
"GEX","13:31:15",22.95,-1,1500,30499300,"B"
"GEX","13:31:14",22.95,-1,400,30497800,"B"
"GEX","13:31:13",22.95,-1,8000,30497400,"B"
"GEX","13:31:09",22.95,-1,3000,30489400,"B"
"GEX","13:31:08",22.95,-1,1000,30486400,"B"
"GEX","13:31:05",23,-0.95,1000,30485400,"S"
"GEX","13:31:04",22.95,-1,2000,30484400,"B"
"GEX","13:31:03",22.95,-1,7000,30482400,"B"
"GEX","13:31:01",22.95,-1,5000,30475400,"B"
"GEX","13:30:58",23,-0.95,1300,30470400,"S"
"GEX","13:30:57",23,-0.95,300,30469100,"S"
"GEX","13:30:57",22.95,-1,200,30468800,"B"
"GEX","13:30:54",23,-0.95,500,30468600,"S"
"GEX","13:30:53",22.95,-1,2000,30468100,"B"
"GEX","13:30:46",23,-0.95,1000,30466100,"S"
"GEX","13:30:45",23,-0.95,100,30465100,"S"
"GEX","13:30:45",22.95,-1,600,30465000,"B"
"GEX","13:30:44",22.95,-1,3000,30464400,"B"
"GEX","13:30:44",23,-0.95,1300,30461400,"S"
"GEX","13:30:43",22.95,-1,2000,30460100,"B"
"GEX","13:30:39",23,-0.95,1000,30458100,"S"
"GEX","13:30:24",23,-0.95,500,30457100,"S"
"GEX","13:30:22",23,-0.95,500,30456600,"S"
"GEX","13:30:21",22.95,-1,2000,30456100,"B"
"GEX","13:30:19",22.95,-1,300,30454100,"B"
"GEX","13:30:17",22.95,-1,1300,30453800,"B"
"GEX","13:30:09",22.95,-1,500,30452500,"B"
"GEX","13:30:08",22.95,-1,2100,30452000,"B"
"GEX","13:30:06",22.95,-1,600,30449900,"B"
"GEX","13:29:59",22.95,-1,500,30449300,"B"
"GEX","13:29:39",22.95,-1,6000,30448800,"B"
"GEX","13:29:34",23,-0.95,2000,30442800,"S"
"GEX","13:29:21",23,-0.95,100,30440800,"S"
"GEX","13:29:18",23,-0.95,17000,30440700,"S"
"GEX","13:29:12",23,-0.95,100,30423700,"S"
"GEX","13:29:10",22.95,-1,1000,30423600,"B"
"GEX","13:29:03",23,-0.95,1000,30422600,"S"
"GEX","13:29:00",23,-0.95,900,30421600,"S"
"GEX","13:28:57",23,-0.95,1000,30420700,"S"
"GEX","13:28:56",22.95,-1,10000,30419700,"B"
"GEX","13:28:47",23,-0.95,200,30409700,"S"
"GEX","13:28:42",22.95,-1,5000,30409500,"B"
"GEX","13:28:41",23,-0.95,10000,30404500,"S"
"GEX","13:28:40",23,-0.95,100,30394500,"S"
"GEX","13:28:39",23,-0.95,100,30394400,"S"
"GEX","13:28:33",23,-0.95,900,30394300,"S"
"GEX","13:28:30",23,-0.95,2000,30393400,"S"
"GEX","13:28:29",23,-0.95,4500,30391400,"S"
"GEX","13:28:28",23,-0.95,1100,30386900,"S"
"GEX","13:28:26",23,-0.95,1000,30385800,"S"
"GEX","13:28:23",23,-0.95,30000,30384800,"S"
"GEX","13:28:21",22.95,-1,6300,30354800,"B"
"GEX","13:28:20",23,-0.95,6900,30348500,"S"
"GEX","13:28:18",23,-0.95,300,30341600,"S"
"GEX","13:28:17",23,-0.95,10000,30341300,"S"
"GEX","13:28:11",23,-0.95,100,30331300,"S"
"GEX","13:28:08",23,-0.95,6500,30331200,"S"
"GEX","13:28:07",23,-0.95,186400,30324700,"B"
"GEX","13:28:05",23,-0.95,23000,30138300,"B"
"GEX","13:28:02",23.05,-0.9,100,30115300,"S"
"GEX","13:28:01",23,-0.95,50000,30115200,"B"
"GEX","13:28:00",23.05,-0.9,3000,30065200,"S"
"GEX","13:27:59",23,-0.95,20000,30062200,"B"
"GEX","13:27:53",23,-0.95,2500,30042200,"B"
"GEX","13:27:53",23,-0.95,1500,30039700,"B"
"GEX","13:27:49",23,-0.95,100,30038200,"B"
"GEX","13:27:42",23,-0.95,3000,30038100,"B"
"GEX","13:27:33",23,-0.95,200,30035100,"B"
"GEX","13:27:26",23,-0.95,3000,30034900,"B"
"GEX","13:27:25",23.05,-0.9,10000,30031900,"S"
"GEX","13:27:15",23.05,-0.9,2700,30021900,"S"
"GEX","13:27:06",23.05,-0.9,10000,30019200,"S"
"GEX","13:27:00",23.05,-0.9,200,30009200,"S"
"GEX","13:26:59",23.05,-0.9,4100,30009000,"B"
"GEX","13:26:58",23.05,-0.9,1000,30004900,"B"
"GEX","13:26:57",23.05,-0.9,5000,30003900,"B"
"GEX","13:26:57",23.05,-0.9,300,29998900,"B"
"GEX","13:26:56",23.05,-0.9,500,29998600,"B"
"GEX","13:26:55",23.05,-0.9,20000,29998100,"B"
"GEX","13:26:53",23.1,-0.85,6000,29978100,"S"
"GEX","13:26:53",23.05,-0.9,5000,29972100,"B"
"GEX","13:26:51",23.05,-0.9,32400,29967100,"B"
"GEX","13:26:51",23.05,-0.9,4100,29934700,"B"
"GEX","13:26:50",23.05,-0.9,18100,29930600,"B"
"GEX","13:26:50",23.05,-0.9,2000,29912500,"B"
"GEX","13:26:48",23.05,-0.9,2100,29910500,"B"
"GEX","13:26:45",23.05,-0.9,20000,29908400,"B"
"GEX","13:26:45",23.1,-0.85,1100,29888400,"S"
"GEX","13:26:45",23.05,-0.9,500,29887300,"B"
"GEX","13:26:44",23.05,-0.9,2000,29886800,"B"
"GEX","13:26:43",23.05,-0.9,1300,29884800,"B"
"GEX","13:26:42",23.05,-0.9,5000,29883500,"B"
"GEX","13:26:42",23.05,-0.9,700,29878500,"B"
"GEX","13:26:40",23.05,-0.9,1500,29877800,"B"
"GEX","13:26:37",23.05,-0.9,30000,29876300,"B"
"GEX","13:26:34",23.05,-0.9,900,29846300,"B"
"GEX","13:26:33",23.05,-0.9,2000,29845400,"B"
"GEX","13:26:30",23.05,-0.9,2000,29843400,"B"
"GEX","13:26:25",23.05,-0.9,6900,29841400,"B"
"GEX","13:26:23",23.05,-0.9,1000,29834500,"B"
"GEX","13:26:18",23.05,-0.9,700,29833500,"B"
"GEX","13:26:15",23.05,-0.9,200,29832800,"B"
"GEX","13:26:14",23.1,-0.85,1800,29832600,"S"
"GEX","13:26:13",23.05,-0.9,20000,29830800,"B"
"GEX","13:26:11",23.05,-0.9,700,29810800,"B"
"GEX","13:25:57",23.05,-0.9,28000,29810100,"B"
"GEX","13:25:56",23.1,-0.85,100,29782100,"S"
"GEX","13:25:47",23.1,-0.85,100,29782000,"S"
"GEX","13:25:43",23.1,-0.85,3000,29781900,"S"
"GEX","13:25:40",23.05,-0.9,1700,29778900,"B"
"GEX","13:25:38",23.1,-0.85,100,29777200,"S"
"GEX","13:25:25",23.1,-0.85,8000,29777100,"S"
"GEX","13:25:18",23.05,-0.9,3000,29769100,"B"
"GEX","13:25:17",23.05,-0.9,2000,29766100,"B"
"GEX","13:25:09",23.05,-0.9,700,29764100,"B"
"GEX","13:25:08",23.05,-0.9,100,29763400,"B"
"GEX","13:25:08",23.05,-0.9,300,29763300,"B"
"GEX","13:25:03",23.05,-0.9,1000,29763000,"B"
"GEX","13:24:58",23.05,-0.9,2300,29762000,"B"
"GEX","13:24:56",23.1,-0.85,400,29759700,"S"
"GEX","13:24:51",23.05,-0.9,800,29759300,"B"
"GEX","13:24:47",23.05,-0.9,6000,29758500,"B"
"GEX","13:24:45",23.1,-0.85,300,29752500,"S"
"GEX","13:24:45",23.05,-0.9,10000,29752200,"B"
"GEX","13:24:38",23.05,-0.9,700,29742200,"B"
"GEX","13:24:32",23.05,-0.9,1900,29741500,"B"
"GEX","13:24:28",23.05,-0.9,5000,29739600,"B"
"GEX","13:24:27",23.05,-0.9,400,29734600,"B"
"GEX","13:24:26",23.05,-0.9,2500,29734200,"B"
"GEX","13:24:25",23.1,-0.85,1400,29731700,"S"
"GEX","13:24:21",23.1,-0.85,9000,29730300,"S"
"GEX","13:24:20",23.05,-0.9,400,29721300,"B"
"GEX","13:24:19",23.1,-0.85,7500,29720900,"S"
"GEX","13:24:12",23.05,-0.9,5000,29713400,"B"
"GEX","13:24:07",23.05,-0.9,700,29708400,"B"
"GEX","13:24:05",23.1,-0.85,800,29707700,"S"
"GEX","13:24:01",23.05,-0.9,4200,29706900,"B"
"GEX","13:23:57",23.05,-0.9,1500,29702700,"B"
"GEX","13:23:51",23.1,-0.85,2000,29701200,"S"
"GEX","13:23:50",23.05,-0.9,100000,29699200,"B"
"GEX","13:23:45",23.1,-0.85,700,29599200,"S"
"GEX","13:23:38",23.05,-0.9,1000,29598500,"B"
"GEX","13:23:36",23.05,-0.9,700,29597500,"B"
"GEX","13:23:34",23.1,-0.85,600,29596800,"S"
"GEX","13:23:33",23.1,-0.85,20000,29596200,"S"
"GEX","13:23:25",23.1,-0.85,200,29576200,"S"
"GEX","13:23:20",23.05,-0.9,3000,29576000,"B"
"GEX","13:23:17",23.05,-0.9,18000,29573000,"B"
"GEX","13:23:16",23.1,-0.85,4000,29555000,"S"
"GEX","13:23:13",23.1,-0.85,100,29551000,"S"
"GEX","13:23:09",23.1,-0.85,1300,29550900,"S"
"GEX","13:23:08",23.05,-0.9,1000,29549600,"B"
"GEX","13:23:05",23.05,-0.9,700,29548600,"B"
"GEX","13:23:05",23.05,-0.9,300,29547900,"B"
"GEX","13:22:56",23.1,-0.85,100,29547600,"S"
"GEX","13:22:52",23.1,-0.85,1800,29547500,"S"
"GEX","13:22:50",23.1,-0.85,100,29545700,"S"
"GEX","13:22:50",23.05,-0.9,1200,29545600,"B"
"GEX","13:22:45",23.1,-0.85,1300,29544400,"S"
"GEX","13:22:37",23.05,-0.9,6000,29543100,"B"
"GEX","13:22:34",23.05,-0.9,700,29537100,"B"
"GEX","13:22:30",23.05,-0.9,300,29536400,"B"
"GEX","13:22:21",23.05,-0.9,5700,29536100,"S"
"GEX","13:22:19",23.05,-0.9,10000,29530400,"S"
"GEX","13:22:18",23.05,-0.9,300,29520400,"S"
"GEX","13:22:17",23.05,-0.9,3800,29520100,"S"
"GEX","13:22:16",23.05,-0.9,100,29516300,"S"
"GEX","13:22:15",23.05,-0.9,1600,29516200,"S"
"GEX","13:22:12",23.05,-0.9,1300,29514600,"S"
"GEX","13:22:11",23.05,-0.9,500,29513300,"S"
"GEX","13:22:10",23.05,-0.9,1000,29512800,"S"
"GEX","13:22:08",23.05,-0.9,1000,29511800,"S"
"GEX","13:22:07",23.05,-0.9,5000,29510800,"S"
"GEX","13:22:07",23,-0.95,5000,29505800,"B"
"GEX","13:22:06",23.05,-0.9,3100,29500800,"S"
"GEX","13:22:03",23.05,-0.9,20000,29497700,"S"
"GEX","13:21:59",23.05,-0.9,5000,29477700,"S"
"GEX","13:21:57",23.05,-0.9,3000,29472700,"S"
"GEX","13:21:56",23.05,-0.9,300,29469700,"S"
"GEX","13:21:55",23.05,-0.9,100,29469400,"S"
"GEX","13:21:51",23.05,-0.9,3900,29469300,"S"
"GEX","13:21:49",23.05,-0.9,600,29465400,"S"
"GEX","13:21:46",23.05,-0.9,500,29464800,"S"
"GEX","13:21:42",23.05,-0.9,10000,29464300,"S"
"GEX","13:21:41",23.05,-0.9,100,29454300,"S"
"GEX","13:21:39",23.05,-0.9,1000,29454200,"S"
"GEX","13:21:35",23.05,-0.9,800,29453200,"S"
"GEX","13:21:31",23.05,-0.9,1000,29452400,"S"
"GEX","13:21:28",23.05,-0.9,50000,29451400,"S"
"GEX","13:21:27",23.05,-0.9,1000,29401400,"S"
"GEX","13:21:25",23.05,-0.9,1000,29400400,"S"
"GEX","13:21:24",23.05,-0.9,2000,29399400,"S"
"GEX","13:21:21",23,-0.95,1000,29397400,"B"
"GEX","13:21:20",23.05,-0.9,100,29396400,"S"
"GEX","13:21:17",23.05,-0.9,1300,29396300,"S"
"GEX","13:21:11",23.05,-0.9,100,29395000,"S"
"GEX","13:20:55",23.05,-0.9,1900,29394900,"S"
"GEX","13:20:55",23,-0.95,1000,29393000,"B"
"GEX","13:20:54",23,-0.95,3000,29392000,"B"
"GEX","13:20:48",23,-0.95,1100,29389000,"B"
"GEX","13:20:46",23,-0.95,1000,29387900,"B"
"GEX","13:20:44",23.05,-0.9,3000,29386900,"S"
"GEX","13:20:44",23.05,-0.9,1000,29383900,"S"
"GEX","13:20:43",23,-0.95,100,29382900,"B"
"GEX","13:20:43",23,-0.95,500,29382800,"B"
"GEX","13:20:38",23,-0.95,2000,29382300,"B"
"GEX","13:20:37",23,-0.95,400,29380300,"B"
"GEX","13:20:36",23,-0.95,4900,29379900,"B"
"GEX","13:20:23",23.05,-0.9,25000,29375000,"S"
"GEX","13:20:22",23,-0.95,3200,29350000,"B"
"GEX","13:20:21",23,-0.95,26000,29346800,"B"
"GEX","13:20:20",23,-0.95,200,29320800,"B"
"GEX","13:20:15",23,-0.95,1000,29320600,"B"
"GEX","13:20:12",23,-0.95,500,29319600,"B"
"GEX","13:20:08",23,-0.95,400,29319100,"S"
"GEX","13:20:01",23,-0.95,600,29318700,"B"
"GEX","13:19:59",23.05,-0.9,1600,29318100,"S"
"GEX","13:19:55",23.05,-0.9,5300,29316500,"B"
"GEX","13:19:51",23.05,-0.9,5200,29311200,"B"
"GEX","13:19:51",23.1,-0.85,1300,29306000,"S"
"GEX","13:19:45",23.05,-0.9,17900,29304700,"S"
"GEX","13:19:45",23,-0.95,2200,29286800,"S"
"GEX","13:19:43",23,-0.95,2900,29284600,"S"
"GEX","13:19:41",23,-0.95,154900,29281700,"B"
"GEX","13:19:35",23.05,-0.9,2900,29126800,"B"
"GEX","13:19:32",23.05,-0.9,16100,29123900,"B"
"GEX","13:19:32",23.05,-0.9,23900,29107800,"B"
"GEX","13:19:30",23.05,-0.9,40700,29083900,"B"
"GEX","13:19:29",23.05,-0.9,4500,29043200,"B"
"GEX","13:19:28",23.05,-0.9,1000,29038700,"B"
"GEX","13:19:27",23.05,-0.9,70000,29037700,"B"
"GEX","13:19:26",23.05,-0.9,2000,28967700,"B"
"GEX","13:19:24",23.05,-0.9,10000,28965700,"B"
"GEX","13:19:23",23.05,-0.9,300,28955700,"B"
"GEX","13:19:21",23.05,-0.9,11000,28955400,"B"
"GEX","13:19:16",23.1,-0.85,1500,28944400,"S"
"GEX","13:19:06",23.05,-0.9,3000,28942900,"B"
"GEX","13:18:59",23.05,-0.9,2100,28939900,"B"
"GEX","13:18:56",23.05,-0.9,5000,28937800,"B"
"GEX","13:18:55",23.05,-0.9,3000,28932800,"B"
"GEX","13:18:52",23.05,-0.9,1000,28929800,"B"
"GEX","13:18:50",23.05,-0.9,10000,28928800,"B"
"GEX","13:18:49",23.05,-0.9,1100,28918800,"B"
"GEX","13:18:46",23.05,-0.9,15000,28917700,"B"
"GEX","13:18:43",23.05,-0.9,1000,28902700,"B"
"GEX","13:18:40",23.05,-0.9,3000,28901700,"B"
"GEX","13:18:35",23.05,-0.9,1000,28898700,"B"
"GEX","13:18:31",23.05,-0.9,4000,28897700,"B"
"GEX","13:18:31",23.1,-0.85,5000,28893700,"S"
"GEX","13:18:28",23.05,-0.9,700,28888700,"B"
"GEX","13:18:26",23.05,-0.9,1200,28888000,"B"
"GEX","13:18:21",23.1,-0.85,300,28886800,"S"
"GEX","13:18:17",23.1,-0.85,500,28886500,"S"
"GEX","13:18:16",23.1,-0.85,2000,28886000,"S"
"GEX","13:18:14",23.1,-0.85,2000,28884000,"S"
"GEX","13:18:08",23.1,-0.85,100,28882000,"S"
"GEX","13:18:05",23.1,-0.85,400,28881900,"S"
"GEX","13:17:59",23.1,-0.85,1000,28881500,"S"
"GEX","13:17:57",23.05,-0.9,3000,28880500,"B"
"GEX","13:17:56",23.05,-0.9,700,28877500,"B"
"GEX","13:17:44",23.05,-0.9,4000,28876800,"B"
"GEX","13:17:44",23.1,-0.85,200,28872800,"S"
"GEX","13:17:31",23.1,-0.85,100,28872600,"S"
"GEX","13:17:28",23.05,-0.9,2500,28872500,"B"
"GEX","13:17:27",23.1,-0.85,1000,28870000,"S"
"GEX","13:17:25",23.05,-0.9,700,28869000,"B"
"GEX","13:17:23",23.1,-0.85,100,28868300,"S"
"GEX","13:17:16",23.1,-0.85,1000,28868200,"S"
"GEX","13:17:12",23.1,-0.85,4500,28867200,"S"
"GEX","13:17:07",23.1,-0.85,100,28862700,"S"
"GEX","13:17:06",23.05,-0.9,200,28862600,"B"
"GEX","13:17:04",23.1,-0.85,300,28862400,"S"
"GEX","13:17:03",23.1,-0.85,1000,28862100,"S"
"GEX","13:17:01",23.05,-0.9,2000,28861100,"B"
"GEX","13:16:56",23.05,-0.9,400,28859100,"B"
"GEX","13:16:55",23.05,-0.9,700,28858700,"B"
"GEX","13:16:55",23.1,-0.85,800,28858000,"S"
"GEX","13:16:50",23.1,-0.85,1000,28857200,"S"
"GEX","13:16:44",23.05,-0.9,4700,28856200,"B"
"GEX","13:16:42",23.1,-0.85,10000,28851500,"S"
"GEX","13:16:38",23.1,-0.85,2800,28841500,"S"
"GEX","13:16:32",23.05,-0.9,100,28838700,"B"
"GEX","13:16:24",23.05,-0.9,700,28838600,"B"
"GEX","13:16:09",23.05,-0.9,200,28837900,"B"
"GEX","13:16:02",23.05,-0.9,1200,28837700,"B"
"GEX","13:16:01",23.1,-0.85,1100,28836500,"S"
"GEX","13:15:53",23.05,-0.9,700,28835400,"B"
"GEX","13:15:50",23.1,-0.85,100,28834700,"S"
"GEX","13:15:45",23.05,-0.9,2000,28834600,"B"
"GEX","13:15:43",23.05,-0.9,1000,28832600,"B"
"GEX","13:15:41",23.05,-0.9,500,28831600,"B"
"GEX","13:15:25",23.05,-0.9,13200,28831100,"S"
"GEX","13:15:24",23.05,-0.9,1000,28817900,"S"
"GEX","13:15:20",23.05,-0.9,5500,28816900,"S"
"GEX","13:15:19",23.05,-0.9,5000,28811400,"S"
"GEX","13:15:18",23.05,-0.9,3800,28806400,"S"
"GEX","13:15:17",23.05,-0.9,500,28802600,"S"
"GEX","13:15:16",23.05,-0.9,200,28802100,"S"
"GEX","13:15:15",23.05,-0.9,15000,28801900,"S"
"GEX","13:15:13",23.05,-0.9,13000,28786900,"S"
"GEX","13:15:08",23.05,-0.9,6000,28773900,"S"
"GEX","13:15:07",23.05,-0.9,1300,28767900,"S"
"GEX","13:15:06",23.05,-0.9,900,28766600,"S"
"GEX","13:15:06",23,-0.95,500,28765700,"B"
"GEX","13:15:01",23.05,-0.9,1000,28765200,"S"
"GEX","13:14:59",23.05,-0.9,500,28764200,"S"
"GEX","13:14:48",23.05,-0.9,500,28763700,"S"
"GEX","13:14:40",23.05,-0.9,500,28763200,"S"
"GEX","13:14:39",23,-0.95,500,28762700,"B"
"GEX","13:14:34",23.05,-0.9,100,28762200,"B"
"GEX","13:14:33",23.05,-0.9,19100,28762100,"B"
"GEX","13:14:28",23.05,-0.9,11800,28743000,"B"
"GEX","13:14:26",23.05,-0.9,3300,28731200,"B"
"GEX","13:14:25",23.05,-0.9,10000,28727900,"B"
"GEX","13:14:23",23.05,-0.9,5000,28717900,"B"
"GEX","13:14:22",23.05,-0.9,1000,28712900,"B"
"GEX","13:14:21",23.05,-0.9,700,28711900,"B"
"GEX","13:14:20",23.05,-0.9,3000,28711200,"B"
"GEX","13:14:15",23.05,-0.9,36000,28708200,"B"
"GEX","13:14:08",23.05,-0.9,1500,28672200,"B"
"GEX","13:14:06",23.1,-0.85,100,28670700,"S"
"GEX","13:14:01",23.05,-0.9,200,28670600,"B"
"GEX","13:14:00",23.05,-0.9,10000,28670400,"B"
"GEX","13:13:59",23.05,-0.9,4000,28660400,"B"
"GEX","13:13:58",23.05,-0.9,2000,28656400,"B"
"GEX","13:13:56",23.05,-0.9,5000,28654400,"B"
"GEX","13:13:53",23.05,-0.9,9000,28649400,"B"
"GEX","13:13:50",23.05,-0.9,700,28640400,"B"
"GEX","13:13:45",23.05,-0.9,5000,28639700,"B"
"GEX","13:13:39",23.05,-0.9,50000,28634700,"B"
"GEX","13:13:33",23.05,-0.9,200,28584700,"B"
"GEX","13:13:31",23.1,-0.85,2000,28584500,"S"
"GEX","13:13:23",23.1,-0.85,200,28582500,"S"
"GEX","13:13:23",23.05,-0.9,2000,28582300,"B"
"GEX","13:13:19",23.05,-0.9,700,28580300,"B"
"GEX","13:13:15",23.1,-0.85,500,28579600,"S"
"GEX","13:13:14",23.1,-0.85,6000,28579100,"S"
"GEX","13:13:01",23.05,-0.9,500,28573100,"B"
"GEX","13:12:54",23.05,-0.9,3000,28572600,"B"
"GEX","13:12:49",23.05,-0.9,500,28569600,"B"
"GEX","13:12:48",23.05,-0.9,700,28569100,"B"
"GEX","13:12:45",23.05,-0.9,200,28568400,"B"
"GEX","13:12:39",23.1,-0.85,300,28568200,"S"
"GEX","13:12:38",23.1,-0.85,1500,28567900,"S"
"GEX","13:12:36",23.05,-0.9,10000,28566400,"B"
"GEX","13:12:33",23.1,-0.85,1000,28556400,"S"
"GEX","13:12:32",23.05,-0.9,5700,28555400,"B"
"GEX","13:12:31",23.05,-0.9,9300,28549700,"B"
"GEX","13:12:31",23.1,-0.85,1000,28540400,"S"
"GEX","13:12:29",23.1,-0.85,100,28539400,"S"
"GEX","13:12:22",23.1,-0.85,2500,28539300,"S"
"GEX","13:12:21",23.05,-0.9,2000,28536800,"B"
"GEX","13:12:17",23.05,-0.9,700,28534800,"B"
"GEX","13:12:06",23.05,-0.9,1000,28534100,"B"
"GEX","13:12:02",23.1,-0.85,1000,28533100,"S"
"GEX","13:11:58",23.05,-0.9,500,28532100,"B"
"GEX","13:11:47",23.1,-0.85,100,28531600,"S"
"GEX","13:11:46",23.05,-0.9,700,28531500,"B"
"GEX","13:11:41",23.05,-0.9,6800,28530800,"B"
"GEX","13:11:40",23.05,-0.9,200,28524000,"B"
"GEX","13:11:39",23.05,-0.9,10400,28523800,"B"
"GEX","13:11:36",23.05,-0.9,1000,28513400,"B"
"GEX","13:11:36",23.1,-0.85,1000,28512400,"S"
"GEX","13:11:36",23.05,-0.9,4200,28511400,"B"
"GEX","13:11:34",23.05,-0.9,24200,28507200,"B"
"GEX","13:11:31",23.05,-0.9,41500,28483000,"B"
"GEX","13:11:30",23.05,-0.9,200,28441500,"B"
"GEX","13:11:29",23.1,-0.85,1000,28441300,"S"
"GEX","13:11:27",23.1,-0.85,1000,28440300,"S"
"GEX","13:11:26",23.05,-0.9,2000,28439300,"B"
"GEX","13:11:16",23.05,-0.9,1000,28437300,"B"
"GEX","13:11:15",23.05,-0.9,700,28436300,"B"
"GEX","13:11:15",23.1,-0.85,300,28435600,"S"
"GEX","13:11:11",23.1,-0.85,200,28435300,"S"
"GEX","13:11:01",23.05,-0.9,2000,28435100,"B"
"GEX","13:11:00",23.05,-0.9,600,28433100,"B"
"GEX","13:10:47",23.05,-0.9,100,28432500,"S"
"GEX","13:10:46",23.05,-0.9,2000,28432400,"S"
"GEX","13:10:45",23.05,-0.9,8000,28430400,"B"
"GEX","13:10:44",23.05,-0.9,700,28422400,"B"
"GEX","13:10:43",23.05,-0.9,8000,28421700,"B"
"GEX","13:10:41",23.05,-0.9,500,28413700,"B"
"GEX","13:10:37",23.05,-0.9,100,28413200,"B"
"GEX","13:10:36",23.05,-0.9,6000,28413100,"B"
"GEX","13:10:32",23.05,-0.9,32800,28407100,"S"
"GEX","13:10:31",23.05,-0.9,16700,28374300,"S"
"GEX","13:10:29",23.05,-0.9,10000,28357600,"S"
"GEX","13:10:25",23.05,-0.9,5000,28347600,"S"
"GEX","13:10:23",23.05,-0.9,4000,28342600,"S"
"GEX","13:10:21",23.05,-0.9,2300,28338600,"S"
"GEX","13:10:20",23.05,-0.9,300,28336300,"S"
"GEX","13:10:20",23.05,-0.9,100,28336000,"S"
"GEX","13:10:20",23,-0.95,4200,28335900,"B"
"GEX","13:10:19",23.05,-0.9,500,28331700,"S"
"GEX","13:10:18",23.05,-0.9,14000,28331200,"S"
"GEX","13:10:14",23.05,-0.9,5000,28317200,"S"
"GEX","13:10:12",23.05,-0.9,200,28312200,"S"
"GEX","13:10:12",23.05,-0.9,2000,28312000,"S"
"GEX","13:10:10",23.05,-0.9,700,28310000,"S"
"GEX","13:10:06",23.05,-0.9,3000,28309300,"S"
"GEX","13:10:05",23.05,-0.9,900,28306300,"S"
"GEX","13:10:02",23.05,-0.9,5000,28305400,"S"
"GEX","13:10:01",23.05,-0.9,500,28300400,"S"
"GEX","13:09:59",23.05,-0.9,500,28299900,"S"
"GEX","13:09:54",23.05,-0.9,5000,28299400,"S"
"GEX","13:09:52",23.05,-0.9,4100,28294400,"B"
"GEX","13:09:51",23.05,-0.9,400,28290300,"S"
"GEX","13:09:48",23.05,-0.9,1500,28289900,"S"
"GEX","13:09:46",23.05,-0.9,1200,28288400,"S"
"GEX","13:09:45",23.05,-0.9,500,28287200,"S"
"GEX","13:09:44",23.05,-0.9,26400,28286700,"B"
"GEX","13:09:43",23.05,-0.9,700,28260300,"B"
"GEX","13:09:41",23.05,-0.9,3000,28259600,"B"
"GEX","13:09:40",23.05,-0.9,2600,28256600,"B"
"GEX","13:09:30",23.05,-0.9,200,28254000,"S"
"GEX","13:09:27",23.05,-0.9,500,28253800,"S"
"GEX","13:09:26",23.05,-0.9,500,28253300,"S"
"GEX","13:09:25",23.05,-0.9,5500,28252800,"S"
"GEX","13:09:23",23.05,-0.9,5000,28247300,"S"
"GEX","13:09:22",23.05,-0.9,10000,28242300,"S"
"GEX","13:09:19",23.05,-0.9,100,28232300,"S"
"GEX","13:09:17",23.05,-0.9,800,28232200,"S"
"GEX","13:09:10",23.05,-0.9,10000,28231400,"S"
"GEX","13:09:07",23.05,-0.9,3000,28221400,"S"
"GEX","13:09:06",23.05,-0.9,13000,28218400,"S"
"GEX","13:09:05",23.05,-0.9,12200,28205400,"B"
"GEX","13:08:58",23.05,-0.9,17900,28193200,"S"
"GEX","13:08:53",23.05,-0.9,2000,28175300,"S"
"GEX","13:08:51",23.05,-0.9,6600,28173300,"B"
"GEX","13:08:49",23.05,-0.9,1000,28166700,"B"
"GEX","13:08:48",23.05,-0.9,800,28165700,"B"
"GEX","13:08:43",23.1,-0.85,5000,28164900,"S"
"GEX","13:08:42",23.05,-0.9,20400,28159900,"B"
"GEX","13:08:41",23.05,-0.9,700,28139500,"B"
"GEX","13:08:36",23.05,-0.9,5000,28138800,"B"
"GEX","13:08:33",23.05,-0.9,200,28124600,"S"
"GEX","13:08:33",23,-0.95,1900,28124400,"B"
"GEX","13:08:30",23.05,-0.9,1000,28122500,"S"
"GEX","13:08:26",23.05,-0.9,2600,28121500,"B"
"GEX","13:08:23",23.1,-0.85,100,28118900,"S"
"GEX","13:08:16",23.1,-0.85,4000,28118800,"S"
"GEX","13:08:15",22.95,-1,39300,28114800,"B"
"GEX","13:08:15",23,-0.95,23600,28075500,"B"
"GEX","13:08:14",23,-0.95,26000,28051900,"B"
"GEX","13:08:14",23.05,-0.9,132900,28025900,"B"
"GEX","13:08:11",23.05,-0.9,700,27893000,"B"
"GEX","13:08:10",23.1,-0.85,500,27892300,"S"
"GEX","13:08:09",23.1,-0.85,3000,27891800,"S"
"GEX","13:08:09",23.1,-0.85,100,27888800,"S"
"GEX","13:08:03",23.05,-0.9,1000,27888700,"B"
"GEX","13:08:02",23.1,-0.85,14800,27887700,"B"
"GEX","13:08:00",23.1,-0.85,5000,27872900,"B"
"GEX","13:07:52",23.1,-0.85,30000,27867900,"B"
"GEX","13:07:43",23.1,-0.85,2000,27837900,"B"
"GEX","13:07:40",23.1,-0.85,500,27835900,"S"
"GEX","13:07:40",23.05,-0.9,700,27835400,"B"
"GEX","13:07:39",23.1,-0.85,30000,27834700,"S"
"GEX","13:07:38",23.1,-0.85,10300,27804700,"S"
"GEX","13:07:37",23.1,-0.85,100000,27794400,"S"
"GEX","13:07:36",23.1,-0.85,500,27694400,"S"
"GEX","13:07:35",23.1,-0.85,500,27693900,"S"
"GEX","13:07:35",23.1,-0.85,1000,27693400,"S"
"GEX","13:07:32",23.1,-0.85,1000,27692400,"S"
"GEX","13:07:25",23.1,-0.85,100,27691400,"S"
"GEX","13:07:21",23.1,-0.85,100,27691300,"S"
"GEX","13:07:19",23.1,-0.85,1000,27691200,"S"
"GEX","13:07:14",23.1,-0.85,100,27690200,"S"
"GEX","13:07:11",23.05,-0.9,2700,27690100,"B"
"GEX","13:07:10",23.1,-0.85,5000,27687400,"S"
"GEX","13:07:09",23.05,-0.9,700,27682400,"B"
"GEX","13:07:07",23.05,-0.9,1000,27681700,"B"
"GEX","13:07:02",23.1,-0.85,7000,27680700,"S"
"GEX","13:07:01",23.05,-0.9,2000,27673700,"B"
"GEX","13:07:01",23.1,-0.85,6200,27671700,"S"
"GEX","13:06:58",23.05,-0.9,100,27665500,"B"
"GEX","13:06:58",23.1,-0.85,5000,27665400,"S"
"GEX","13:06:57",23.1,-0.85,3500,27660400,"S"
"GEX","13:06:50",23.05,-0.9,100,27656900,"B"
"GEX","13:06:42",23.05,-0.9,6200,27656800,"B"
"GEX","13:06:41",23.1,-0.85,4200,27650600,"S"
"GEX","13:06:40",23.05,-0.9,400,27646400,"B"
"GEX","13:06:39",23.1,-0.85,10000,27646000,"S"
"GEX","13:06:39",23.1,-0.85,300,27636000,"S"
"GEX","13:06:38",23.05,-0.9,700,27635700,"B"
"GEX","13:06:35",23.1,-0.85,20000,27635000,"S"
"GEX","13:06:34",23.1,-0.85,20000,27615000,"S"
