"symbol","time","price","change","vol","total","side"
"ITA","14:45:01",7.3,-0.05,289700,12200000,
"ITA","14:30:00",7.3,-0.05,1000,11910300,"S"
"ITA","14:29:57",7.29,-0.06,1000,11909300,"B"
"ITA","14:29:57",7.3,-0.05,5000,11908300,"S"
"ITA","14:29:56",7.3,-0.05,1900,11903300,"S"
"ITA","14:29:48",7.3,-0.05,500,11901400,"S"
"ITA","14:29:43",7.3,-0.05,500,11900900,"S"
"ITA","14:29:40",7.3,-0.05,30800,11900400,"B"
"ITA","14:29:35",7.3,-0.05,22800,11869600,"B"
"ITA","14:29:29",7.3,-0.05,200,11846800,"B"
"ITA","14:29:26",7.3,-0.05,3200,11846600,"B"
"ITA","14:29:26",7.31,-0.04,6800,11843400,"B"
"ITA","14:29:25",7.32,-0.03,500,11836600,"S"
"ITA","14:29:24",7.33,-0.02,100,11836100,"S"
"ITA","14:29:22",7.33,-0.02,5000,11836000,"S"
"ITA","14:29:22",7.32,-0.03,200,11831000,"B"
"ITA","14:29:11",7.33,-0.02,100,11830800,"S"
"ITA","14:29:10",7.33,-0.02,100,11830700,"S"
"ITA","14:29:02",7.33,-0.02,100,11830600,"S"
"ITA","14:28:59",7.33,-0.02,100,11830500,"S"
"ITA","14:28:57",7.31,-0.04,200,11830400,"B"
"ITA","14:28:56",7.31,-0.04,3300,11830200,"B"
"ITA","14:28:56",7.33,-0.02,1700,11826900,"B"
"ITA","14:28:46",7.33,-0.02,100,11825200,"B"
"ITA","14:28:45",7.33,-0.02,100,11825100,"B"
"ITA","14:28:38",7.33,-0.02,1000,11825000,"B"
"ITA","14:28:36",7.33,-0.02,500,11824000,"B"
"ITA","14:28:33",7.33,-0.02,100,11823500,"B"
"ITA","14:28:32",7.33,-0.02,200,11823400,"B"
"ITA","14:28:25",7.33,-0.02,300,11823200,"B"
"ITA","14:28:17",7.33,-0.02,4300,11822900,"B"
"ITA","14:28:17",7.34,-0.01,700,11818600,"B"
"ITA","14:28:14",7.35,0,300,11817900,"S"
"ITA","14:28:11",7.35,0,23400,11817600,"B"
"ITA","14:28:10",7.35,0,700,11794200,"B"
"ITA","14:28:05",7.35,0,1700,11793500,"B"
"ITA","14:28:05",7.36,0.01,1000,11791800,"S"
"ITA","14:28:01",7.35,0,5000,11790800,"B"
"ITA","14:27:57",7.36,0.01,900,11785800,"S"
"ITA","14:27:48",7.36,0.01,12800,11784900,"B"
"ITA","14:27:48",7.37,0.02,2500,11772100,"B"
"ITA","14:27:48",7.38,0.03,500,11769600,"B"
"ITA","14:27:46",7.39,0.04,1000,11769100,"S"
"ITA","14:27:46",7.39,0.04,6400,11768100,"S"
"ITA","14:27:36",7.38,0.03,4200,11761700,"B"
"ITA","14:27:35",7.38,0.03,1000,11757500,"B"
"ITA","14:27:26",7.39,0.04,1000,11756500,"S"
"ITA","14:27:19",7.39,0.04,500,11755500,"S"
"ITA","14:27:15",7.39,0.04,2700,11755000,"B"
"ITA","14:27:14",7.39,0.04,100,11752300,"B"
"ITA","14:27:10",7.39,0.04,300,11752200,"B"
"ITA","14:27:07",7.39,0.04,300,11751900,"S"
"ITA","14:27:05",7.39,0.04,800,11751600,"S"
"ITA","14:27:05",7.39,0.04,9700,11750800,"B"
"ITA","14:27:03",7.4,0.05,20000,11741100,"S"
"ITA","14:26:59",7.4,0.05,24700,11721100,"S"
"ITA","14:26:59",7.39,0.04,5300,11696400,"S"
"ITA","14:26:55",7.38,0.03,1000,11691100,"B"
"ITA","14:26:50",7.39,0.04,300,11690100,"S"
"ITA","14:26:49",7.39,0.04,200,11689800,"S"
"ITA","14:26:44",7.39,0.04,200,11689600,"S"
"ITA","14:26:40",7.4,0.05,13400,11689400,"S"
"ITA","14:26:40",7.39,0.04,4600,11676000,"S"
"ITA","14:26:39",7.39,0.04,200,11671400,"S"
"ITA","14:26:36",7.39,0.04,400,11671200,"S"
"ITA","14:26:32",7.39,0.04,300,11670800,"B"
"ITA","14:26:31",7.39,0.04,100,11670500,"B"
"ITA","14:26:30",7.39,0.04,100,11670400,"B"
"ITA","14:26:28",7.4,0.05,95400,11670300,"S"
"ITA","14:26:28",7.39,0.04,4600,11574900,"S"
"ITA","14:26:26",7.39,0.04,400,11570300,"B"
"ITA","14:26:23",7.39,0.04,500,11569900,"B"
"ITA","14:26:20",7.39,0.04,5000,11569400,"B"
"ITA","14:26:14",7.39,0.04,2000,11564400,"B"
"ITA","14:26:13",7.39,0.04,100,11562400,"S"
"ITA","14:26:12",7.39,0.04,200,11562300,"B"
"ITA","14:26:10",7.39,0.04,3000,11562100,"B"
"ITA","14:26:09",7.39,0.04,2000,11559100,"B"
"ITA","14:26:03",7.4,0.05,2500,11557100,"S"
"ITA","14:26:03",7.39,0.04,1500,11554600,"S"
"ITA","14:26:02",7.39,0.04,3900,11553100,"B"
"ITA","14:26:01",7.39,0.04,1000,11549200,"B"
"ITA","14:25:55",7.39,0.04,3300,11548200,"B"
"ITA","14:25:54",7.39,0.04,4000,11544900,"B"
"ITA","14:25:53",7.39,0.04,10000,11540900,"B"
"ITA","14:25:51",7.4,0.05,500,11530900,"S"
"ITA","14:25:48",7.39,0.04,4000,11530400,"B"
"ITA","14:25:46",7.39,0.04,9000,11526400,"B"
"ITA","14:25:45",7.39,0.04,1500,11517400,"B"
"ITA","14:25:41",7.4,0.05,2000,11515900,"S"
"ITA","14:25:39",7.4,0.05,14000,11513900,"S"
"ITA","14:25:39",7.39,0.04,100,11499900,"B"
"ITA","14:25:38",7.4,0.05,1200,11499800,"S"
"ITA","14:25:37",7.39,0.04,2200,11498600,"B"
"ITA","14:25:35",7.4,0.05,10000,11496400,"S"
"ITA","14:25:31",7.4,0.05,500,11486400,"S"
"ITA","14:25:28",7.39,0.04,300,11485900,"B"
"ITA","14:25:27",7.39,0.04,100,11485600,"B"
"ITA","14:25:26",7.4,0.05,5000,11485500,"S"
"ITA","14:25:20",7.4,0.05,500,11480500,"S"
"ITA","14:25:18",7.39,0.04,5000,11480000,"B"
"ITA","14:25:15",7.39,0.04,500,11475000,"B"
"ITA","14:25:12",7.4,0.05,5000,11474500,"S"
"ITA","14:25:10",7.39,0.04,3700,11469500,"B"
"ITA","14:25:09",7.39,0.04,200,11465800,"B"
"ITA","14:25:09",7.4,0.05,300,11465600,"S"
"ITA","14:24:58",7.4,0.05,4600,11465300,"S"
"ITA","14:24:58",7.39,0.04,400,11460700,"S"
"ITA","14:24:54",7.39,0.04,200,11460300,"B"
"ITA","14:24:49",7.4,0.05,9000,11460100,"S"
"ITA","14:24:46",7.39,0.04,2000,11451100,"B"
"ITA","14:24:44",7.4,0.05,500,11449100,"S"
"ITA","14:24:41",7.4,0.05,100,11448600,"S"
"ITA","14:24:38",7.39,0.04,200,11448500,"S"
"ITA","14:24:37",7.39,0.04,100,11448300,"S"
"ITA","14:24:36",7.39,0.04,10700,11448200,"B"
"ITA","14:24:36",7.4,0.05,1000,11437500,"S"
"ITA","14:24:31",7.39,0.04,500,11436500,"B"
"ITA","14:24:31",7.4,0.05,28200,11436000,"S"
"ITA","14:24:30",7.4,0.05,300,11407800,"S"
"ITA","14:24:28",7.39,0.04,1000,11407500,"B"
"ITA","14:24:24",7.4,0.05,4000,11406500,"S"
"ITA","14:24:23",7.4,0.05,5000,11402500,"S"
"ITA","14:24:21",7.4,0.05,3400,11397500,"S"
"ITA","14:24:18",7.39,0.04,1500,11394100,"B"
"ITA","14:24:16",7.4,0.05,300,11392600,"S"
"ITA","14:24:10",7.4,0.05,10000,11392300,"S"
"ITA","14:24:09",7.39,0.04,400,11382300,"B"
"ITA","14:24:08",7.39,0.04,1300,11381900,"S"
"ITA","14:24:02",7.39,0.04,500,11380600,"S"
"ITA","14:23:59",7.39,0.04,4500,11380100,"S"
"ITA","14:23:58",7.39,0.04,9600,11375600,"S"
"ITA","14:23:53",7.39,0.04,400,11366000,"S"
"ITA","14:23:53",7.38,0.03,1600,11365600,"S"
"ITA","14:23:51",7.38,0.03,2400,11364000,"S"
"ITA","14:23:49",7.37,0.02,100,11361600,"B"
"ITA","14:23:40",7.37,0.02,100,11361500,"S"
"ITA","14:23:33",7.37,0.02,500,11361400,"S"
"ITA","14:23:18",7.36,0.01,200,11360900,"S"
"ITA","14:23:12",7.35,0,7900,11360700,"S"
"ITA","14:23:11",7.35,0,500,11352800,"S"
"ITA","14:23:10",7.35,0,5200,11352300,"S"
"ITA","14:23:10",7.35,0,2000,11347100,"S"
"ITA","14:23:09",7.35,0,10000,11345100,"S"
"ITA","14:23:07",7.35,0,3000,11335100,"S"
"ITA","14:23:06",7.35,0,300,11332100,"S"
"ITA","14:23:00",7.35,0,500,11331800,"S"
"ITA","14:22:59",7.35,0,5000,11331300,"S"
"ITA","14:22:58",7.35,0,8500,11326300,"S"
"ITA","14:22:57",7.35,0,100,11317800,"S"
"ITA","14:22:56",7.35,0,5000,11317700,"S"
"ITA","14:22:55",7.35,0,400,11312700,"S"
"ITA","14:22:54",7.35,0,15400,11312300,"S"
"ITA","14:22:51",7.35,0,3000,11296900,"S"
"ITA","14:22:44",7.35,0,11000,11293900,"S"
"ITA","14:22:40",7.35,0,2400,11282900,"S"
"ITA","14:22:21",7.35,0,9900,11280500,"S"
"ITA","14:22:21",7.33,-0.02,100,11270600,"S"
"ITA","14:22:18",7.33,-0.02,200,11270500,"S"
"ITA","14:22:12",7.33,-0.02,100,11270300,"S"
"ITA","14:22:11",7.33,-0.02,500,11270200,"S"
"ITA","14:22:11",7.32,-0.03,1000,11269700,"B"
"ITA","14:22:00",7.35,0,3300,11268700,"S"
"ITA","14:22:00",7.34,-0.01,20200,11265400,"S"
"ITA","14:22:00",7.33,-0.02,16500,11245200,"S"
"ITA","14:21:59",7.32,-0.03,13600,11228700,"S"
"ITA","14:21:59",7.32,-0.03,200,11215100,"S"
"ITA","14:21:50",7.32,-0.03,500,11214900,"S"
"ITA","14:21:43",7.31,-0.04,5500,11214400,"S"
"ITA","14:21:42",7.31,-0.04,1000,11208900,"S"
"ITA","14:21:38",7.31,-0.04,200,11207900,"S"
"ITA","14:21:34",7.31,-0.04,300,11207700,"S"
"ITA","14:21:32",7.3,-0.05,200,11207400,"B"
"ITA","14:20:49",7.3,-0.05,200,11207200,"B"
"ITA","14:20:48",7.31,-0.04,1000,11207000,"S"
"ITA","14:20:47",7.31,-0.04,2000,11206000,"B"
"ITA","14:20:46",7.31,-0.04,2100,11204000,"S"
"ITA","14:20:42",7.3,-0.05,200,11201900,"B"
"ITA","14:20:40",7.3,-0.05,20000,11201700,"B"
"ITA","14:20:33",7.31,-0.04,500,11181700,"S"
"ITA","14:20:30",7.31,-0.04,2400,11181200,"S"
"ITA","14:20:15",7.3,-0.05,27400,11178800,"B"
"ITA","14:20:15",7.31,-0.04,15900,11151400,"B"
"ITA","14:20:02",7.31,-0.04,1100,11135500,"S"
"ITA","14:19:53",7.3,-0.05,11100,11134400,"S"
"ITA","14:19:48",7.3,-0.05,1600,11123300,"S"
"ITA","14:19:46",7.3,-0.05,100,11121700,"S"
"ITA","14:19:42",7.3,-0.05,37200,11121600,"B"
"ITA","14:19:41",7.31,-0.04,4900,11084400,"S"
"ITA","14:19:36",7.31,-0.04,300,11079500,"S"
"ITA","14:19:30",7.3,-0.05,12000,11079200,"B"
"ITA","14:19:26",7.3,-0.05,1900,11067200,"B"
"ITA","14:19:22",7.3,-0.05,67900,11065300,"S"
"ITA","14:19:10",7.3,-0.05,5000,10997400,"S"
"ITA","14:18:53",7.3,-0.05,1800,10992400,"S"
"ITA","14:18:53",7.29,-0.06,3200,10990600,"S"
"ITA","14:18:45",7.29,-0.06,600,10987400,"S"
"ITA","14:18:42",7.29,-0.06,6400,10986800,"S"
"ITA","14:18:30",7.29,-0.06,100,10980400,"S"
"ITA","14:18:25",7.3,-0.05,2000,10980300,"S"
"ITA","14:18:25",7.3,-0.05,31500,10978300,"S"
"ITA","14:18:25",7.29,-0.06,500,10946800,"S"
"ITA","14:18:18",7.3,-0.05,8200,10946300,"S"
"ITA","14:18:18",7.29,-0.06,1800,10938100,"S"
"ITA","14:18:18",7.28,-0.07,10000,10936300,"B"
"ITA","14:18:16",7.29,-0.06,1000,10926300,"S"
"ITA","14:18:15",7.29,-0.06,1000,10925300,"S"
"ITA","14:18:07",7.29,-0.06,500,10923800,"B"
"ITA","14:18:04",7.29,-0.06,3000,10923300,"B"
"ITA","14:18:03",7.3,-0.05,500,10920300,"S"
"ITA","14:17:56",7.29,-0.06,4700,10919800,"S"
"ITA","14:17:54",7.29,-0.06,1000,10915100,"S"
"ITA","14:17:52",7.29,-0.06,400,10914100,"S"
"ITA","14:17:51",7.29,-0.06,8900,10913700,"B"
"ITA","14:17:48",7.29,-0.06,3000,10904800,"B"
"ITA","14:17:43",7.29,-0.06,8100,10901800,"S"
"ITA","14:17:40",7.28,-0.07,1000,10893700,"B"
"ITA","14:17:14",7.3,-0.05,600,10892700,"S"
"ITA","14:17:13",7.28,-0.07,7700,10892100,"B"
"ITA","14:17:13",7.29,-0.06,6800,10884400,"B"
"ITA","14:17:03",7.3,-0.05,300,10877600,"S"
"ITA","14:16:56",7.29,-0.06,2400,10877300,"B"
"ITA","14:16:52",7.29,-0.06,4000,10874900,"B"
"ITA","14:16:49",7.3,-0.05,1000,10870900,"S"
"ITA","14:16:47",7.29,-0.06,10000,10869900,"B"
"ITA","14:16:44",7.29,-0.06,2300,10859900,"B"
"ITA","14:16:19",7.29,-0.06,600,10857600,"B"
"ITA","14:15:36",7.29,-0.06,2000,10857000,"B"
"ITA","14:15:25",7.28,-0.07,10200,10855000,"B"
"ITA","14:15:25",7.29,-0.06,9800,10844800,"B"
"ITA","14:14:57",7.29,-0.06,6000,10835000,"B"
"ITA","14:14:51",7.3,-0.05,400,10829000,"S"
"ITA","14:14:49",7.3,-0.05,1000,10828600,"S"
"ITA","14:14:46",7.3,-0.05,200,10827600,"S"
"ITA","14:14:39",7.3,-0.05,5000,10827400,"S"
"ITA","14:14:33",7.3,-0.05,1700,10822400,"S"
"ITA","14:14:30",7.3,-0.05,500,10820700,"S"
"ITA","14:14:29",7.3,-0.05,22000,10820200,"S"
"ITA","14:13:58",7.29,-0.06,2000,10798200,"B"
"ITA","14:13:29",7.29,-0.06,100,10796200,"S"
"ITA","14:13:28",7.27,-0.08,200,10796100,"B"
"ITA","14:13:16",7.3,-0.05,200,10795900,"S"
"ITA","14:13:11",7.3,-0.05,100,10795700,"S"
"ITA","14:12:58",7.27,-0.08,21600,10795600,"B"
"ITA","14:12:58",7.28,-0.07,21000,10774000,"B"
"ITA","14:12:58",7.29,-0.06,7400,10753000,"B"
"ITA","14:12:48",7.29,-0.06,500,10745600,"S"
"ITA","14:12:20",7.28,-0.07,4000,10745100,"S"
"ITA","14:12:07",7.27,-0.08,100,10741100,"S"
"ITA","14:11:34",7.26,-0.09,900,10741000,"B"
"ITA","14:11:23",7.27,-0.08,1000,10740100,"S"
"ITA","14:11:21",7.26,-0.09,500,10739100,"B"
"ITA","14:11:17",7.26,-0.09,500,10738600,"B"
"ITA","14:11:07",7.26,-0.09,3000,10738100,"B"
"ITA","14:11:06",7.26,-0.09,6000,10735100,"S"
"ITA","14:11:05",7.26,-0.09,15000,10729100,"S"
"ITA","14:10:57",7.26,-0.09,100,10714100,"S"
"ITA","14:10:56",7.24,-0.11,4800,10714000,"B"
"ITA","14:10:56",7.25,-0.1,200,10709200,"B"
"ITA","14:10:37",7.25,-0.1,200,10709000,"S"
"ITA","14:10:22",7.25,-0.1,1000,10708300,"S"
"ITA","14:10:18",7.25,-0.1,2000,10707300,"S"
"ITA","14:10:15",7.25,-0.1,100,10705300,"S"
"ITA","14:10:12",7.25,-0.1,300,10705200,"S"
"ITA","14:10:11",7.25,-0.1,20000,10704900,"S"
"ITA","14:10:01",7.25,-0.1,2000,10684900,"S"
"ITA","14:09:50",7.25,-0.1,800,10682900,"S"
"ITA","14:09:39",7.25,-0.1,100,10682100,"S"
"ITA","14:09:36",7.25,-0.1,30000,10682000,"S"
"ITA","14:09:35",7.25,-0.1,1000,10652000,"S"
"ITA","14:09:33",7.25,-0.1,1000,10651000,"B"
"ITA","14:09:32",7.25,-0.1,100,10650000,"B"
"ITA","14:09:31",7.26,-0.09,200,10649900,"S"
"ITA","14:09:21",7.25,-0.1,2200,10649700,"S"
"ITA","14:09:17",7.25,-0.1,300,10647500,"B"
"ITA","14:09:15",7.25,-0.1,100,10647200,"B"
"ITA","14:09:09",7.25,-0.1,200,10647100,"B"
"ITA","14:08:59",7.25,-0.1,20000,10646900,"B"
"ITA","14:08:50",7.25,-0.1,3900,10626900,"B"
"ITA","14:08:43",7.25,-0.1,100,10623000,"B"
"ITA","14:08:23",7.26,-0.09,12100,10622900,"B"
"ITA","14:07:40",7.26,-0.09,1000,10610800,"B"
"ITA","14:07:33",7.26,-0.09,1000,10609800,"B"
"ITA","14:07:19",7.26,-0.09,400,10608800,"B"
"ITA","14:07:12",7.28,-0.07,500,10608400,"B"
"ITA","14:07:11",7.28,-0.07,5600,10607900,"B"
"ITA","14:07:07",7.28,-0.07,500,10602300,"B"
"ITA","14:07:03",7.28,-0.07,1500,10601800,"B"
"ITA","14:06:59",7.28,-0.07,900,10600300,"B"
"ITA","14:06:55",7.28,-0.07,1700,10599400,"B"
"ITA","14:06:53",7.25,-0.1,7800,10597700,"B"
"ITA","14:06:53",7.26,-0.09,5100,10589900,"B"
"ITA","14:06:53",7.28,-0.07,1600,10584800,"B"
"ITA","14:06:38",7.28,-0.07,900,10583200,"B"
"ITA","14:06:19",7.28,-0.07,28600,10582300,"B"
"ITA","14:06:19",7.29,-0.06,1400,10553700,"B"
"ITA","14:06:10",7.31,-0.04,700,10552300,"S"
"ITA","14:06:09",7.31,-0.04,700,10551600,"S"
"ITA","14:06:05",7.29,-0.06,500,10550900,"B"
"ITA","14:06:00",7.3,-0.05,1000,10550400,"S"
"ITA","14:05:57",7.32,-0.03,200,10549400,"S"
"ITA","14:05:54",7.29,-0.06,2100,10549200,"B"
"ITA","14:05:54",7.3,-0.05,2900,10547100,"B"
"ITA","14:05:51",7.3,-0.05,900,10544200,"B"
"ITA","14:05:50",7.31,-0.04,1500,10543300,"B"
"ITA","14:05:45",7.32,-0.03,100,10541800,"B"
"ITA","14:05:43",7.32,-0.03,1900,10541700,"B"
"ITA","14:05:43",7.32,-0.03,1000,10539800,"B"
"ITA","14:05:41",7.32,-0.03,1000,10538800,"B"
"ITA","14:05:40",7.32,-0.03,10900,10537800,"B"
"ITA","14:05:39",7.32,-0.03,3600,10526900,"B"
"ITA","14:05:32",7.32,-0.03,500,10523300,"B"
"ITA","14:05:31",7.32,-0.03,3600,10522800,"B"
"ITA","14:05:30",7.32,-0.03,100,10519200,"B"
"ITA","14:05:29",7.32,-0.03,3300,10519100,"B"
"ITA","14:05:28",7.32,-0.03,2400,10515800,"S"
"ITA","14:05:28",7.31,-0.04,1600,10513400,"S"
"ITA","14:05:19",7.31,-0.04,1000,10511800,"S"
"ITA","14:05:15",7.3,-0.05,1000,10510800,"B"
"ITA","14:05:13",7.3,-0.05,4200,10509800,"B"
"ITA","14:05:13",7.31,-0.04,1800,10505600,"B"
"ITA","14:05:12",7.31,-0.04,100,10503800,"B"
"ITA","14:05:11",7.31,-0.04,600,10503700,"B"
"ITA","14:05:10",7.32,-0.03,300,10503100,"S"
"ITA","14:05:05",7.31,-0.04,1700,10502800,"B"
"ITA","14:05:04",7.31,-0.04,900,10501100,"B"
"ITA","14:05:01",7.32,-0.03,800,10500200,"B"
"ITA","14:04:55",7.33,-0.02,2000,10499400,"S"
"ITA","14:04:53",7.32,-0.03,200,10497400,"B"
"ITA","14:04:43",7.33,-0.02,4100,10497200,"B"
"ITA","14:04:37",7.34,-0.01,2500,10493100,"S"
"ITA","14:04:26",7.33,-0.02,500,10490600,"B"
"ITA","14:04:16",7.34,-0.01,12200,10483400,"B"
"ITA","14:04:15",7.34,-0.01,2000,10471200,"B"
"ITA","14:04:13",7.34,-0.01,5800,10469200,"S"
"ITA","14:04:12",7.34,-0.01,1900,10463400,"S"
"ITA","14:04:05",7.33,-0.02,2900,10461500,"S"
"ITA","14:04:05",7.33,-0.02,100,10458600,"S"
"ITA","14:04:04",7.33,-0.02,5800,10458500,"B"
"ITA","14:04:03",7.33,-0.02,1200,10452700,"S"
"ITA","14:03:57",7.33,-0.02,100,10451500,"S"
"ITA","14:03:56",7.33,-0.02,300,10451400,"S"
"ITA","14:03:54",7.33,-0.02,800,10451100,"S"
"ITA","14:03:52",7.33,-0.02,2000,10450300,"S"
"ITA","14:03:50",7.32,-0.03,8000,10448300,"B"
"ITA","14:03:47",7.33,-0.02,4500,10440300,"S"
"ITA","14:03:46",7.33,-0.02,1700,10435800,"S"
"ITA","14:03:42",7.33,-0.02,100,10434100,"S"
"ITA","14:03:39",7.33,-0.02,6000,10434000,"S"
"ITA","14:03:38",7.33,-0.02,1200,10428000,"S"
"ITA","14:03:34",7.33,-0.02,100,10426800,"S"
"ITA","14:03:32",7.33,-0.02,2000,10426700,"S"
"ITA","14:03:20",7.32,-0.03,1400,10424700,"S"
"ITA","14:03:18",7.32,-0.03,2700,10423300,"S"
"ITA","14:03:18",7.32,-0.03,1900,10420600,"S"
"ITA","14:03:17",7.32,-0.03,2000,10418700,"S"
"ITA","14:03:15",7.32,-0.03,300,10412400,"S"
"ITA","14:03:14",7.32,-0.03,1000,10412100,"S"
"ITA","14:03:13",7.32,-0.03,500,10411100,"S"
"ITA","14:03:12",7.32,-0.03,300,10410600,"S"
"ITA","14:03:07",7.32,-0.03,40000,10410300,"S"
"ITA","14:03:06",7.31,-0.04,1900,10370300,"B"
"ITA","14:03:03",7.32,-0.03,100,10368400,"S"
"ITA","14:02:57",7.32,-0.03,1000,10368300,"S"
"ITA","14:02:53",7.32,-0.03,100,10367300,"S"
"ITA","14:02:42",7.31,-0.04,2300,10367200,"S"
"ITA","14:02:40",7.3,-0.05,1000,10364900,"B"
"ITA","14:02:40",7.3,-0.05,700,10363900,"B"
"ITA","14:02:39",7.31,-0.04,10000,10363200,"S"
"ITA","14:02:25",7.3,-0.05,100,10353200,"B"
"ITA","14:02:17",7.3,-0.05,3900,10353100,"S"
"ITA","14:02:15",7.3,-0.05,100,10349200,"S"
"ITA","14:02:12",7.3,-0.05,10900,10349100,"S"
"ITA","14:02:08",7.3,-0.05,500,10338200,"S"
"ITA","14:02:05",7.3,-0.05,200,10337700,"S"
"ITA","14:02:03",7.29,-0.06,300,10337500,"S"
"ITA","14:02:02",7.29,-0.06,2500,10337200,"S"
"ITA","14:02:00",7.28,-0.07,3000,10334700,"B"
"ITA","14:02:00",7.29,-0.06,1000,10331700,"S"
"ITA","14:01:58",7.29,-0.06,5000,10330700,"S"
"ITA","14:01:57",7.29,-0.06,27000,10325700,"S"
"ITA","14:01:55",7.29,-0.06,1000,10298700,"S"
"ITA","14:01:54",7.29,-0.06,100,10297700,"S"
"ITA","14:01:53",7.29,-0.06,200,10297600,"S"
"ITA","14:01:49",7.29,-0.06,12500,10297400,"S"
"ITA","14:01:47",7.29,-0.06,5000,10284900,"S"
"ITA","14:01:46",7.29,-0.06,100,10279900,"S"
"ITA","14:01:43",7.29,-0.06,9000,10279800,"S"
"ITA","14:01:33",7.29,-0.06,200,10270800,"S"
"ITA","14:01:31",7.28,-0.07,1000,10270600,"S"
"ITA","14:01:29",7.28,-0.07,300,10269600,"S"
"ITA","14:01:28",7.28,-0.07,100,10269300,"S"
"ITA","14:01:28",7.27,-0.08,100,10269200,"B"
"ITA","14:01:26",7.28,-0.07,51000,10269100,"S"
"ITA","14:01:21",7.28,-0.07,500,10218100,"S"
"ITA","14:01:17",7.28,-0.07,5000,10217600,"S"
"ITA","14:01:16",7.28,-0.07,200,10212600,"S"
"ITA","14:01:15",7.28,-0.07,18000,10212400,"S"
"ITA","14:01:14",7.28,-0.07,700,10194400,"S"
"ITA","14:01:11",7.28,-0.07,1200,10193700,"S"
"ITA","14:01:02",7.28,-0.07,400,10192500,"S"
"ITA","14:01:00",7.28,-0.07,10000,10192100,"S"
"ITA","14:00:57",7.28,-0.07,2000,10182100,"S"
"ITA","14:00:52",7.28,-0.07,1000,10180100,"S"
"ITA","14:00:42",7.28,-0.07,200,10179100,"S"
"ITA","14:00:39",7.27,-0.08,200,10178900,"B"
"ITA","14:00:35",7.28,-0.07,200,10178700,"S"
"ITA","14:00:30",7.27,-0.08,38500,10178500,"S"
"ITA","14:00:24",7.27,-0.08,10000,10140000,"S"
"ITA","13:59:58",7.27,-0.08,200,10130000,"S"
"ITA","13:59:56",7.27,-0.08,500,10129800,"S"
"ITA","13:59:40",7.27,-0.08,300,10129300,"S"
"ITA","13:59:39",7.27,-0.08,500,10129000,"S"
"ITA","13:59:30",7.28,-0.07,200,10128500,"S"
"ITA","13:59:26",7.27,-0.08,200,10128300,"S"
"ITA","13:59:24",7.26,-0.09,1500,10128100,"S"
"ITA","13:59:22",7.26,-0.09,22000,10126600,"S"
"ITA","13:59:14",7.26,-0.09,2000,10104600,"S"
"ITA","13:59:11",7.26,-0.09,10000,10102600,"S"
"ITA","13:59:10",7.26,-0.09,500,10092600,"S"
"ITA","13:59:09",7.26,-0.09,2000,10092100,"S"
"ITA","13:59:08",7.26,-0.09,1400,10090100,"S"
"ITA","13:59:07",7.26,-0.09,2200,10088700,"S"
"ITA","13:59:05",7.26,-0.09,1700,10086500,"S"
"ITA","13:59:04",7.26,-0.09,2000,10084800,"S"
"ITA","13:59:02",7.26,-0.09,5000,10082800,"S"
"ITA","13:58:49",7.26,-0.09,200,10077800,"S"
"ITA","13:58:36",7.25,-0.1,11800,10077600,"S"
"ITA","13:58:31",7.25,-0.1,1200,10065800,"S"
"ITA","13:58:30",7.25,-0.1,2200,10064600,"S"
"ITA","13:58:29",7.24,-0.11,100,10062400,"B"
"ITA","13:58:23",7.24,-0.11,500,10062300,"B"
"ITA","13:58:18",7.24,-0.11,4400,10061800,"S"
"ITA","13:58:14",7.24,-0.11,10000,10057400,"S"
"ITA","13:58:10",7.24,-0.11,3000,10047400,"S"
"ITA","13:58:09",7.24,-0.11,1000,10044400,"S"
"ITA","13:58:06",7.23,-0.12,400,10043400,"B"
"ITA","13:57:49",7.24,-0.11,100,10043000,"S"
"ITA","13:57:46",7.24,-0.11,400,10042900,"S"
"ITA","13:57:32",7.24,-0.11,2200,10042500,"S"
"ITA","13:57:32",7.23,-0.12,2800,10040300,"S"
"ITA","13:57:23",7.23,-0.12,10000,10037500,"S"
"ITA","13:57:23",7.22,-0.13,20000,10027500,"S"
"ITA","13:57:08",7.23,-0.12,100,10007500,"S"
"ITA","13:57:07",7.23,-0.12,2000,10007400,"S"
"ITA","13:56:29",7.23,-0.12,4500,10005400,"S"
"ITA","13:56:29",7.22,-0.13,20400,10000900,"S"
"ITA","13:56:29",7.21,-0.14,16900,9980500,"S"
"ITA","13:56:16",7.2,-0.15,100,9963600,"B"
"ITA","13:56:11",7.21,-0.14,2100,9963500,"S"
"ITA","13:56:00",7.21,-0.14,1000,9961400,"B"
"ITA","13:55:36",7.23,-0.12,7000,9960400,"S"
"ITA","13:55:34",7.2,-0.15,71400,9953400,"B"
"ITA","13:55:34",7.21,-0.14,9700,9882000,"B"
"ITA","13:55:34",7.22,-0.13,18900,9872300,"B"
"ITA","13:54:41",7.23,-0.12,1000,9853400,"B"
"ITA","13:54:30",7.23,-0.12,1000,9852400,"B"
"ITA","13:54:26",7.24,-0.11,400,9851400,"S"
"ITA","13:53:56",7.24,-0.11,1000,9851000,"B"
"ITA","13:53:31",7.25,-0.1,5000,9850000,"S"
"ITA","13:53:26",7.25,-0.1,500,9845000,"S"
"ITA","13:53:21",7.25,-0.1,500,9844500,"S"
"ITA","13:52:42",7.25,-0.1,200,9844000,"S"
"ITA","13:52:40",7.25,-0.1,29300,9843800,"B"
"ITA","13:52:39",7.26,-0.09,200,9814500,"S"
"ITA","13:52:37",7.25,-0.1,100,9814300,"B"
"ITA","13:52:30",7.25,-0.1,500,9814200,"B"
"ITA","13:52:22",7.25,-0.1,1000,9813700,"B"
"ITA","13:52:16",7.25,-0.1,13600,9812700,"S"
"ITA","13:52:16",7.23,-0.12,6500,9799100,"S"
"ITA","13:51:55",7.25,-0.1,300,9792600,"S"
"ITA","13:51:54",7.22,-0.13,900,9792300,"B"
"ITA","13:51:45",7.25,-0.1,200,9791400,"S"
"ITA","13:51:40",7.22,-0.13,5000,9791200,"B"
"ITA","13:51:25",7.25,-0.1,100,9786200,"S"
"ITA","13:51:06",7.2,-0.15,18600,9786100,"B"
"ITA","13:51:06",7.21,-0.14,4500,9767500,"B"
"ITA","13:51:00",7.21,-0.14,1000,9763000,"S"
"ITA","13:50:53",7.21,-0.14,1000,9762000,"B"
"ITA","13:50:50",7.26,-0.09,200,9761000,"S"
"ITA","13:50:44",7.26,-0.09,200,9760800,"S"
"ITA","13:50:35",7.2,-0.15,6300,9760600,"B"
"ITA","13:50:35",7.21,-0.14,8700,9754300,"B"
"ITA","13:50:35",7.22,-0.13,5000,9745600,"B"
"ITA","13:50:24",7.28,-0.07,100,9740600,"S"
"ITA","13:50:24",7.27,-0.08,4700,9740500,"S"
"ITA","13:49:51",7.29,-0.06,200,9735800,"S"
"ITA","13:49:43",7.21,-0.14,200,9735600,"B"
"ITA","13:49:43",7.22,-0.13,100,9735400,"B"
"ITA","13:49:15",7.3,-0.05,3400,9735300,"S"
"ITA","13:49:15",7.29,-0.06,6700,9731900,"S"
"ITA","13:49:15",7.28,-0.07,25100,9725200,"S"
"ITA","13:49:15",7.27,-0.08,4100,9700100,"S"
"ITA","13:49:15",7.25,-0.1,200,9696000,"S"
"ITA","13:49:12",7.2,-0.15,5000,9695300,"B"
"ITA","13:49:06",7.2,-0.15,5000,9690300,"B"
"ITA","13:49:00",7.21,-0.14,500,9685300,"B"
"ITA","13:48:53",7.2,-0.15,100,9684800,"B"
"ITA","13:48:53",7.21,-0.14,400,9684700,"B"
"ITA","13:48:48",7.2,-0.15,100,9684300,"B"
"ITA","13:48:47",7.2,-0.15,19700,9684200,"B"
"ITA","13:48:47",7.21,-0.14,300,9664500,"B"
"ITA","13:48:43",7.25,-0.1,1000,9664200,"B"
"ITA","13:48:32",7.21,-0.14,7000,9663200,"B"
"ITA","13:48:32",7.25,-0.1,800,9656200,"B"
"ITA","13:48:31",7.28,-0.07,300,9655400,"S"
"ITA","13:48:29",7.28,-0.07,200,9655100,"S"
"ITA","13:48:28",7.28,-0.07,1000,9654900,"S"
"ITA","13:48:12",7.29,-0.06,100,9653900,"S"
"ITA","13:48:12",7.28,-0.07,300,9653800,"S"
"ITA","13:48:11",7.25,-0.1,900,9653500,"B"
"ITA","13:47:55",7.3,-0.05,200,9652600,"S"
"ITA","13:47:54",7.25,-0.1,2300,9652400,"B"
"ITA","13:47:52",7.25,-0.1,700,9650100,"B"
"ITA","13:47:43",7.3,-0.05,200,9649400,"S"
"ITA","13:47:40",7.25,-0.1,1500,9649200,"B"
"ITA","13:47:40",7.27,-0.08,200,9647700,"B"
"ITA","13:47:31",7.3,-0.05,200,9647500,"S"
"ITA","13:47:30",7.3,-0.05,19600,9647300,"B"
"ITA","13:47:29",7.3,-0.05,1300,9627700,"B"
"ITA","13:47:13",7.31,-0.04,3300,9626400,"B"
"ITA","13:47:12",7.31,-0.04,500,9623100,"B"
"ITA","13:47:11",7.31,-0.04,2200,9622600,"B"
"ITA","13:47:10",7.31,-0.04,600,9620400,"B"
"ITA","13:47:07",7.32,-0.03,100,9619800,"S"
"ITA","13:47:01",7.32,-0.03,2000,9619700,"S"
"ITA","13:46:58",7.32,-0.03,6900,9617700,"B"
"ITA","13:46:57",7.32,-0.03,200,9610800,"B"
"ITA","13:46:52",7.32,-0.03,4400,9610600,"B"
"ITA","13:46:50",7.32,-0.03,1600,9606200,"B"
"ITA","13:46:43",7.32,-0.03,1400,9604600,"S"
"ITA","13:46:43",7.31,-0.04,1000,9603200,"B"
"ITA","13:46:41",7.32,-0.03,2500,9602200,"S"
"ITA","13:46:38",7.32,-0.03,1000,9599700,"S"
"ITA","13:46:35",7.31,-0.04,1500,9598700,"B"
"ITA","13:46:23",7.32,-0.03,5000,9597200,"S"
"ITA","13:46:13",7.32,-0.03,10000,9592200,"S"
"ITA","13:46:10",7.31,-0.04,5000,9582200,"B"
"ITA","13:46:03",7.32,-0.03,100,9577200,"S"
"ITA","13:45:48",7.32,-0.03,500,9577100,"S"
"ITA","13:45:45",7.32,-0.03,100,9576600,"S"
"ITA","13:45:43",7.32,-0.03,1700,9576500,"S"
"ITA","13:45:43",7.32,-0.03,500,9574800,"S"
"ITA","13:45:36",7.32,-0.03,4000,9574300,"B"
"ITA","13:45:28",7.32,-0.03,10900,9570300,"S"
"ITA","13:45:24",7.31,-0.04,1000,9559400,"B"
"ITA","13:45:17",7.32,-0.03,400,9558400,"S"
"ITA","13:45:15",7.31,-0.04,500,9558000,"B"
"ITA","13:45:01",7.31,-0.04,200,9557500,"B"
"ITA","13:44:58",7.31,-0.04,300,9557300,"B"
"ITA","13:44:54",7.31,-0.04,7000,9557000,"B"
"ITA","13:44:36",7.31,-0.04,1000,9550000,"B"
"ITA","13:44:30",7.32,-0.03,1500,9549000,"S"
"ITA","13:44:27",7.32,-0.03,200,9547500,"S"
"ITA","13:44:25",7.32,-0.03,100,9547300,"S"
"ITA","13:44:20",7.32,-0.03,5000,9547200,"S"
"ITA","13:44:18",7.32,-0.03,2000,9542200,"S"
"ITA","13:44:18",7.32,-0.03,7100,9540200,"B"
"ITA","13:44:04",7.33,-0.02,3000,9533100,"S"
"ITA","13:44:01",7.32,-0.03,1000,9530100,"B"
"ITA","13:43:59",7.32,-0.03,100,9529100,"B"
"ITA","13:43:56",7.32,-0.03,1800,9529000,"S"
"ITA","13:43:55",7.32,-0.03,500,9527200,"S"
"ITA","13:43:54",7.31,-0.04,100,9526700,"B"
"ITA","13:43:51",7.31,-0.04,100,9526600,"B"
"ITA","13:43:47",7.32,-0.03,19300,9526500,"S"
"ITA","13:43:43",7.32,-0.03,800,9507200,"S"
"ITA","13:43:33",7.31,-0.04,20000,9506400,"S"
"ITA","13:43:09",7.31,-0.04,8900,9486400,"S"
"ITA","13:43:09",7.3,-0.05,81300,9477500,"S"
"ITA","13:43:09",7.29,-0.06,3500,9396200,"S"
"ITA","13:43:09",7.28,-0.07,16400,9392700,"S"
"ITA","13:43:09",7.27,-0.08,1300,9376300,"S"
"ITA","13:43:09",7.26,-0.09,28600,9375000,"S"
"ITA","13:43:03",7.26,-0.09,3000,9346400,"S"
"ITA","13:43:00",7.25,-0.1,7600,9343400,"S"
"ITA","13:42:52",7.25,-0.1,10000,9335800,"S"
"ITA","13:42:50",7.25,-0.1,300,9325800,"S"
"ITA","13:42:31",7.24,-0.11,5700,9325500,"S"
"ITA","13:42:09",7.2,-0.15,5000,9319800,"B"
"ITA","13:41:53",7.2,-0.15,1000,9314800,"B"
"ITA","13:41:46",7.2,-0.15,200,9313800,"B"
"ITA","13:41:39",7.2,-0.15,1000,9313600,"S"
"ITA","13:41:32",7.2,-0.15,9000,9312600,"B"
"ITA","13:41:30",7.2,-0.15,500,9303600,"B"
"ITA","13:41:22",7.2,-0.15,2500,9303100,"S"
"ITA","13:41:19",7.2,-0.15,100,9300600,"S"
"ITA","13:41:15",7.2,-0.15,2000,9300500,"S"
"ITA","13:41:12",7.2,-0.15,1500,9298500,"S"
"ITA","13:41:05",7.2,-0.15,2700,9297000,"S"
"ITA","13:40:59",7.2,-0.15,300,9294300,"S"
"ITA","13:40:53",7.2,-0.15,500,9294000,"S"
"ITA","13:40:53",7.2,-0.15,6800,9293500,"B"
"ITA","13:40:45",7.25,-0.1,100,9286700,"S"
"ITA","13:40:20",7.25,-0.1,1000,9286600,"S"
"ITA","13:40:16",7.2,-0.15,4000,9285600,"S"
"ITA","13:40:15",7.2,-0.15,32000,9281600,"S"
"ITA","13:40:03",7.2,-0.15,100,9249600,"S"
"ITA","13:40:01",7.2,-0.15,15000,9249500,"S"
"ITA","13:39:57",7.2,-0.15,1800,9234500,"S"
"ITA","13:39:53",7.2,-0.15,10600,9232700,"S"
"ITA","13:39:52",7.2,-0.15,8900,9222100,"B"
"ITA","13:39:52",7.21,-0.14,100,9213200,"B"
"ITA","13:39:52",7.22,-0.13,16400,9213100,"B"
"ITA","13:39:52",7.23,-0.12,800,9196700,"B"
"ITA","13:39:52",7.24,-0.11,200,9195900,"B"
"ITA","13:39:52",7.25,-0.1,10300,9195700,"B"
"ITA","13:39:49",7.25,-0.1,100,9185400,"B"
"ITA","13:39:47",7.25,-0.1,100,9185300,"B"
"ITA","13:39:43",7.25,-0.1,15700,9185200,"B"
"ITA","13:39:39",7.25,-0.1,2700,9169500,"S"
"ITA","13:39:38",7.25,-0.1,2300,9166800,"S"
"ITA","13:39:34",7.25,-0.1,5000,9164500,"S"
"ITA","13:39:23",7.25,-0.1,2000,9159500,"S"
"ITA","13:39:22",7.25,-0.1,1000,9157500,"S"
"ITA","13:39:21",7.25,-0.1,16000,9156500,"B"
"ITA","13:39:19",7.25,-0.1,20000,9140500,"B"
"ITA","13:39:18",7.25,-0.1,200,9120500,"B"
"ITA","13:39:15",7.26,-0.09,1000,9120300,"S"
"ITA","13:39:10",7.26,-0.09,600,9119300,"S"
"ITA","13:39:10",7.25,-0.1,100,9118700,"B"
"ITA","13:39:08",7.25,-0.1,1000,9118600,"B"
"ITA","13:39:00",7.25,-0.1,800,9117600,"B"
"ITA","13:38:47",7.25,-0.1,800,9116800,"S"
"ITA","13:38:43",7.25,-0.1,100,9116000,"S"
"ITA","13:38:42",7.25,-0.1,200,9115900,"S"
"ITA","13:38:41",7.25,-0.1,500,9115700,"S"
"ITA","13:38:34",7.25,-0.1,10000,9115200,"S"
"ITA","13:38:17",7.25,-0.1,11100,9105200,"S"
"ITA","13:38:17",7.24,-0.11,11100,9094100,"S"
"ITA","13:38:17",7.23,-0.12,17800,9083000,"S"
"ITA","13:38:13",7.22,-0.13,19600,9065200,"S"
"ITA","13:38:09",7.22,-0.13,500,9045600,"S"
"ITA","13:38:03",7.22,-0.13,1100,9045100,"S"
"ITA","13:37:52",7.21,-0.14,5000,9044000,"B"
"ITA","13:37:41",7.21,-0.14,100,9039000,"B"
"ITA","13:37:40",7.21,-0.14,2200,9038900,"S"
"ITA","13:37:38",7.21,-0.14,16800,9036700,"S"
"ITA","13:37:35",7.21,-0.14,2000,9019900,"S"
"ITA","13:37:34",7.2,-0.15,300,9017900,"B"
"ITA","13:37:27",7.2,-0.15,10000,9017600,"B"
"ITA","13:37:24",7.2,-0.15,31200,9007600,"S"
"ITA","13:37:11",7.2,-0.15,900,8976400,"S"
"ITA","13:37:01",7.19,-0.16,1000,8975500,"S"
"ITA","13:36:51",7.18,-0.17,1000,8974500,"B"
"ITA","13:36:48",7.18,-0.17,700,8973500,"S"
"ITA","13:36:43",7.18,-0.17,500,8972800,"S"
"ITA","13:36:38",7.18,-0.17,100,8972300,"S"
"ITA","13:36:38",7.17,-0.18,100,8972200,"S"
"ITA","13:36:38",7.17,-0.18,1000,8972100,"S"
"ITA","13:36:35",7.16,-0.19,1800,8971100,"S"
"ITA","13:36:26",7.16,-0.19,3200,8969300,"B"
"ITA","13:36:18",7.17,-0.18,100,8966100,"S"
"ITA","13:36:00",7.16,-0.19,2300,8966000,"S"
"ITA","13:35:59",7.15,-0.2,1400,8963700,"B"
"ITA","13:35:51",7.16,-0.19,2000,8962300,"S"
"ITA","13:35:37",7.16,-0.19,100,8960300,"S"
"ITA","13:35:29",7.15,-0.2,500,8960200,"B"
"ITA","13:35:25",7.15,-0.2,3100,8959700,"B"
"ITA","13:35:22",7.15,-0.2,300,8956600,"B"
"ITA","13:35:19",7.15,-0.2,10400,8956300,"S"
"ITA","13:35:12",7.15,-0.2,1000,8945900,"S"
"ITA","13:35:09",7.13,-0.22,100,8944900,"B"
"ITA","13:35:06",7.15,-0.2,1400,8944800,"S"
"ITA","13:35:04",7.15,-0.2,100,8943400,"S"
"ITA","13:35:00",7.15,-0.2,3200,8943300,"S"
"ITA","13:35:00",7.14,-0.21,500,8940100,"B"
"ITA","13:34:49",7.15,-0.2,700,8939600,"S"
"ITA","13:34:35",7.15,-0.2,1500,8938900,"S"
"ITA","13:34:32",7.14,-0.21,300,8937400,"S"
"ITA","13:34:29",7.14,-0.21,100,8937100,"S"
"ITA","13:34:28",7.14,-0.21,1100,8937000,"S"
"ITA","13:34:14",7.13,-0.22,2300,8935900,"S"
"ITA","13:34:01",7.12,-0.23,2000,8933600,"B"
"ITA","13:33:50",7.12,-0.23,100,8931600,"B"
"ITA","13:33:47",7.13,-0.22,200,8931500,"S"
"ITA","13:33:38",7.13,-0.22,2000,8931300,"S"
"ITA","13:33:37",7.12,-0.23,1000,8929300,"B"
"ITA","13:33:30",7.12,-0.23,700,8928300,"B"
"ITA","13:33:01",7.12,-0.23,100,8927600,"B"
"ITA","13:32:49",7.12,-0.23,700,8927500,"S"
"ITA","13:32:48",7.11,-0.24,4900,8926800,"B"
"ITA","13:32:48",7.12,-0.23,5100,8921900,"B"
"ITA","13:32:45",7.12,-0.23,5900,8916800,"S"
"ITA","13:32:44",7.12,-0.23,1000,8910900,"S"
"ITA","13:32:44",7.11,-0.24,500,8909900,"B"
"ITA","13:32:37",7.12,-0.23,4000,8909400,"S"
"ITA","13:32:37",7.11,-0.24,600,8905400,"B"
"ITA","13:32:28",7.12,-0.23,8800,8904800,"B"
"ITA","13:32:28",7.13,-0.22,300,8896000,"B"
"ITA","13:32:22",7.15,-0.2,700,8895700,"S"
"ITA","13:32:22",7.14,-0.21,2300,8895000,"S"
"ITA","13:32:12",7.12,-0.23,5500,8892700,"B"
"ITA","13:32:12",7.13,-0.22,4500,8887200,"B"
"ITA","13:31:58",7.13,-0.22,500,8882700,"S"
"ITA","13:31:52",7.12,-0.23,500,8882200,"B"
"ITA","13:31:46",7.12,-0.23,7000,8881700,"B"
"ITA","13:31:43",7.13,-0.22,100,8874700,"S"
"ITA","13:31:43",7.12,-0.23,300,8874600,"B"
"ITA","13:31:41",7.12,-0.23,4700,8874300,"B"
"ITA","13:31:39",7.13,-0.22,800,8869600,"S"
"ITA","13:31:34",7.12,-0.23,1300,8868800,"B"
"ITA","13:31:30",7.12,-0.23,1500,8867500,"B"
"ITA","13:31:16",7.12,-0.23,2000,8866000,"B"
"ITA","13:31:07",7.12,-0.23,1700,8864000,"B"
"ITA","13:30:58",7.13,-0.22,600,8862300,"S"
"ITA","13:30:19",7.13,-0.22,1000,8861700,"B"
"ITA","13:30:08",7.13,-0.22,4500,8860700,"S"
"ITA","13:29:54",7.13,-0.22,5900,8856200,"B"
"ITA","13:29:41",7.13,-0.22,7500,8850300,"B"
"ITA","13:29:20",7.14,-0.21,2200,8842800,"S"
"ITA","13:28:58",7.14,-0.21,3700,8840600,"B"
"ITA","13:28:50",7.15,-0.2,7700,8836900,"B"
"ITA","13:28:46",7.15,-0.2,2000,8829200,"B"
"ITA","13:28:41",7.15,-0.2,100,8827200,"B"
"ITA","13:28:40",7.15,-0.2,3000,8827100,"B"
"ITA","13:28:37",7.16,-0.19,1200,8824100,"S"
"ITA","13:28:32",7.15,-0.2,1000,8822900,"B"
"ITA","13:28:26",7.16,-0.19,100,8821900,"S"
"ITA","13:28:20",7.15,-0.2,4000,8821800,"B"
"ITA","13:28:10",7.16,-0.19,1800,8817800,"S"
"ITA","13:28:05",7.16,-0.19,1700,8816000,"S"
"ITA","13:28:00",7.15,-0.2,1100,8814300,"B"
"ITA","13:27:53",7.17,-0.18,100,8813200,"S"
"ITA","13:27:50",7.17,-0.18,2300,8813100,"S"
"ITA","13:27:50",7.16,-0.19,3700,8810800,"S"
"ITA","13:27:48",7.16,-0.19,5400,8807100,"B"
"ITA","13:27:16",7.16,-0.19,100,8801700,"B"
"ITA","13:26:54",7.16,-0.19,100,8801600,"B"
"ITA","13:26:53",7.17,-0.18,500,8801500,"S"
"ITA","13:26:50",7.17,-0.18,1700,8801000,"S"
"ITA","13:26:35",7.17,-0.18,100,8799300,"S"
"ITA","13:26:32",7.17,-0.18,100,8799200,"S"
"ITA","13:26:30",7.17,-0.18,800,8799100,"S"
"ITA","13:26:26",7.17,-0.18,1000,8798300,"S"
"ITA","13:26:14",7.18,-0.17,100,8797300,"S"
"ITA","13:26:01",7.18,-0.17,2500,8797200,"S"
"ITA","13:25:33",7.19,-0.16,1000,8794700,"S"
"ITA","13:25:30",7.15,-0.2,5000,8793700,"B"
"ITA","13:25:20",7.19,-0.16,1700,8788700,"S"
"ITA","13:25:20",7.18,-0.17,600,8787000,"B"
"ITA","13:25:19",7.18,-0.17,100,8786400,"B"
"ITA","13:24:57",7.18,-0.17,500,8786300,"B"
"ITA","13:24:55",7.18,-0.17,200,8785800,"S"
"ITA","13:24:40",7.17,-0.18,100,8785600,"B"
"ITA","13:24:39",7.17,-0.18,1800,8785500,"S"
"ITA","13:24:37",7.15,-0.2,500,8783700,"B"
"ITA","13:24:36",7.15,-0.2,100,8783200,"B"
"ITA","13:24:23",7.15,-0.2,500,8783100,"B"
"ITA","13:24:22",7.15,-0.2,8000,8782600,"S"
"ITA","13:24:06",7.15,-0.2,15700,8774600,"S"
"ITA","13:24:01",7.15,-0.2,2200,8758900,"S"
"ITA","13:23:59",7.15,-0.2,100,8756700,"S"
"ITA","13:23:50",7.15,-0.2,1000,8756600,"S"
"ITA","13:23:43",7.14,-0.21,1800,8755600,"S"
"ITA","13:23:39",7.14,-0.21,800,8753800,"S"
"ITA","13:23:32",7.14,-0.21,400,8753000,"B"
"ITA","13:23:29",7.15,-0.2,100,8752600,"S"
"ITA","13:23:14",7.14,-0.21,700,8752500,"B"
"ITA","13:23:07",7.14,-0.21,4000,8751800,"S"
"ITA","13:22:26",7.11,-0.24,6700,8747800,"B"
"ITA","13:22:26",7.12,-0.23,500,8741100,"B"
"ITA","13:22:25",7.12,-0.23,1000,8740600,"B"
"ITA","13:22:17",7.14,-0.21,1200,8738800,"S"
"ITA","13:22:08",7.14,-0.21,300,8737600,"B"
"ITA","13:21:51",7.14,-0.21,2700,8737300,"S"
"ITA","13:21:44",7.11,-0.24,1000,8734600,"B"
"ITA","13:21:28",7.14,-0.21,1000,8733600,"S"
"ITA","13:21:24",7.1,-0.25,5000,8732600,"B"
"ITA","13:21:22",7.1,-0.25,1000,8727600,"B"
"ITA","13:21:22",7.11,-0.24,2100,8726600,"B"
"ITA","13:21:22",7.12,-0.23,5600,8724500,"B"
"ITA","13:21:22",7.13,-0.22,1300,8718900,"B"
"ITA","13:20:49",7.14,-0.21,300,8717600,"B"
"ITA","13:20:42",7.14,-0.21,300,8717300,"S"
"ITA","13:20:40",7.14,-0.21,900,8717000,"B"
"ITA","13:20:26",7.15,-0.2,26800,8716100,"B"
"ITA","13:20:26",7.16,-0.19,100,8689300,"B"
"ITA","13:20:13",7.15,-0.2,3200,8689200,"B"
"ITA","13:20:11",7.17,-0.18,8400,8686000,"S"
"ITA","13:20:11",7.16,-0.19,11600,8677600,"S"
"ITA","13:20:09",7.16,-0.19,600,8666000,"B"
"ITA","13:20:07",7.16,-0.19,20000,8665400,"B"
"ITA","13:20:01",7.16,-0.19,7000,8645400,"B"
"ITA","13:19:56",7.16,-0.19,7100,8638400,"B"
"ITA","13:19:51",7.17,-0.18,200,8631300,"S"
"ITA","13:19:40",7.17,-0.18,600,8631100,"B"
"ITA","13:19:39",7.17,-0.18,500,8630500,"B"
"ITA","13:19:38",7.17,-0.18,5000,8630000,"B"
"ITA","13:19:06",7.18,-0.17,200,8625000,"S"
"ITA","13:18:57",7.18,-0.17,100,8624800,"S"
"ITA","13:18:44",7.18,-0.17,2000,8624700,"B"
"ITA","13:18:44",7.19,-0.16,500,8622700,"S"
"ITA","13:18:43",7.19,-0.16,200,8622200,"S"
"ITA","13:18:36",7.19,-0.16,2000,8622000,"S"
"ITA","13:18:15",7.18,-0.17,1000,8620000,"S"
"ITA","13:18:03",7.16,-0.19,5000,8619000,"B"
"ITA","13:17:47",7.18,-0.17,1200,8614000,"B"
"ITA","13:17:40",7.18,-0.17,8800,8612800,"S"
"ITA","13:17:31",7.15,-0.2,5100,8604000,"B"
"ITA","13:17:27",7.18,-0.17,5000,8598900,"S"
"ITA","13:17:27",7.15,-0.2,2000,8593900,"B"
"ITA","13:17:15",7.18,-0.17,100,8591900,"S"
"ITA","13:17:09",7.18,-0.17,200,8591800,"S"
"ITA","13:17:00",7.17,-0.18,500,8591600,"B"
"ITA","13:16:41",7.18,-0.17,1000,8591100,"S"
"ITA","13:16:39",7.18,-0.17,100,8590100,"S"
"ITA","13:16:12",7.18,-0.17,100,8590000,"S"
"ITA","13:16:09",7.18,-0.17,100,8589900,"B"
"ITA","13:16:07",7.18,-0.17,1900,8589800,"B"
"ITA","13:16:06",7.18,-0.17,400,8587900,"B"
"ITA","13:15:58",7.19,-0.16,100,8587500,"S"
"ITA","13:15:52",7.19,-0.16,800,8587400,"B"
"ITA","13:15:30",7.2,-0.15,12100,8586600,"B"
"ITA","13:15:25",7.2,-0.15,2000,8574500,"B"
"ITA","13:15:14",7.2,-0.15,10000,8572500,"B"
"ITA","13:14:59",7.2,-0.15,10000,8562500,"B"
"ITA","13:14:56",7.2,-0.15,15100,8552500,"S"
"ITA","13:14:52",7.2,-0.15,200,8537400,"S"
"ITA","13:14:46",7.2,-0.15,700,8537200,"S"
"ITA","13:14:41",7.2,-0.15,1800,8536500,"S"
"ITA","13:14:40",7.2,-0.15,800,8534700,"S"
"ITA","13:14:33",7.2,-0.15,300,8533900,"S"
"ITA","13:14:30",7.2,-0.15,10000,8533600,"S"
"ITA","13:14:28",7.2,-0.15,100,8523600,"S"
"ITA","13:14:25",7.2,-0.15,400,8523500,"S"
"ITA","13:14:16",7.21,-0.14,4200,8523100,"S"
"ITA","13:14:16",7.2,-0.15,2300,8518900,"S"
"ITA","13:14:15",7.2,-0.15,2700,8516600,"B"
"ITA","13:14:13",7.2,-0.15,1600,8513900,"B"
"ITA","13:14:11",7.21,-0.14,2000,8512300,"S"
"ITA","13:14:11",7.2,-0.15,2300,8510300,"B"
"ITA","13:13:58",7.21,-0.14,2900,8508000,"S"
"ITA","13:13:58",7.2,-0.15,100,8505100,"S"
"ITA","13:13:55",7.2,-0.15,600,8505000,"B"
"ITA","13:13:54",7.21,-0.14,300,8504400,"B"
"ITA","13:13:54",7.22,-0.13,7000,8504100,"S"
"ITA","13:13:52",7.21,-0.14,900,8497100,"S"
"ITA","13:13:46",7.21,-0.14,1800,8496200,"S"
"ITA","13:13:44",7.21,-0.14,3400,8494400,"S"
"ITA","13:13:42",7.2,-0.15,5000,8491000,"B"
"ITA","13:13:40",7.21,-0.14,400,8486000,"S"
"ITA","13:13:39",7.21,-0.14,144500,8485600,"B"
"ITA","13:13:30",7.22,-0.13,1000,8341100,"S"
"ITA","13:13:25",7.22,-0.13,5600,8340100,"S"
"ITA","13:13:22",7.21,-0.14,10000,8334500,"B"
"ITA","13:13:16",7.21,-0.14,1400,8324500,"S"
"ITA","13:13:14",7.21,-0.14,15600,8323100,"B"
"ITA","13:13:09",7.21,-0.14,100,8307500,"B"
"ITA","13:13:03",7.21,-0.14,100,8307400,"S"
"ITA","13:13:02",7.22,-0.13,1600,8307300,"S"
"ITA","13:12:57",7.2,-0.15,2000,8305700,"B"
"ITA","13:12:57",7.21,-0.14,5000,8303700,"S"
"ITA","13:12:54",7.21,-0.14,1500,8298700,"B"
"ITA","13:12:53",7.22,-0.13,700,8297200,"S"
"ITA","13:12:49",7.21,-0.14,100,8296500,"B"
"ITA","13:12:34",7.21,-0.14,400,8296400,"B"
"ITA","13:12:20",7.2,-0.15,200,8296000,"B"
"ITA","13:12:12",7.2,-0.15,100,8295800,"B"
"ITA","13:12:11",7.22,-0.13,200,8295700,"S"
"ITA","13:12:10",7.2,-0.15,300,8295500,"B"
"ITA","13:12:09",7.2,-0.15,19600,8295200,"S"
"ITA","13:12:09",7.2,-0.15,3400,8275600,"S"
"ITA","13:12:06",7.2,-0.15,2100,8272200,"S"
"ITA","13:12:05",7.2,-0.15,3500,8270100,"S"
"ITA","13:12:03",7.2,-0.15,5000,8266600,"S"
"ITA","13:12:01",7.19,-0.16,300,8261600,"B"
"ITA","13:11:59",7.2,-0.15,100,8261300,"S"
"ITA","13:11:57",7.2,-0.15,200,8261200,"S"
"ITA","13:11:56",7.2,-0.15,1500,8261000,"S"
"ITA","13:11:51",7.2,-0.15,1000,8259500,"S"
"ITA","13:11:50",7.19,-0.16,200,8258500,"B"
"ITA","13:11:48",7.2,-0.15,500,8258300,"S"
"ITA","13:11:45",7.2,-0.15,1000,8257800,"S"
"ITA","13:11:43",7.2,-0.15,6000,8256800,"S"
"ITA","13:11:39",7.2,-0.15,400,8250800,"S"
"ITA","13:11:30",7.2,-0.15,300,8250400,"S"
"ITA","13:11:29",7.2,-0.15,9700,8250100,"S"
"ITA","13:11:28",7.2,-0.15,2000,8240400,"S"
"ITA","13:11:27",7.2,-0.15,100,8238400,"S"
"ITA","13:11:26",7.2,-0.15,1800,8238300,"S"
"ITA","13:11:22",7.2,-0.15,3000,8236500,"S"
"ITA","13:11:19",7.19,-0.16,300,8233500,"B"
"ITA","13:11:16",7.2,-0.15,1000,8233200,"S"
"ITA","13:11:04",7.19,-0.16,10900,8232200,"S"
"ITA","13:11:04",7.18,-0.17,100,8221300,"S"
"ITA","13:10:57",7.19,-0.16,5000,8221200,"S"
"ITA","13:10:52",7.19,-0.16,5300,8216200,"S"
"ITA","13:10:52",7.18,-0.17,12000,8210900,"S"
"ITA","13:10:52",7.16,-0.19,2000,8198900,"S"
"ITA","13:10:40",7.15,-0.2,4200,8196900,"S"
"ITA","13:10:39",7.15,-0.2,11900,8192700,"S"
"ITA","13:10:32",7.14,-0.21,2500,8180800,"S"
"ITA","13:10:32",7.13,-0.22,3000,8178300,"S"
"ITA","13:10:31",7.13,-0.22,5000,8175300,"B"
"ITA","13:10:28",7.14,-0.21,600,8170300,"S"
"ITA","13:10:27",7.14,-0.21,900,8169700,"S"
"ITA","13:10:23",7.14,-0.21,3000,8168800,"S"
"ITA","13:10:13",7.14,-0.21,3100,8165800,"S"
"ITA","13:10:10",7.14,-0.21,500,8162700,"S"
"ITA","13:10:09",7.14,-0.21,100,8162200,"S"
"ITA","13:09:54",7.14,-0.21,200,8162100,"S"
"ITA","13:09:41",7.12,-0.23,100,8161900,"B"
"ITA","13:09:37",7.14,-0.21,200,8161800,"S"
"ITA","13:09:32",7.12,-0.23,2200,8161600,"S"
"ITA","13:09:23",7.11,-0.24,7000,8159400,"S"
"ITA","13:09:23",7.1,-0.25,100,8152400,"B"
"ITA","13:09:21",7.1,-0.25,3000,8152300,"B"
"ITA","13:09:19",7.11,-0.24,1700,8149300,"S"
"ITA","13:09:17",7.11,-0.24,2000,8147600,"S"
"ITA","13:08:53",7.1,-0.25,4100,8145600,"S"
"ITA","13:08:51",7.09,-0.26,100,8141500,"B"
"ITA","13:08:49",7.1,-0.25,900,8141400,"B"
"ITA","13:08:48",7.1,-0.25,700,8140500,"S"
"ITA","13:08:45",7.1,-0.25,200,8139800,"S"
"ITA","13:08:45",7.1,-0.25,6800,8139600,"S"
"ITA","13:08:41",7.09,-0.26,3000,8132800,"B"
"ITA","13:08:40",7.1,-0.25,100,8129800,"S"
"ITA","13:08:32",7.1,-0.25,500,8129700,"S"
"ITA","13:08:27",7.1,-0.25,1000,8129200,"S"
"ITA","13:08:26",7.1,-0.25,200,8128200,"S"
"ITA","13:08:23",7.1,-0.25,700,8128000,"S"
"ITA","13:08:17",7.09,-0.26,5000,8127300,"B"
"ITA","13:08:16",7.1,-0.25,100,8122200,"S"
"ITA","13:08:06",7.1,-0.25,4800,8122100,"S"
"ITA","13:07:58",7.09,-0.26,3500,8117300,"S"
"ITA","13:07:29",7.07,-0.28,5000,8113800,"S"
"ITA","13:07:17",7.08,-0.27,100,8108800,"S"
"ITA","13:07:08",7.06,-0.29,7300,8108700,"B"
"ITA","13:07:08",7.07,-0.28,2700,8101400,"B"
"ITA","13:06:49",7.06,-0.29,32400,8098700,"B"
"ITA","13:06:49",7.07,-0.28,17500,8066300,"B"
"ITA","13:06:49",7.08,-0.27,100,8048800,"B"
"ITA","13:06:48",7.09,-0.26,5300,8048700,"B"
"ITA","13:06:47",7.09,-0.26,22400,8043400,"B"
"ITA","13:06:46",7.1,-0.25,3000,8021000,"S"
"ITA","13:06:44",7.1,-0.25,200,8018000,"S"
"ITA","13:06:41",7.1,-0.25,1500,8017800,"S"
"ITA","13:06:38",7.09,-0.26,500,8016300,"B"
"ITA","13:06:33",7.09,-0.26,1000,8015800,"B"
"ITA","13:06:32",7.09,-0.26,7700,8014800,"S"
"ITA","13:06:31",7.09,-0.26,100,8007100,"S"
"ITA","13:06:28",7.09,-0.26,10000,8007000,"S"
"ITA","13:06:25",7.09,-0.26,100,7997000,"S"
"ITA","13:06:25",7.09,-0.26,10000,7996900,"S"
"ITA","13:06:24",7.07,-0.28,100,7986900,"B"
"ITA","13:06:23",7.07,-0.28,10000,7986800,"B"
"ITA","13:06:21",7.09,-0.26,700,7976800,"S"
"ITA","13:06:19",7.09,-0.26,1000,7976100,"S"
"ITA","13:06:10",7.09,-0.26,500,7975100,"S"
"ITA","13:06:09",7.09,-0.26,2000,7974600,"S"
"ITA","13:06:07",7.07,-0.28,2000,7972600,"B"
"ITA","13:06:04",7.09,-0.26,700,7970600,"S"
"ITA","13:05:56",7.09,-0.26,5000,7969800,"S"
"ITA","13:05:44",7.07,-0.28,600,7964800,"S"
"ITA","13:05:41",7.07,-0.28,1000,7964200,"S"
"ITA","13:05:36",7.06,-0.29,6200,7963200,"S"
"ITA","13:05:28",7.06,-0.29,1300,7957000,"S"
"ITA","13:05:26",7.06,-0.29,400,7955700,"S"
"ITA","13:05:19",7.06,-0.29,300,7955300,"S"
"ITA","13:05:12",7.06,-0.29,600,7955000,"S"
"ITA","13:05:07",7.05,-0.3,4000,7954400,"S"
"ITA","13:04:54",7.04,-0.31,1100,7950400,"S"
"ITA","13:04:50",7.04,-0.31,4000,7949300,"S"
"ITA","13:04:46",7.04,-0.31,1000,7945300,"S"
"ITA","13:04:42",7.04,-0.31,10000,7944300,"S"
"ITA","13:04:40",7.03,-0.32,5000,7934300,"B"
"ITA","13:04:32",7.03,-0.32,1000,7929300,"B"
"ITA","13:04:31",7.03,-0.32,2800,7928300,"S"
"ITA","13:04:29",7.03,-0.32,1000,7925500,"S"
"ITA","13:04:20",7.02,-0.33,2000,7924500,"B"
"ITA","13:04:19",7.03,-0.32,200,7922500,"S"
"ITA","13:04:12",7.03,-0.32,300,7922300,"S"
"ITA","13:04:10",7.03,-0.32,10000,7922000,"S"
"ITA","13:04:00",7.03,-0.32,10000,7912000,"S"
"ITA","13:03:56",7.02,-0.33,100,7902000,"B"
"ITA","13:03:52",7.02,-0.33,300,7901900,"S"
"ITA","13:03:52",7.01,-0.34,800,7901600,"S"
"ITA","13:03:50",7.01,-0.34,56500,7900800,"B"
"ITA","13:03:46",7.02,-0.33,300,7844300,"S"
"ITA","13:03:43",7.02,-0.33,300,7844000,"S"
"ITA","13:03:42",7.02,-0.33,3000,7843700,"S"
"ITA","13:03:41",7.02,-0.33,5000,7840700,"S"
"ITA","13:03:36",7.02,-0.33,2100,7835700,"B"
"ITA","13:03:35",7.02,-0.33,13100,7833600,"B"
"ITA","13:03:35",7.03,-0.32,1900,7820500,"B"
"ITA","13:03:34",7.03,-0.32,3100,7818600,"S"
"ITA","13:03:30",7.03,-0.32,1000,7815500,"S"
"ITA","13:03:27",7.03,-0.32,600,7814500,"S"
"ITA","13:03:25",7.02,-0.33,4200,7813900,"B"
"ITA","13:03:14",7.03,-0.32,200,7809700,"S"
"ITA","13:03:13",7.03,-0.32,300,7809500,"S"
"ITA","13:03:06",7.03,-0.32,9400,7809200,"B"
"ITA","13:03:06",7.04,-0.31,600,7799800,"B"
"ITA","13:03:05",7.04,-0.31,3400,7799200,"S"
"ITA","13:02:59",7.04,-0.31,200,7795800,"S"
"ITA","13:02:54",7.04,-0.31,100,7795600,"S"
"ITA","13:02:51",7.04,-0.31,100,7795500,"S"
"ITA","13:02:44",7.04,-0.31,200,7795400,"B"
"ITA","13:02:43",7.04,-0.31,1000,7795200,"B"
"ITA","13:02:25",7.04,-0.31,1000,7794200,"B"
"ITA","13:02:19",7.04,-0.31,200,7793200,"B"
"ITA","13:02:13",7.04,-0.31,800,7793000,"B"
"ITA","13:02:12",7.04,-0.31,6100,7792200,"B"
"ITA","13:02:11",7.04,-0.31,200,7786100,"S"
"ITA","13:02:09",7.03,-0.32,500,7781300,"B"
"ITA","13:02:08",7.03,-0.32,5000,7780800,"B"
"ITA","13:02:01",7.03,-0.32,68000,7775800,"B"
"ITA","13:02:00",7.04,-0.31,1500,7707800,"B"
"ITA","13:01:58",7.04,-0.31,100,7706300,"B"
"ITA","13:01:53",7.05,-0.3,100,7706200,"S"
"ITA","13:01:40",7.05,-0.3,1400,7706100,"B"
"ITA","13:01:32",7.06,-0.29,4200,7704700,"B"
"ITA","13:01:31",7.06,-0.29,2200,7700500,"B"
"ITA","13:01:23",7.06,-0.29,2900,7698300,"B"
"ITA","13:01:23",7.07,-0.28,100,7695400,"B"
"ITA","13:01:19",7.06,-0.29,200,7695300,"B"
"ITA","13:01:15",7.06,-0.29,500,7695100,"B"
"ITA","13:01:14",7.08,-0.27,700,7694600,"S"
"ITA","13:00:40",7.08,-0.27,100,7693900,"B"
"ITA","13:00:35",7.06,-0.29,1000,7693800,"B"
"ITA","13:00:29",7.09,-0.26,600,7692800,"S"
"ITA","13:00:29",7.07,-0.28,2000,7688200,"S"
"ITA","13:00:24",7.08,-0.27,400,7686200,"B"
"ITA","13:00:22",7.09,-0.26,1200,7685400,"S"
"ITA","13:00:17",7.08,-0.27,3200,7682400,"S"
"ITA","13:00:15",7.08,-0.27,4400,7679200,"S"
"ITA","13:00:15",7.05,-0.3,2000,7674800,"S"
"ITA","13:00:10",7.05,-0.3,100,7672200,"S"
"ITA","13:00:09",7.05,-0.3,1000,7672100,"S"
"ITA","13:00:08",7.05,-0.3,400,7671100,"S"
"ITA","13:00:07",7.05,-0.3,100,7670700,"S"
"ITA","13:00:05",7.05,-0.3,200,7668600,"S"
"ITA","13:00:04",7.05,-0.3,200,7668400,"S"
"ITA","13:00:02",7.03,-0.32,1500,7661200,"B"
"ITA","13:00:02",7.05,-0.3,3100,7659700,"S"
"ITA","13:00:02",7.03,-0.32,200,7656600,"B"
"ITA","13:00:02",7.05,-0.3,2800,7656200,"S"
"ITA","13:00:00",7.05,-0.3,100,7653400,"S"
"ITA","13:00:00",7.04,-0.31,5000,7653300,"B"
"ITA","13:00:00",7.05,-0.3,38500,7648300,"B"
"ITA","13:00:00",7.06,-0.29,100,7609800,"B"
"ITA","13:00:00",7.08,-0.27,300,7609700,"B"
"ITA","13:00:00",7.09,-0.26,300,7609400,"S"
"ITA","11:29:50",7.09,-0.26,100,7609100,"S"
"ITA","11:29:10",7.09,-0.26,10000,7609000,"S"
"ITA","11:29:04",7.08,-0.27,3000,7599000,"B"
"ITA","11:29:03",7.09,-0.26,4900,7596000,"S"
"ITA","11:28:44",7.09,-0.26,500,7591100,"S"
"ITA","11:28:35",7.08,-0.27,1000,7590600,"B"
"ITA","11:28:32",7.09,-0.26,1900,7589600,"S"
"ITA","11:28:16",7.08,-0.27,400,7587700,"B"
"ITA","11:28:13",7.09,-0.26,500,7587300,"S"
"ITA","11:27:47",7.08,-0.27,500,7586800,"B"
"ITA","11:27:39",7.08,-0.27,500,7586300,"B"
"ITA","11:27:32",7.08,-0.27,3000,7585800,"S"
"ITA","11:26:57",7.05,-0.3,1400,7582800,"B"
"ITA","11:26:57",7.04,-0.31,1400,7581400,"S"
"ITA","11:26:54",7.04,-0.31,500,7580000,"S"
"ITA","11:26:53",7.04,-0.31,100,7579500,"S"
"ITA","11:26:51",7.04,-0.31,100,7579400,"B"
"ITA","11:26:51",7.05,-0.3,1000,7579300,"S"
"ITA","11:26:50",7.05,-0.3,2000,7578300,"S"
"ITA","11:26:41",7.05,-0.3,100,7576300,"S"
"ITA","11:26:40",7.05,-0.3,1500,7576200,"S"
"ITA","11:26:37",7.05,-0.3,300,7574700,"B"
"ITA","11:26:36",7.05,-0.3,15500,7574400,"B"
"ITA","11:26:32",7.05,-0.3,100,7558900,"B"
"ITA","11:25:58",7.05,-0.3,5900,7558800,"B"
"ITA","11:25:58",7.06,-0.29,4400,7552900,"B"
"ITA","11:25:58",7.07,-0.28,3600,7548500,"B"
"ITA","11:25:58",7.08,-0.27,9800,7544900,"B"
"ITA","11:25:49",7.09,-0.26,1000,7535100,"S"
"ITA","11:25:36",7.09,-0.26,200,7534100,"B"
"ITA","11:25:35",7.1,-0.25,200,7533900,"S"
"ITA","11:25:02",7.09,-0.26,500,7533700,"B"
"ITA","11:24:44",7.1,-0.25,3500,7533200,"S"
"ITA","11:24:40",7.08,-0.27,1000,7529700,"B"
"ITA","11:24:30",7.1,-0.25,400,7528700,"S"
"ITA","11:24:26",7.08,-0.27,800,7528300,"B"
"ITA","11:24:06",7.09,-0.26,4500,7527500,"B"
"ITA","11:24:04",7.1,-0.25,200,7523000,"B"
"ITA","11:23:59",7.1,-0.25,1500,7522800,"B"
"ITA","11:23:56",7.1,-0.25,1000,7521300,"B"
"ITA","11:23:43",7.1,-0.25,100,7520300,"S"
"ITA","11:23:42",7.1,-0.25,1000,7520200,"S"
"ITA","11:23:20",7.1,-0.25,2700,7519200,"B"
"ITA","11:23:02",7.1,-0.25,8000,7516500,"S"
"ITA","11:22:39",7.1,-0.25,3000,7508500,"S"
"ITA","11:22:34",7.1,-0.25,3500,7505500,"S"
"ITA","11:22:30",7.1,-0.25,100,7502000,"S"
"ITA","11:22:15",7.1,-0.25,3000,7501900,"S"
"ITA","11:22:10",7.1,-0.25,3500,7498900,"B"
"ITA","11:22:02",7.1,-0.25,400,7495400,"B"
"ITA","11:21:51",7.12,-0.23,500,7495000,"S"
"ITA","11:21:40",7.11,-0.24,1200,7494500,"B"
"ITA","11:21:37",7.12,-0.23,200,7493300,"S"
"ITA","11:21:36",7.12,-0.23,300,7493100,"B"
"ITA","11:21:23",7.12,-0.23,700,7492800,"B"
"ITA","11:20:42",7.11,-0.24,2800,7492100,"B"
"ITA","11:20:42",7.12,-0.23,1000,7489300,"B"
"ITA","11:20:42",7.15,-0.2,1200,7488300,"B"
"ITA","11:20:37",7.15,-0.2,6700,7487100,"S"
"ITA","11:20:37",7.13,-0.22,1600,7480400,"S"
"ITA","11:20:37",7.12,-0.23,500,7478800,"S"
"ITA","11:20:29",7.12,-0.23,300,7478300,"B"
"ITA","11:20:17",7.13,-0.22,800,7478000,"S"
"ITA","11:20:17",7.12,-0.23,100,7477200,"S"
"ITA","11:20:03",7.12,-0.23,4900,7477100,"B"
"ITA","11:19:54",7.12,-0.23,100,7472200,"B"
"ITA","11:19:52",7.13,-0.22,3000,7472100,"S"
"ITA","11:19:33",7.13,-0.22,100,7469100,"S"
"ITA","11:19:22",7.12,-0.23,1100,7469000,"S"
"ITA","11:19:09",7.12,-0.23,800,7467900,"S"
"ITA","11:19:09",7.1,-0.25,100,7467100,"S"
"ITA","11:19:08",7.1,-0.25,200,7467000,"S"
"ITA","11:19:00",7.1,-0.25,200,7466800,"S"
"ITA","11:18:41",7.08,-0.27,400,7466600,"B"
"ITA","11:18:23",7.06,-0.29,600,7466200,"S"
"ITA","11:18:22",7.06,-0.29,400,7465600,"B"
"ITA","11:18:00",7.07,-0.28,1000,7464200,"B"
"ITA","11:18:00",7.07,-0.28,2100,7463200,"B"
"ITA","11:17:59",7.08,-0.27,30000,7461100,"S"
"ITA","11:17:52",7.08,-0.27,400,7431100,"S"
"ITA","11:17:49",7.1,-0.25,400,7430700,"B"
"ITA","11:17:28",7.1,-0.25,4000,7430300,"B"
"ITA","11:17:28",7.12,-0.23,6000,7426300,"B"
"ITA","11:17:27",7.12,-0.23,5000,7420300,"B"
"ITA","11:17:26",7.13,-0.22,200,7415300,"S"
"ITA","11:16:58",7.15,-0.2,3300,7415100,"B"
"ITA","11:16:56",7.15,-0.2,1000,7411800,"B"
"ITA","11:16:48",7.15,-0.2,4000,7410800,"B"
"ITA","11:16:46",7.15,-0.2,300,7406800,"B"
"ITA","11:16:42",7.16,-0.19,2200,7406500,"B"
"ITA","11:16:24",7.16,-0.19,2000,7404300,"B"
"ITA","11:16:10",7.16,-0.19,100,7402300,"B"
"ITA","11:16:05",7.19,-0.16,1000,7402200,"S"
"ITA","11:16:00",7.19,-0.16,2000,7401200,"S"
"ITA","11:15:47",7.19,-0.16,100,7399200,"S"
"ITA","11:15:34",7.19,-0.16,100,7399100,"S"
"ITA","11:15:24",7.17,-0.18,3100,7399000,"B"
"ITA","11:15:24",7.18,-0.17,1900,7395900,"B"
"ITA","11:15:19",7.19,-0.16,500,7394000,"S"
"ITA","11:14:53",7.18,-0.17,5000,7393500,"B"
"ITA","11:14:32",7.19,-0.16,200,7388500,"S"
"ITA","11:14:24",7.18,-0.17,800,7388300,"S"
"ITA","11:14:23",7.17,-0.18,2000,7387500,"B"
"ITA","11:14:14",7.18,-0.17,200,7385500,"S"
"ITA","11:14:11",7.17,-0.18,1000,7385300,"B"
"ITA","11:14:08",7.18,-0.17,700,7384300,"S"
"ITA","11:14:03",7.18,-0.17,2500,7383600,"S"
"ITA","11:14:03",7.17,-0.18,100,7381100,"B"
"ITA","11:13:52",7.18,-0.17,1000,7381000,"S"
"ITA","11:13:50",7.18,-0.17,200,7380000,"S"
"ITA","11:13:43",7.18,-0.17,100,7379800,"S"
"ITA","11:13:29",7.19,-0.16,2000,7379700,"S"
"ITA","11:13:22",7.19,-0.16,500,7377700,"S"
"ITA","11:13:19",7.19,-0.16,20000,7377200,"S"
"ITA","11:13:19",7.19,-0.16,600,7357200,"S"
"ITA","11:13:17",7.19,-0.16,4000,7356600,"B"
"ITA","11:13:17",7.2,-0.15,2600,7352600,"B"
"ITA","11:13:15",7.2,-0.15,1000,7350000,"B"
"ITA","11:13:13",7.2,-0.15,300,7349000,"B"
"ITA","11:13:08",7.2,-0.15,1700,7348700,"S"
"ITA","11:13:08",7.2,-0.15,1500,7347000,"S"
"ITA","11:13:07",7.2,-0.15,5000,7345500,"S"
"ITA","11:13:05",7.2,-0.15,1500,7340500,"S"
"ITA","11:13:04",7.2,-0.15,300,7339000,"S"
"ITA","11:13:03",7.2,-0.15,100,7338700,"S"
"ITA","11:13:00",7.2,-0.15,14500,7338600,"S"
"ITA","11:12:58",7.2,-0.15,5900,7324100,"S"
"ITA","11:12:56",7.2,-0.15,10000,7318200,"S"
"ITA","11:12:55",7.2,-0.15,4000,7308200,"S"
"ITA","11:12:54",7.2,-0.15,16300,7304200,"S"
"ITA","11:12:53",7.2,-0.15,6000,7287900,"S"
"ITA","11:12:50",7.2,-0.15,5000,7281900,"S"
"ITA","11:12:46",7.2,-0.15,10000,7276900,"S"
"ITA","11:12:40",7.19,-0.16,1000,7266900,"B"
"ITA","11:12:34",7.19,-0.16,2000,7265900,"S"
"ITA","11:12:23",7.16,-0.19,18700,7263900,"S"
"ITA","11:12:15",7.15,-0.2,15600,7245200,"S"
"ITA","11:12:12",7.14,-0.21,500,7229600,"B"
"ITA","11:12:12",7.15,-0.2,100,7229100,"S"
"ITA","11:12:12",7.14,-0.21,400,7229000,"B"
"ITA","11:12:09",7.14,-0.21,4900,7228600,"S"
"ITA","11:12:08",7.14,-0.21,300,7223700,"S"
"ITA","11:12:08",7.13,-0.22,200,7223400,"S"
"ITA","11:11:58",7.12,-0.23,1000,7223200,"S"
"ITA","11:11:56",7.1,-0.25,1000,7222200,"B"
"ITA","11:11:50",7.1,-0.25,500,7221200,"S"
"ITA","11:11:50",7.1,-0.25,900,7220700,"S"
"ITA","11:11:49",7.1,-0.25,300,7219800,"S"
"ITA","11:11:48",7.1,-0.25,200,7219500,"S"
"ITA","11:11:43",7.1,-0.25,100,7219300,"S"
"ITA","11:11:39",7.1,-0.25,4500,7219200,"S"
"ITA","11:11:36",7.08,-0.27,100,7214700,"S"
"ITA","11:11:34",7.07,-0.28,2100,7214600,"S"
"ITA","11:11:33",7.07,-0.28,1000,7212500,"S"
"ITA","11:11:27",7.06,-0.29,1000,7211500,"B"
"ITA","11:11:12",7.05,-0.3,1000,7210500,"B"
"ITA","11:11:08",7.05,-0.3,2000,7209500,"S"
"ITA","11:11:08",7.04,-0.31,26500,7207500,"S"
"ITA","11:11:06",7.04,-0.31,200,7181000,"S"
"ITA","11:11:03",7.04,-0.31,100,7180800,"S"
"ITA","11:11:01",7.03,-0.32,300,7180700,"S"
"ITA","11:10:59",7.03,-0.32,1000,7180400,"S"
"ITA","11:10:58",7.03,-0.32,1000,7179400,"S"
"ITA","11:10:58",7.03,-0.32,400,7178400,"S"
"ITA","11:10:57",7.03,-0.32,1000,7178000,"S"
"ITA","11:10:57",7.03,-0.32,500,7177000,"S"
"ITA","11:10:55",7.03,-0.32,2000,7176500,"S"
"ITA","11:10:54",7.03,-0.32,200,7174500,"S"
"ITA","11:10:52",7.03,-0.32,1000,7174300,"S"
"ITA","11:10:51",7.03,-0.32,800,7173300,"S"
"ITA","11:10:38",7.03,-0.32,100,7172500,"S"
"ITA","11:10:31",7.03,-0.32,2000,7172400,"S"
"ITA","11:10:28",7.03,-0.32,200,7170400,"S"
"ITA","11:10:26",7.03,-0.32,100,7170200,"S"
"ITA","11:10:18",7.03,-0.32,400,7170100,"S"
"ITA","11:10:13",7.01,-0.34,100,7169700,"S"
"ITA","11:10:12",7,-0.35,8600,7169600,"B"
"ITA","11:10:10",7.03,-0.32,100,7154600,"S"
"ITA","11:10:10",7.02,-0.33,100,7154500,"S"
"ITA","11:10:08",7.02,-0.33,300,7154400,"S"
"ITA","11:10:02",7,-0.35,5000,7154100,"B"
"ITA","11:09:59",7.02,-0.33,9700,7149100,"S"
"ITA","11:09:59",7.01,-0.34,300,7139400,"S"
"ITA","11:09:54",7,-0.35,10000,7139100,"B"
"ITA","11:09:54",7,-0.35,2000,7129100,"B"
"ITA","11:09:49",7.01,-0.34,2000,7127100,"S"
"ITA","11:09:49",7.01,-0.34,700,7125100,"B"
"ITA","11:09:44",7.01,-0.34,200,7124400,"B"
"ITA","11:09:39",7.01,-0.34,100,7124200,"B"
"ITA","11:09:39",7,-0.35,500,7124100,"B"
"ITA","11:09:35",7,-0.35,4000,7123600,"B"
"ITA","11:09:25",7,-0.35,5200,7119600,"S"
"ITA","11:09:24",6.99,-0.36,4000,7114400,"B"
"ITA","11:09:21",7,-0.35,200,7110400,"S"
"ITA","11:09:20",7,-0.35,5000,7110200,"S"
"ITA","11:09:19",7,-0.35,5100,7105200,"S"
"ITA","11:09:15",7,-0.35,3800,7100100,"S"
"ITA","11:09:14",7,-0.35,13000,7096300,"S"
"ITA","11:09:13",7,-0.35,500,7083300,"S"
"ITA","11:09:12",6.99,-0.36,500,7082800,"B"
"ITA","11:09:07",7,-0.35,1000,7082300,"S"
"ITA","11:09:05",7,-0.35,1000,7081300,"S"
"ITA","11:08:54",7,-0.35,1000,7080300,"S"
"ITA","11:08:54",6.99,-0.36,2000,7079300,"B"
"ITA","11:08:51",7,-0.35,900,7077300,"S"
"ITA","11:08:46",7,-0.35,200,7076400,"S"
"ITA","11:08:43",7,-0.35,2000,7076200,"S"
"ITA","11:08:36",7,-0.35,200,7074200,"S"
"ITA","11:08:29",7,-0.35,5300,7074000,"S"
"ITA","11:08:26",7,-0.35,7200,7068700,"B"
"ITA","11:08:21",7,-0.35,7600,7061500,"B"
"ITA","11:08:21",7.01,-0.34,700,7053900,"B"
"ITA","11:08:16",7.01,-0.34,300,7053200,"B"
"ITA","11:08:13",7.02,-0.33,1000,7052900,"S"
"ITA","11:08:11",7,-0.35,49900,7051900,"B"
"ITA","11:07:58",7.02,-0.33,200,6994900,"S"
"ITA","11:07:54",7,-0.35,600,6994700,"B"
"ITA","11:07:53",7,-0.35,1100,6994100,"B"
"ITA","11:07:50",7,-0.35,3000,6993000,"B"
"ITA","11:07:48",7.02,-0.33,1000,6990000,"S"
"ITA","11:07:36",7,-0.35,4000,6989000,"B"
"ITA","11:07:33",7,-0.35,100,6985000,"B"
"ITA","11:07:26",7,-0.35,300,6984900,"B"
"ITA","11:07:23",7,-0.35,10000,6984600,"B"
"ITA","11:07:21",7,-0.35,3200,6974600,"B"
"ITA","11:07:10",7,-0.35,500,6971400,"B"
"ITA","11:07:09",7.02,-0.33,2000,6970900,"S"
"ITA","11:07:06",7,-0.35,200,6968900,"B"
"ITA","11:06:55",7,-0.35,2000,6968700,"B"
"ITA","11:06:47",7,-0.35,100,6966700,"B"
"ITA","11:06:42",7,-0.35,4000,6966600,"B"
"ITA","11:06:37",7,-0.35,3600,6962600,"S"
"ITA","11:06:29",7,-0.35,2000,6959000,"S"
"ITA","11:06:28",7,-0.35,2500,6957000,"B"
"ITA","11:06:17",7,-0.35,200,6954500,"B"
"ITA","11:06:15",7,-0.35,4000,6954300,"B"
"ITA","11:06:10",7,-0.35,1000,6950300,"S"
"ITA","11:06:08",7,-0.35,100,6949300,"S"
"ITA","11:06:07",7,-0.35,10000,6949200,"S"
"ITA","11:06:06",7,-0.35,2000,6939200,"S"
"ITA","11:06:04",7,-0.35,400,6937200,"S"
"ITA","11:06:01",6.99,-0.36,1000,6936800,"B"
"ITA","11:05:56",7,-0.35,100,6935800,"S"
"ITA","11:05:55",7,-0.35,500,6935700,"S"
"ITA","11:05:48",7,-0.35,100,6935200,"S"
"ITA","11:05:43",7,-0.35,2000,6935100,"S"
"ITA","11:05:40",7,-0.35,500,6933100,"S"
"ITA","11:05:39",7,-0.35,100,6932600,"S"
"ITA","11:05:37",7,-0.35,100,6932500,"S"
"ITA","11:05:36",7,-0.35,500,6932400,"B"
"ITA","11:05:31",7,-0.35,1600,6931900,"S"
"ITA","11:05:30",7,-0.35,4400,6930300,"B"
"ITA","11:05:29",7,-0.35,10000,6925900,"B"
"ITA","11:05:23",7,-0.35,16000,6915900,"B"
"ITA","11:05:23",7.02,-0.33,100,6899900,"S"
"ITA","11:05:15",7.02,-0.33,100,6899800,"S"
"ITA","11:05:11",7,-0.35,12500,6899700,"B"
"ITA","11:05:11",7.01,-0.34,2500,6887200,"B"
"ITA","11:05:11",7.02,-0.33,3000,6884700,"S"
"ITA","11:05:08",7.02,-0.33,900,6881700,"S"
"ITA","11:05:01",7.02,-0.33,1900,6880800,"B"
"ITA","11:04:56",7.03,-0.32,100,6878900,"S"
"ITA","11:04:55",7.03,-0.32,2000,6878800,"S"
"ITA","11:04:46",7.03,-0.32,2000,6876800,"S"
"ITA","11:04:35",7.04,-0.31,1000,6874800,"S"
"ITA","11:04:35",7.03,-0.32,2000,6873800,"S"
"ITA","11:04:14",7,-0.35,500,6871800,"B"
"ITA","11:04:11",7,-0.35,11900,6871300,"S"
"ITA","11:04:10",7,-0.35,1000,6859400,"S"
"ITA","11:04:08",7,-0.35,800,6858400,"S"
"ITA","11:04:04",7,-0.35,3000,6857600,"S"
"ITA","11:03:52",7,-0.35,100,6854600,"S"
"ITA","11:03:51",7,-0.35,8000,6854500,"B"
"ITA","11:03:51",7.01,-0.34,7200,6846500,"B"
"ITA","11:03:51",7.02,-0.33,2800,6839300,"B"
"ITA","11:03:51",7.03,-0.32,18200,6836500,"B"
"ITA","11:03:49",7.04,-0.31,200,6818300,"S"
"ITA","11:03:48",7.04,-0.31,1500,6818100,"S"
"ITA","11:03:45",7.04,-0.31,10000,6816600,"S"
"ITA","11:03:42",7.03,-0.32,1000,6806600,"B"
"ITA","11:03:41",7.04,-0.31,5000,6805600,"S"
"ITA","11:03:35",7.04,-0.31,300,6800600,"S"
"ITA","11:03:35",7.04,-0.31,1000,6800300,"S"
"ITA","11:03:25",7.04,-0.31,10000,6799300,"S"
"ITA","11:03:19",7.03,-0.32,6600,6789300,"S"
"ITA","11:03:11",7.03,-0.32,3400,6782700,"S"
"ITA","11:03:05",7.02,-0.33,7600,6779300,"S"
"ITA","11:03:01",7.01,-0.34,2000,6771700,"B"
"ITA","11:02:57",7.01,-0.34,1100,6769700,"B"
"ITA","11:02:56",7.02,-0.33,2100,6768600,"S"
"ITA","11:02:55",7.01,-0.34,1700,6766500,"S"
"ITA","11:02:45",7,-0.35,3600,6764800,"S"
"ITA","11:02:44",7,-0.35,100,6761200,"S"
"ITA","11:02:43",7,-0.35,10000,6761100,"S"
"ITA","11:02:42",6.99,-0.36,2000,6751100,"B"
"ITA","11:02:39",7,-0.35,100,6749100,"S"
"ITA","11:02:36",7,-0.35,1100,6749000,"S"
"ITA","11:02:31",7,-0.35,600,6747900,"S"
"ITA","11:02:29",7,-0.35,500,6747300,"S"
"ITA","11:02:24",7,-0.35,17200,6746800,"B"
"ITA","11:02:14",7.01,-0.34,200,6729600,"S"
"ITA","11:02:12",7.01,-0.34,1000,6729400,"S"
"ITA","11:02:11",7,-0.35,300,6728400,"B"
"ITA","11:02:10",7,-0.35,5600,6728100,"B"
"ITA","11:02:09",7.01,-0.34,300,6722500,"S"
"ITA","11:02:07",7,-0.35,2000,6722200,"B"
"ITA","11:02:02",7,-0.35,2000,6720200,"B"
"ITA","11:02:01",7,-0.35,17500,6718200,"S"
"ITA","11:02:01",6.99,-0.36,6700,6700700,"S"
"ITA","11:02:00",6.98,-0.37,4300,6694000,"B"
"ITA","11:01:59",6.98,-0.37,500,6689700,"B"
"ITA","11:01:54",6.99,-0.36,300,6689200,"B"
"ITA","11:01:51",6.98,-0.37,1200,6688900,"B"
"ITA","11:01:51",6.99,-0.36,800,6687700,"B"
"ITA","11:01:49",6.99,-0.36,900,6686900,"B"
"ITA","11:01:48",6.98,-0.37,400,6686000,"B"
"ITA","11:01:46",6.99,-0.36,100,6685600,"S"
"ITA","11:01:42",6.99,-0.36,200,6685500,"S"
"ITA","11:01:41",6.99,-0.36,100,6685300,"S"
"ITA","11:01:40",6.99,-0.36,2000,6685200,"S"
"ITA","11:01:38",6.99,-0.36,200,6683200,"S"
"ITA","11:01:35",6.99,-0.36,2000,6683000,"S"
"ITA","11:01:34",7,-0.35,300,6681000,"S"
"ITA","11:01:34",6.99,-0.36,700,6680700,"S"
"ITA","11:01:28",6.99,-0.36,200,6680000,"S"
"ITA","11:01:23",6.99,-0.36,1000,6679800,"S"
"ITA","11:01:21",6.99,-0.36,3300,6678800,"B"
"ITA","11:01:19",7,-0.35,1000,6675500,"S"
"ITA","11:01:18",7,-0.35,100,6674500,"S"
"ITA","11:01:17",7,-0.35,5000,6674400,"S"
"ITA","11:01:14",7,-0.35,500,6669400,"S"
"ITA","11:01:11",7,-0.35,2000,6668900,"S"
"ITA","11:01:11",7,-0.35,12000,6666900,"B"
"ITA","11:01:07",7.01,-0.34,3900,6654900,"S"
"ITA","11:01:07",7,-0.35,600,6651000,"B"
"ITA","11:01:06",7,-0.35,2000,6650400,"B"
"ITA","11:01:02",7,-0.35,1000,6648400,"B"
"ITA","11:01:01",7,-0.35,1000,6647400,"B"
"ITA","11:01:01",7.01,-0.34,300,6646400,"S"
"ITA","11:00:57",7.01,-0.34,2500,6646100,"S"
"ITA","11:00:55",7,-0.35,100800,6643600,"B"
"ITA","11:00:51",7,-0.35,300,6542800,"B"
"ITA","11:00:51",7.01,-0.34,1000,6542500,"S"
"ITA","11:00:51",7,-0.35,16000,6541500,"B"
"ITA","11:00:47",7.01,-0.34,300,6525400,"S"
"ITA","11:00:47",7,-0.35,200,6525100,"B"
"ITA","11:00:46",7,-0.35,10000,6524900,"B"
"ITA","11:00:42",7.01,-0.34,1600,6514900,"S"
"ITA","11:00:37",7.01,-0.34,200,6513300,"S"
"ITA","11:00:31",7,-0.35,23600,6513100,"B"
"ITA","11:00:31",7.01,-0.34,500,6489500,"S"
"ITA","11:00:30",7,-0.35,7800,6489000,"B"
"ITA","11:00:30",7.01,-0.34,700,6481200,"B"
"ITA","11:00:27",7.02,-0.33,200,6470500,"S"
"ITA","11:00:26",7.01,-0.34,18000,6470300,"B"
"ITA","11:00:19",7.02,-0.33,5000,6452300,"S"
"ITA","11:00:18",7.01,-0.34,500,6447300,"B"
"ITA","11:00:14",7.01,-0.34,1300,6446800,"B"
"ITA","11:00:13",7.02,-0.33,500,6445500,"S"
"ITA","11:00:10",7.01,-0.34,6100,6445000,"B"
"ITA","11:00:09",7.01,-0.34,1000,6438900,"B"
"ITA","11:00:04",7.01,-0.34,10000,6437900,"B"
"ITA","11:00:03",7.02,-0.33,2000,6427900,"S"
"ITA","11:00:02",7.02,-0.33,200,6425900,"S"
"ITA","11:00:02",7.01,-0.34,9400,6425700,"B"
"ITA","10:59:58",7.02,-0.33,2000,6416300,"B"
"ITA","10:59:58",7.02,-0.33,10000,6414300,"B"
"ITA","10:59:58",7.01,-0.34,9700,6404300,"B"
"ITA","10:59:58",7.02,-0.33,10300,6394600,"B"
"ITA","10:59:55",7.02,-0.33,19500,6384300,"B"
"ITA","10:59:54",7.02,-0.33,1000,6364800,"B"
"ITA","10:59:48",7.02,-0.33,4000,6363800,"B"
"ITA","10:59:47",7.02,-0.33,2000,6359800,"B"
"ITA","10:59:47",7.03,-0.32,2000,6357800,"B"
"ITA","10:59:46",7.03,-0.32,1000,6355800,"B"
"ITA","10:59:44",7.02,-0.33,11700,6354800,"B"
"ITA","10:59:42",7.04,-0.31,400,6341100,"S"
"ITA","10:59:37",7.02,-0.33,3000,6340700,"B"
"ITA","10:59:34",7.02,-0.33,2000,6337700,"B"
"ITA","10:59:32",7.02,-0.33,20400,6335700,"B"
"ITA","10:59:32",7.03,-0.32,8400,6315300,"B"
"ITA","10:59:31",7.04,-0.31,100,6306900,"S"
"ITA","10:59:30",7.04,-0.31,1000,6306800,"S"
"ITA","10:59:29",7.04,-0.31,1000,6305800,"S"
"ITA","10:59:28",7.04,-0.31,100,6304800,"S"
"ITA","10:59:28",7.03,-0.32,16100,6304700,"B"
"ITA","10:59:25",7.04,-0.31,500,6288600,"S"
"ITA","10:59:24",7.04,-0.31,600,6288100,"S"
"ITA","10:59:18",7.04,-0.31,400,6287500,"S"
"ITA","10:59:17",7.04,-0.31,4900,6287100,"B"
"ITA","10:59:14",7.04,-0.31,6000,6282200,"B"
"ITA","10:59:10",7.05,-0.3,3100,6276200,"S"
"ITA","10:59:06",7.05,-0.3,600,6273100,"S"
"ITA","10:59:02",7.04,-0.31,1000,6272500,"B"
"ITA","10:58:59",7.04,-0.31,3700,6271500,"S"
"ITA","10:58:58",7.04,-0.31,500,6267800,"S"
"ITA","10:58:58",7.04,-0.31,300,6267300,"S"
"ITA","10:58:57",7.04,-0.31,500,6267000,"S"
"ITA","10:58:57",7.04,-0.31,4900,6266500,"B"
"ITA","10:58:56",7.05,-0.3,400,6261600,"S"
"ITA","10:58:55",7.05,-0.3,300,6261200,"S"
"ITA","10:58:54",7.05,-0.3,100,6260900,"S"
"ITA","10:58:49",7.05,-0.3,200,6260800,"S"
"ITA","10:58:42",7.05,-0.3,100,6260600,"B"
"ITA","10:58:41",7.05,-0.3,3500,6260500,"B"
"ITA","10:58:39",7.07,-0.28,1000,6257000,"S"
"ITA","10:58:35",7.05,-0.3,200,6256000,"B"
"ITA","10:58:29",7.05,-0.3,200,6255800,"B"
"ITA","10:58:27",7.05,-0.3,26300,6255600,"B"
"ITA","10:58:27",7.06,-0.29,23700,6229300,"B"
"ITA","10:58:17",7.07,-0.28,300,6205600,"S"
"ITA","10:58:10",7.05,-0.3,37100,6205300,"B"
"ITA","10:58:10",7.06,-0.29,4900,6168200,"B"
"ITA","10:58:10",7.07,-0.28,8000,6163300,"B"
"ITA","10:58:03",7.07,-0.28,3200,6155300,"B"
"ITA","10:57:58",7.08,-0.27,500,6152100,"S"
"ITA","10:57:54",7.08,-0.27,4300,6151600,"S"
"ITA","10:57:49",7.08,-0.27,200,6147300,"S"
"ITA","10:57:46",7.08,-0.27,18300,6147100,"B"
"ITA","10:57:46",7.09,-0.26,10600,6128800,"B"
"ITA","10:57:34",7.09,-0.26,5000,6118200,"B"
"ITA","10:57:28",7.1,-0.25,10000,6113200,"S"
"ITA","10:57:24",7.1,-0.25,100,6103200,"S"
"ITA","10:57:10",7.1,-0.25,200,6103100,"S"
"ITA","10:57:03",7.1,-0.25,100,6102900,"S"
"ITA","10:56:53",7.1,-0.25,300,6102800,"S"
"ITA","10:56:38",7.1,-0.25,200,6102500,"S"
"ITA","10:56:32",7.1,-0.25,100,6102300,"S"
"ITA","10:56:31",7.1,-0.25,1500,6102200,"S"
"ITA","10:56:22",7.1,-0.25,25000,6100700,"B"
"ITA","10:56:22",7.12,-0.23,800,6075700,"S"
"ITA","10:56:22",7.11,-0.24,100,6074900,"S"
"ITA","10:56:16",7.1,-0.25,28700,6074800,"B"
"ITA","10:56:16",7.11,-0.24,11300,6046100,"B"
"ITA","10:56:11",7.12,-0.23,100,6034800,"S"
"ITA","10:56:08",7.12,-0.23,200,6034700,"S"
"ITA","10:56:07",7.12,-0.23,1100,6034500,"B"
"ITA","10:55:58",7.12,-0.23,600,6033400,"B"
"ITA","10:55:57",7.12,-0.23,1100,6032800,"B"
"ITA","10:55:57",7.13,-0.22,100,6031700,"B"
"ITA","10:55:41",7.12,-0.23,100,6031600,"B"
"ITA","10:55:29",7.12,-0.23,19600,6031500,"B"
"ITA","10:55:29",7.13,-0.22,400,6011900,"B"
"ITA","10:55:27",7.13,-0.22,2500,6011500,"B"
"ITA","10:55:21",7.14,-0.21,200,6009000,"S"
"ITA","10:55:19",7.14,-0.21,800,6008800,"S"
"ITA","10:55:18",7.13,-0.22,3000,6008000,"B"
"ITA","10:55:06",7.14,-0.21,10000,6005000,"S"
"ITA","10:55:06",7.13,-0.22,1000,5995000,"B"
"ITA","10:55:05",7.13,-0.22,10000,5994000,"B"
"ITA","10:55:02",7.13,-0.22,5000,5984000,"B"
"ITA","10:54:53",7.13,-0.22,2000,5979000,"B"
"ITA","10:54:45",7.14,-0.21,500,5977000,"S"
"ITA","10:54:28",7.14,-0.21,2300,5976500,"B"
"ITA","10:53:43",7.15,-0.2,500,5974200,"S"
"ITA","10:53:42",7.15,-0.2,3200,5973700,"S"
"ITA","10:53:39",7.14,-0.21,1000,5970500,"B"
"ITA","10:53:35",7.15,-0.2,32400,5969500,"B"
"ITA","10:53:31",7.15,-0.2,100,5937100,"B"
"ITA","10:53:10",7.16,-0.19,100,5937000,"S"
"ITA","10:53:09",7.16,-0.19,100,5936900,"S"
"ITA","10:52:40",7.16,-0.19,100,5936800,"S"
"ITA","10:52:36",7.15,-0.2,3000,5936700,"B"
"ITA","10:52:17",7.16,-0.19,3000,5933700,"S"
"ITA","10:52:13",7.16,-0.19,1000,5930700,"B"
"ITA","10:51:46",7.16,-0.19,13500,5929700,"S"
"ITA","10:51:46",7.15,-0.2,5600,5916200,"S"
"ITA","10:51:41",7.15,-0.2,7500,5910600,"B"
"ITA","10:51:32",7.16,-0.19,100,5903100,"S"
"ITA","10:51:18",7.16,-0.19,4800,5903000,"B"
"ITA","10:51:09",7.16,-0.19,300,5898200,"B"
"ITA","10:51:09",7.17,-0.18,2100,5897900,"B"
"ITA","10:51:05",7.17,-0.18,300,5895800,"B"
"ITA","10:51:00",7.18,-0.17,100,5895500,"S"
"ITA","10:50:49",7.18,-0.17,3200,5895400,"B"
"ITA","10:50:49",7.19,-0.16,2800,5892200,"B"
"ITA","10:50:45",7.19,-0.16,1000,5889400,"B"
"ITA","10:50:45",7.2,-0.15,900,5888400,"S"
"ITA","10:50:40",7.19,-0.16,300,5887500,"B"
"ITA","10:50:37",7.19,-0.16,10000,5887200,"B"
"ITA","10:50:24",7.19,-0.16,3600,5877200,"B"
"ITA","10:50:23",7.19,-0.16,1000,5873600,"B"
"ITA","10:50:19",7.19,-0.16,800,5872600,"B"
"ITA","10:50:13",7.2,-0.15,500,5871800,"S"
"ITA","10:50:02",7.2,-0.15,400,5871300,"S"
"ITA","10:49:53",7.2,-0.15,5900,5870900,"B"
"ITA","10:49:42",7.2,-0.15,100,5865000,"B"
"ITA","10:49:40",7.2,-0.15,4500,5864900,"B"
"ITA","10:49:31",7.21,-0.14,600,5860400,"B"
"ITA","10:49:30",7.21,-0.14,500,5859800,"B"
"ITA","10:49:27",7.22,-0.13,100,5859300,"S"
"ITA","10:49:21",7.22,-0.13,100,5859200,"S"
"ITA","10:49:17",7.21,-0.14,2100,5859100,"B"
"ITA","10:49:13",7.21,-0.14,7200,5857000,"B"
"ITA","10:49:11",7.21,-0.14,100,5849800,"B"
"ITA","10:49:02",7.22,-0.13,1000,5849700,"S"
"ITA","10:48:55",7.21,-0.14,100,5848700,"B"
"ITA","10:48:46",7.22,-0.13,2000,5848600,"S"
"ITA","10:48:37",7.22,-0.13,100,5846600,"S"
"ITA","10:48:36",7.22,-0.13,500,5846500,"S"
"ITA","10:48:30",7.22,-0.13,1500,5846000,"S"
"ITA","10:48:17",7.22,-0.13,2000,5844500,"S"
"ITA","10:48:12",7.2,-0.15,600,5842500,"B"
"ITA","10:47:59",7.22,-0.13,100,5841900,"S"
"ITA","10:47:51",7.2,-0.15,15200,5841800,"B"
"ITA","10:47:46",7.22,-0.13,300,5826600,"S"
"ITA","10:47:22",7.22,-0.13,600,5826300,"S"
"ITA","10:47:14",7.2,-0.15,600,5825700,"B"
"ITA","10:47:07",7.2,-0.15,10000,5825100,"B"
"ITA","10:47:07",7.2,-0.15,1300,5815100,"B"
"ITA","10:46:57",7.2,-0.15,400,5813800,"B"
"ITA","10:46:57",7.21,-0.14,100,5813400,"B"
"ITA","10:46:30",7.2,-0.15,300,5813300,"B"
"ITA","10:46:22",7.2,-0.15,68700,5813000,"S"
"ITA","10:46:17",7.19,-0.16,6400,5744300,"B"
"ITA","10:46:10",7.19,-0.16,100,5737900,"B"
"ITA","10:46:07",7.2,-0.15,1000,5737800,"S"
"ITA","10:46:05",7.2,-0.15,1000,5736800,"S"
"ITA","10:46:02",7.2,-0.15,300,5735800,"S"
"ITA","10:45:58",7.2,-0.15,3000,5735500,"S"
"ITA","10:45:49",7.2,-0.15,2000,5732500,"S"
"ITA","10:45:48",7.2,-0.15,1000,5730500,"S"
"ITA","10:45:46",7.2,-0.15,2100,5729500,"S"
"ITA","10:45:28",7.2,-0.15,1500,5727400,"S"
"ITA","10:45:27",7.19,-0.16,20000,5725900,"B"
"ITA","10:45:25",7.2,-0.15,1000,5705900,"S"
"ITA","10:45:17",7.19,-0.16,200,5704900,"S"
"ITA","10:45:11",7.19,-0.16,4900,5704700,"S"
"ITA","10:45:00",7.18,-0.17,200,5699800,"B"
"ITA","10:44:59",7.19,-0.16,2600,5699600,"S"
"ITA","10:44:59",7.18,-0.17,600,5697000,"S"
"ITA","10:44:52",7.17,-0.18,200,5696400,"S"
"ITA","10:44:52",7.16,-0.19,100,5696200,"B"
"ITA","10:44:52",7.17,-0.18,300,5696100,"S"
"ITA","10:44:44",7.16,-0.19,1000,5695800,"S"
"ITA","10:44:40",7.15,-0.2,1800,5694800,"S"
"ITA","10:44:39",7.15,-0.2,2200,5693000,"S"
"ITA","10:44:36",7.15,-0.2,200,5690800,"S"
"ITA","10:44:33",7.15,-0.2,4000,5690600,"S"
"ITA","10:44:24",7.14,-0.21,10000,5686600,"S"
"ITA","10:44:21",7.12,-0.23,500,5676600,"B"
"ITA","10:44:21",7.13,-0.22,500,5676100,"B"
"ITA","10:43:51",7.11,-0.24,8100,5675600,"S"
"ITA","10:43:49",7.11,-0.24,100,5667500,"S"
"ITA","10:43:48",7.11,-0.24,1300,5667400,"S"
"ITA","10:43:46",7.11,-0.24,4800,5666100,"S"
"ITA","10:43:45",7.11,-0.24,100,5661300,"S"
"ITA","10:43:39",7.1,-0.25,2200,5661200,"S"
"ITA","10:43:37",7.1,-0.25,3000,5659000,"S"
"ITA","10:43:36",7.1,-0.25,10000,5656000,"S"
"ITA","10:43:36",7.1,-0.25,500,5646000,"S"
"ITA","10:43:35",7.1,-0.25,300,5645500,"S"
"ITA","10:43:32",7.1,-0.25,1000,5645200,"S"
"ITA","10:43:30",7.1,-0.25,10000,5644200,"S"
"ITA","10:43:30",7.1,-0.25,1000,5634200,"S"
"ITA","10:43:29",7.1,-0.25,2000,5633200,"S"
"ITA","10:43:26",7.1,-0.25,2000,5631200,"S"
"ITA","10:43:25",7.1,-0.25,13000,5629200,"S"
"ITA","10:43:24",7.1,-0.25,23000,5616200,"B"
"ITA","10:43:22",7.1,-0.25,15000,5593200,"B"
"ITA","10:43:13",7.1,-0.25,2000,5578200,"S"
"ITA","10:43:11",7.1,-0.25,3100,5575900,"S"
"ITA","10:43:10",7.1,-0.25,6000,5572800,"S"
"ITA","10:43:09",7.1,-0.25,600,5566800,"S"
"ITA","10:43:07",7.1,-0.25,1000,5566200,"S"
"ITA","10:43:06",7.1,-0.25,3000,5565200,"S"
"ITA","10:43:00",7.1,-0.25,200,5562200,"S"
"ITA","10:42:59",7.1,-0.25,5900,5562000,"S"
"ITA","10:42:58",7.1,-0.25,2500,5556100,"S"
"ITA","10:42:57",7.1,-0.25,10900,5553600,"S"
"ITA","10:42:56",7.1,-0.25,100,5542700,"S"
"ITA","10:42:55",7.1,-0.25,200,5542600,"S"
"ITA","10:42:53",7.1,-0.25,100,5542400,"S"
"ITA","10:42:53",7.1,-0.25,1300,5542300,"S"
"ITA","10:42:52",7.1,-0.25,3000,5537300,"S"
"ITA","10:42:51",7.1,-0.25,300,5534300,"S"
"ITA","10:42:50",7.1,-0.25,2700,5534000,"S"
"ITA","10:42:48",7.1,-0.25,1000,5531300,"S"
"ITA","10:42:47",7.1,-0.25,10000,5530300,"S"
"ITA","10:42:42",7.1,-0.25,2100,5520300,"S"
"ITA","10:42:36",7.1,-0.25,3700,5518200,"S"
"ITA","10:42:35",7.1,-0.25,5000,5514500,"S"
"ITA","10:42:32",7.1,-0.25,300,5509500,"S"
"ITA","10:42:26",7.09,-0.26,500,5509200,"B"
"ITA","10:42:13",7.09,-0.26,5800,5508700,"S"
"ITA","10:42:06",7.09,-0.26,600,5502900,"S"
"ITA","10:42:04",7.09,-0.26,1800,5502300,"S"
"ITA","10:42:04",7.08,-0.27,8200,5500500,"S"
"ITA","10:42:04",7.08,-0.27,1800,5492300,"S"
"ITA","10:42:03",7.07,-0.28,100,5490500,"B"
"ITA","10:42:02",7.07,-0.28,1000,5490400,"B"
"ITA","10:42:02",7.08,-0.27,10000,5489400,"B"
"ITA","10:41:56",7.09,-0.26,4200,5479400,"S"
"ITA","10:41:48",7.07,-0.28,4200,5475200,"B"
"ITA","10:41:48",7.08,-0.27,400,5471000,"S"
"ITA","10:41:45",7.08,-0.27,100,5470600,"S"
"ITA","10:41:44",7.08,-0.27,500,5470500,"S"
"ITA","10:41:42",7.08,-0.27,100,5470000,"S"
"ITA","10:41:41",7.08,-0.27,3800,5469900,"S"
"ITA","10:41:39",7.08,-0.27,300,5466100,"S"
"ITA","10:41:36",7.08,-0.27,100,5465800,"S"
"ITA","10:41:31",7.08,-0.27,700,5465700,"S"
"ITA","10:41:31",7.08,-0.27,1500,5465000,"S"
"ITA","10:41:29",7.08,-0.27,3300,5463500,"B"
"ITA","10:41:26",7.09,-0.26,100,5460200,"S"
"ITA","10:41:24",7.09,-0.26,200,5460100,"S"
"ITA","10:41:21",7.08,-0.27,5000,5459900,"B"
"ITA","10:41:18",7.08,-0.27,5000,5454900,"B"
"ITA","10:41:17",7.08,-0.27,5000,5449900,"B"
"ITA","10:41:16",7.09,-0.26,5000,5444900,"S"
"ITA","10:41:12",7.09,-0.26,600,5439900,"S"
"ITA","10:41:10",7.08,-0.27,2000,5439300,"B"
"ITA","10:41:08",7.08,-0.27,3000,5437300,"B"
"ITA","10:41:01",7.08,-0.27,300,5434300,"B"
"ITA","10:41:00",7.09,-0.26,1000,5434000,"S"
"ITA","10:40:59",7.08,-0.27,500,5433000,"B"
"ITA","10:40:58",7.08,-0.27,2000,5432500,"B"
"ITA","10:40:55",7.08,-0.27,1000,5430500,"B"
"ITA","10:40:54",7.09,-0.26,500,5429500,"S"
"ITA","10:40:50",7.02,-0.33,15200,5429000,"B"
"ITA","10:40:50",7.03,-0.32,10900,5413800,"B"
"ITA","10:40:50",7.04,-0.31,17600,5402900,"B"
"ITA","10:40:50",7.05,-0.3,27100,5385300,"B"
"ITA","10:40:50",7.08,-0.27,7400,5355100,"B"
"ITA","10:40:41",7.08,-0.27,1000,5347700,"B"
"ITA","10:40:32",7.08,-0.27,900,5346700,"S"
"ITA","10:40:31",7.05,-0.3,1200,5345800,"B"
"ITA","10:40:31",7.07,-0.28,1300,5344600,"B"
"ITA","10:40:30",7.07,-0.28,2200,5343300,"B"
"ITA","10:40:29",7.07,-0.28,1000,5341100,"B"
"ITA","10:40:28",7.07,-0.28,2000,5340100,"B"
"ITA","10:40:23",7.07,-0.28,100,5338100,"B"
"ITA","10:40:21",7.07,-0.28,3400,5338000,"S"
"ITA","10:40:21",7.05,-0.3,200,5334600,"B"
"ITA","10:40:20",7.07,-0.28,300,5334400,"S"
"ITA","10:40:19",7.05,-0.3,5800,5334100,"B"
"ITA","10:40:14",7.05,-0.3,400,5328300,"B"
"ITA","10:40:14",7.05,-0.3,1500,5327900,"B"
"ITA","10:40:02",7.05,-0.3,1000,5326300,"B"
"ITA","10:40:00",7.07,-0.28,300,5324900,"S"
"ITA","10:39:53",7.05,-0.3,800,5324600,"B"
"ITA","10:39:45",7.04,-0.31,700,5323800,"B"
"ITA","10:39:45",7.05,-0.3,5900,5323100,"B"
"ITA","10:39:38",7.05,-0.3,1100,5317200,"B"
"ITA","10:39:36",7.05,-0.3,10000,5316100,"B"
"ITA","10:39:30",7.05,-0.3,500,5306100,"B"
"ITA","10:39:28",7.05,-0.3,100,5305600,"B"
"ITA","10:39:28",7.05,-0.3,8300,5305500,"S"
"ITA","10:39:27",7.05,-0.3,100,5297200,"S"
"ITA","10:39:25",7.05,-0.3,6900,5297100,"B"
"ITA","10:39:25",7.06,-0.29,500,5290200,"B"
"ITA","10:39:19",7.08,-0.27,1000,5289700,"S"
"ITA","10:39:18",7.05,-0.3,2500,5288700,"B"
"ITA","10:39:15",7.05,-0.3,15500,5286200,"B"
"ITA","10:39:12",7.05,-0.3,20000,5270700,"B"
"ITA","10:39:11",7.05,-0.3,10000,5250700,"B"
"ITA","10:39:04",7.05,-0.3,19900,5240700,"B"
"ITA","10:39:04",7.06,-0.29,100,5220800,"B"
"ITA","10:38:58",7.05,-0.3,20000,5220700,"B"
"ITA","10:38:49",7.1,-0.25,200,5200700,"S"
"ITA","10:38:48",7.06,-0.29,1000,5198500,"B"
"ITA","10:38:46",7.1,-0.25,3000,5197500,"S"
"ITA","10:38:45",7.05,-0.3,6100,5194500,"B"
"ITA","10:38:45",7.06,-0.29,14000,5188400,"B"
"ITA","10:38:45",7.07,-0.28,7400,5174400,"B"
"ITA","10:38:45",7.08,-0.27,35000,5167000,"B"
"ITA","10:38:45",7.09,-0.26,19500,5132000,"B"
"ITA","10:38:44",7.1,-0.25,100,5112500,"S"
"ITA","10:38:41",7.1,-0.25,200,5112400,"S"
"ITA","10:38:41",7.09,-0.26,1000,5112200,"B"
"ITA","10:38:40",7.1,-0.25,800,5111200,"S"
"ITA","10:38:37",7.1,-0.25,500,5110400,"S"
"ITA","10:38:35",7.1,-0.25,1000,5109900,"S"
"ITA","10:38:33",7.1,-0.25,700,5108900,"S"
"ITA","10:38:27",7.1,-0.25,4800,5108200,"B"
"ITA","10:38:27",7.1,-0.25,500,5103400,"B"
"ITA","10:38:25",7.1,-0.25,45000,5102900,"B"
"ITA","10:38:19",7.1,-0.25,8000,5057900,"B"
"ITA","10:38:15",7.1,-0.25,68000,5049900,"B"
"ITA","10:38:13",7.11,-0.24,100,4981900,"B"
"ITA","10:38:12",7.12,-0.23,500,4981800,"S"
"ITA","10:38:10",7.1,-0.25,12000,4981300,"B"
"ITA","10:38:10",7.11,-0.24,8000,4969300,"B"
"ITA","10:38:03",7.11,-0.24,5000,4961300,"B"
"ITA","10:38:02",7.12,-0.23,11500,4956300,"B"
"ITA","10:37:58",7.12,-0.23,1000,4944800,"B"
"ITA","10:37:56",7.14,-0.21,100,4943800,"S"
"ITA","10:37:47",7.14,-0.21,4300,4943700,"B"
"ITA","10:37:46",7.14,-0.21,2000,4939400,"B"
"ITA","10:37:45",7.15,-0.2,500,4937400,"S"
"ITA","10:37:44",7.15,-0.2,1000,4936900,"S"
"ITA","10:37:43",7.15,-0.2,100,4935900,"S"
"ITA","10:37:40",7.14,-0.21,700,4935800,"B"
"ITA","10:37:30",7.15,-0.2,100,4935100,"S"
"ITA","10:37:29",7.15,-0.2,35300,4935000,"B"
"ITA","10:37:16",7.17,-0.18,100,4899700,"B"
"ITA","10:37:10",7.17,-0.18,2400,4899600,"S"
"ITA","10:37:05",7.15,-0.2,300,4897200,"B"
"ITA","10:37:05",7.16,-0.19,100,4896900,"B"
"ITA","10:36:59",7.16,-0.19,100,4896800,"B"
"ITA","10:36:49",7.15,-0.2,35900,4896700,"B"
"ITA","10:36:49",7.16,-0.19,1800,4860800,"B"
"ITA","10:36:39",7.17,-0.18,1700,4859000,"B"
"ITA","10:36:36",7.17,-0.18,3000,4857300,"B"
"ITA","10:36:34",7.17,-0.18,100,4854300,"B"
"ITA","10:36:32",7.17,-0.18,2000,4854200,"B"
"ITA","10:36:21",7.17,-0.18,2300,4852200,"B"
"ITA","10:36:02",7.18,-0.17,900,4849900,"B"
"ITA","10:36:01",7.18,-0.17,1000,4849000,"B"
"ITA","10:35:57",7.19,-0.16,300,4848000,"S"
"ITA","10:35:42",7.19,-0.16,1000,4847700,"B"
"ITA","10:35:38",7.19,-0.16,100,4846700,"B"
"ITA","10:35:18",7.19,-0.16,2000,4846600,"B"
"ITA","10:35:11",7.2,-0.15,2000,4844600,"S"
"ITA","10:35:07",7.2,-0.15,800,4842600,"S"
"ITA","10:35:04",7.2,-0.15,500,4841800,"S"
"ITA","10:35:03",7.19,-0.16,1000,4841300,"B"
"ITA","10:34:58",7.19,-0.16,100,4840300,"B"
"ITA","10:34:51",7.2,-0.15,600,4840200,"S"
"ITA","10:34:48",7.2,-0.15,300,4839600,"S"
"ITA","10:34:42",7.2,-0.15,200,4839300,"S"
"ITA","10:34:36",7.2,-0.15,1200,4839100,"B"
"ITA","10:34:36",7.2,-0.15,54300,4837900,"B"
"ITA","10:34:36",7.21,-0.14,14300,4783600,"B"
"ITA","10:34:23",7.22,-0.13,1000,4769300,"S"
"ITA","10:34:21",7.21,-0.14,1000,4768300,"B"
"ITA","10:34:20",7.22,-0.13,200,4767300,"S"
"ITA","10:34:10",7.22,-0.13,500,4767100,"S"
"ITA","10:34:06",7.22,-0.13,100,4766600,"S"
"ITA","10:34:01",7.22,-0.13,500,4766500,"S"
"ITA","10:34:00",7.22,-0.13,14200,4766000,"B"
"ITA","10:33:59",7.23,-0.12,200,4751800,"S"
"ITA","10:33:58",7.22,-0.13,200,4751600,"B"
"ITA","10:33:48",7.23,-0.12,9000,4751400,"S"
"ITA","10:33:47",7.23,-0.12,100,4742400,"S"
"ITA","10:33:44",7.23,-0.12,1000,4742300,"S"
"ITA","10:33:35",7.23,-0.12,38500,4741300,"B"
"ITA","10:33:35",7.24,-0.11,8600,4702800,"B"
"ITA","10:33:32",7.25,-0.1,1000,4694200,"S"
"ITA","10:33:31",7.24,-0.11,400,4693200,"B"
"ITA","10:33:29",7.25,-0.1,200,4692800,"S"
"ITA","10:33:28",7.25,-0.1,12000,4692600,"S"
"ITA","10:33:19",7.25,-0.1,1000,4680600,"S"
"ITA","10:33:18",7.25,-0.1,300,4679600,"S"
"ITA","10:33:13",7.24,-0.11,24000,4679300,"B"
"ITA","10:33:10",7.25,-0.1,3000,4655300,"S"
"ITA","10:32:46",7.25,-0.1,1000,4652300,"S"
"ITA","10:32:40",7.25,-0.1,5000,4651300,"S"
"ITA","10:32:29",7.25,-0.1,300,4646300,"B"
"ITA","10:32:22",7.25,-0.1,800,4646000,"S"
"ITA","10:31:42",7.25,-0.1,500,4645200,"B"
"ITA","10:31:31",7.25,-0.1,500,4644700,"B"
"ITA","10:31:17",7.23,-0.12,300,4644200,"B"
"ITA","10:31:17",7.24,-0.11,26500,4643900,"B"
"ITA","10:31:17",7.25,-0.1,3200,4617400,"B"
"ITA","10:31:11",7.25,-0.1,20000,4614200,"B"
"ITA","10:31:02",7.25,-0.1,4000,4594200,"B"
"ITA","10:30:41",7.25,-0.1,10000,4590200,"B"
"ITA","10:30:39",7.25,-0.1,2000,4580200,"B"
"ITA","10:30:38",7.25,-0.1,100,4578200,"B"
"ITA","10:30:14",7.25,-0.1,25000,4578100,"B"
"ITA","10:29:59",7.25,-0.1,2200,4553100,"S"
"ITA","10:29:32",7.25,-0.1,2000,4550900,"S"
"ITA","10:29:30",7.25,-0.1,4500,4548900,"S"
"ITA","10:29:14",7.25,-0.1,500,4544400,"S"
"ITA","10:29:02",7.25,-0.1,100,4543900,"S"
"ITA","10:29:00",7.25,-0.1,40900,4543800,"B"
"ITA","10:28:38",7.25,-0.1,500,4502900,"B"
"ITA","10:28:06",7.25,-0.1,29500,4502400,"S"
"ITA","10:28:00",7.25,-0.1,20000,4472900,"S"
"ITA","10:27:56",7.25,-0.1,100,4452900,"S"
"ITA","10:27:55",7.25,-0.1,2000,4452800,"S"
"ITA","10:27:51",7.25,-0.1,1000,4450800,"S"
"ITA","10:27:20",7.25,-0.1,30000,4449800,"S"
"ITA","10:27:17",7.24,-0.11,10000,4419800,"B"
"ITA","10:27:11",7.25,-0.1,2300,4409800,"S"
"ITA","10:27:04",7.25,-0.1,200,4407500,"S"
"ITA","10:27:00",7.25,-0.1,3500,4407300,"S"
"ITA","10:26:58",7.24,-0.11,200,4403800,"B"
"ITA","10:26:38",7.25,-0.1,1000,4403600,"S"
"ITA","10:26:31",7.24,-0.11,4700,4402600,"B"
"ITA","10:26:15",7.24,-0.11,5300,4397900,"B"
"ITA","10:26:14",7.24,-0.11,10000,4392600,"B"
"ITA","10:26:02",7.24,-0.11,3300,4382600,"B"
"ITA","10:25:38",7.25,-0.1,1800,4379300,"S"
"ITA","10:25:20",7.24,-0.11,5000,4377500,"S"
"ITA","10:25:15",7.24,-0.11,500,4372500,"S"
"ITA","10:25:13",7.24,-0.11,100,4372000,"S"
"ITA","10:25:04",7.24,-0.11,1000,4371900,"S"
"ITA","10:25:01",7.24,-0.11,100,4370900,"S"
"ITA","10:24:52",7.24,-0.11,100,4370800,"B"
"ITA","10:24:44",7.25,-0.1,500,4370700,"S"
"ITA","10:24:36",7.23,-0.12,1000,4370200,"B"
"ITA","10:24:34",7.23,-0.12,5200,4369200,"B"
"ITA","10:24:31",7.25,-0.1,7000,4364000,"S"
"ITA","10:24:20",7.23,-0.12,100,4357000,"B"
"ITA","10:24:18",7.24,-0.11,100,4356900,"S"
"ITA","10:24:09",7.23,-0.12,4100,4356800,"B"
"ITA","10:24:07",7.24,-0.11,5000,4352700,"S"
"ITA","10:24:02",7.24,-0.11,100,4347700,"S"
"ITA","10:23:55",7.24,-0.11,2000,4347600,"S"
"ITA","10:23:49",7.24,-0.11,5000,4345600,"S"
"ITA","10:23:40",7.24,-0.11,4100,4340600,"S"
"ITA","10:23:25",7.24,-0.11,100,4336500,"S"
"ITA","10:23:22",7.24,-0.11,5400,4336400,"B"
"ITA","10:23:10",7.24,-0.11,1000,4330800,"B"
"ITA","10:22:54",7.24,-0.11,300,4329800,"B"
"ITA","10:22:49",7.24,-0.11,5000,4329500,"B"
"ITA","10:22:31",7.24,-0.11,5000,4324500,"B"
"ITA","10:22:29",7.25,-0.1,400,4319500,"S"
"ITA","10:22:22",7.25,-0.1,3500,4319100,"S"
"ITA","10:22:14",7.25,-0.1,100,4315600,"S"
"ITA","10:22:05",7.25,-0.1,2900,4315500,"S"
"ITA","10:22:04",7.24,-0.11,2800,4312600,"S"
"ITA","10:21:59",7.24,-0.11,500,4309800,"S"
"ITA","10:21:58",7.24,-0.11,1000,4309300,"S"
"ITA","10:21:57",7.24,-0.11,500,4308300,"B"
"ITA","10:21:52",7.24,-0.11,1000,4307800,"B"
"ITA","10:21:42",7.24,-0.11,2000,4306800,"B"
"ITA","10:21:34",7.25,-0.1,100,4304800,"S"
"ITA","10:21:30",7.25,-0.1,300,4304700,"S"
"ITA","10:21:16",7.25,-0.1,1200,4304400,"S"
"ITA","10:21:11",7.24,-0.11,6300,4303200,"B"
"ITA","10:21:11",7.24,-0.11,7700,4296900,"B"
"ITA","10:21:04",7.25,-0.1,100,4289200,"S"
"ITA","10:21:01",7.25,-0.1,15400,4289100,"B"
"ITA","10:21:00",7.25,-0.1,50000,4273700,"B"
"ITA","10:20:59",7.25,-0.1,1000,4223700,"B"
"ITA","10:20:57",7.26,-0.09,300,4222700,"S"
"ITA","10:20:52",7.25,-0.1,15000,4222400,"B"
"ITA","10:20:51",7.25,-0.1,3000,4207400,"B"
"ITA","10:20:46",7.26,-0.09,3400,4204400,"S"
"ITA","10:20:34",7.26,-0.09,900,4201000,"S"
"ITA","10:20:33",7.25,-0.1,3000,4200100,"B"
"ITA","10:20:33",7.26,-0.09,100,4197100,"S"
"ITA","10:20:31",7.25,-0.1,300,4197000,"B"
"ITA","10:20:24",7.26,-0.09,900,4196700,"S"
"ITA","10:20:23",7.25,-0.1,500,4195800,"B"
"ITA","10:20:16",7.25,-0.1,100,4195300,"B"
"ITA","10:20:05",7.26,-0.09,136500,4195200,"B"
"ITA","10:20:05",7.27,-0.08,12900,4058700,"B"
"ITA","10:20:03",7.27,-0.08,100,4045800,"B"
"ITA","10:20:02",7.27,-0.08,1800,4045700,"B"
"ITA","10:19:53",7.28,-0.07,14300,4043400,"B"
"ITA","10:19:30",7.29,-0.06,1000,4029100,"S"
"ITA","10:19:18",7.29,-0.06,2800,4028100,"B"
"ITA","10:19:16",7.29,-0.06,500,4025300,"B"
"ITA","10:19:05",7.29,-0.06,2000,4024800,"S"
"ITA","10:19:00",7.29,-0.06,100,4022800,"S"
"ITA","10:18:46",7.29,-0.06,100,4022700,"S"
"ITA","10:18:38",7.29,-0.06,800,4022600,"S"
"ITA","10:18:32",7.27,-0.08,16700,4021800,"B"
"ITA","10:18:32",7.29,-0.06,3300,4005100,"B"
"ITA","10:18:29",7.29,-0.06,2100,4001800,"S"
"ITA","10:18:28",7.29,-0.06,1300,3999700,"S"
"ITA","10:18:28",7.28,-0.07,3700,3998400,"S"
"ITA","10:18:27",7.28,-0.07,16300,3994700,"B"
"ITA","10:18:24",7.28,-0.07,1500,3978400,"B"
"ITA","10:18:21",7.29,-0.06,5600,3976900,"S"
"ITA","10:18:16",7.29,-0.06,100,3971300,"S"
"ITA","10:18:14",7.29,-0.06,1000,3971200,"S"
"ITA","10:18:09",7.29,-0.06,800,3970200,"S"
"ITA","10:17:58",7.29,-0.06,1000,3969400,"S"
"ITA","10:17:47",7.29,-0.06,4000,3968400,"B"
"ITA","10:17:39",7.29,-0.06,2000,3964400,"S"
"ITA","10:17:37",7.29,-0.06,100,3962400,"S"
"ITA","10:17:35",7.28,-0.07,1600,3962300,"B"
"ITA","10:17:25",7.29,-0.06,7900,3960700,"B"
"ITA","10:17:24",7.29,-0.06,5000,3952800,"B"
"ITA","10:17:17",7.29,-0.06,500,3947800,"B"
"ITA","10:17:14",7.3,-0.05,500,3947300,"S"
"ITA","10:17:13",7.3,-0.05,12000,3946800,"S"
"ITA","10:17:12",7.3,-0.05,2000,3934800,"S"
"ITA","10:17:00",7.3,-0.05,700,3932800,"S"
"ITA","10:16:53",7.3,-0.05,6000,3932100,"S"
"ITA","10:16:47",7.29,-0.06,2000,3926100,"B"
"ITA","10:16:41",7.3,-0.05,100,3924100,"S"
"ITA","10:16:31",7.3,-0.05,5000,3924000,"S"
"ITA","10:16:26",7.3,-0.05,500,3919000,"S"
"ITA","10:16:24",7.3,-0.05,500,3918500,"S"
"ITA","10:16:22",7.3,-0.05,10000,3918000,"S"
"ITA","10:16:18",7.29,-0.06,600,3908000,"B"
"ITA","10:16:09",7.3,-0.05,500,3907400,"S"
"ITA","10:16:03",7.29,-0.06,100,3906900,"S"
"ITA","10:15:59",7.29,-0.06,1300,3906800,"S"
"ITA","10:15:55",7.29,-0.06,300,3905500,"S"
"ITA","10:15:46",7.29,-0.06,2000,3905200,"S"
"ITA","10:15:45",7.29,-0.06,400,3903200,"S"
"ITA","10:15:43",7.29,-0.06,1200,3902800,"B"
"ITA","10:15:38",7.3,-0.05,2300,3901600,"S"
"ITA","10:15:33",7.3,-0.05,200,3898300,"S"
"ITA","10:15:13",7.29,-0.06,600,3898100,"S"
"ITA","10:15:12",7.29,-0.06,2000,3897500,"S"
"ITA","10:15:11",7.29,-0.06,2200,3895500,"S"
"ITA","10:14:59",7.29,-0.06,1500,3893300,"S"
"ITA","10:14:44",7.28,-0.07,2200,3891800,"S"
"ITA","10:14:43",7.28,-0.07,1000,3889600,"S"
"ITA","10:14:42",7.28,-0.07,5000,3888600,"S"
"ITA","10:14:36",7.28,-0.07,100,3883600,"S"
"ITA","10:14:34",7.28,-0.07,100,3883500,"S"
"ITA","10:14:26",7.28,-0.07,800,3883400,"S"
"ITA","10:14:22",7.28,-0.07,900,3882600,"S"
"ITA","10:14:18",7.28,-0.07,100,3881700,"S"
"ITA","10:14:18",7.27,-0.08,200,3881600,"B"
"ITA","10:14:18",7.28,-0.07,1000,3881400,"S"
"ITA","10:14:17",7.28,-0.07,10000,3880400,"S"
"ITA","10:14:15",7.28,-0.07,2100,3870400,"S"
"ITA","10:14:14",7.28,-0.07,1000,3868300,"S"
"ITA","10:14:14",7.28,-0.07,100,3867300,"S"
"ITA","10:14:07",7.28,-0.07,1000,3867200,"S"
"ITA","10:14:03",7.28,-0.07,10000,3866200,"S"
"ITA","10:13:54",7.27,-0.08,300,3856200,"B"
"ITA","10:13:53",7.27,-0.08,300,3855900,"B"
"ITA","10:13:49",7.27,-0.08,3100,3855600,"S"
"ITA","10:13:48",7.27,-0.08,1500,3852500,"S"
"ITA","10:13:47",7.27,-0.08,10000,3851000,"S"
"ITA","10:13:43",7.27,-0.08,3000,3841000,"S"
"ITA","10:13:41",7.27,-0.08,3600,3838000,"S"
"ITA","10:13:36",7.27,-0.08,800,3834400,"S"
"ITA","10:13:27",7.26,-0.09,100,3833600,"B"
"ITA","10:13:24",7.26,-0.09,18500,3833500,"S"
"ITA","10:13:21",7.26,-0.09,2000,3815000,"S"
"ITA","10:13:07",7.25,-0.1,100,3813000,"B"
"ITA","10:12:41",7.25,-0.1,3600,3812900,"S"
"ITA","10:12:37",7.25,-0.1,100,3809300,"S"
"ITA","10:12:36",7.25,-0.1,100,3809200,"S"
"ITA","10:12:34",7.25,-0.1,1000,3809100,"S"
"ITA","10:12:32",7.25,-0.1,500,3808100,"S"
"ITA","10:12:32",7.24,-0.11,100,3807600,"B"
"ITA","10:12:29",7.24,-0.11,7000,3807500,"B"
"ITA","10:12:23",7.25,-0.1,300,3800500,"S"
"ITA","10:12:18",7.25,-0.1,2000,3800200,"S"
"ITA","10:12:12",7.25,-0.1,500,3798200,"S"
"ITA","10:12:08",7.24,-0.11,1800,3797700,"B"
"ITA","10:12:05",7.25,-0.1,33600,3795900,"S"
"ITA","10:12:05",7.24,-0.11,10500,3762300,"S"
"ITA","10:12:03",7.24,-0.11,1200,3751800,"S"
"ITA","10:12:01",7.24,-0.11,1000,3750600,"S"
"ITA","10:12:01",7.23,-0.12,100,3749600,"B"
"ITA","10:12:01",7.24,-0.11,100,3749500,"S"
"ITA","10:11:57",7.24,-0.11,100,3749400,"S"
"ITA","10:11:56",7.24,-0.11,600,3749300,"S"
"ITA","10:11:52",7.24,-0.11,6500,3748700,"B"
"ITA","10:11:45",7.24,-0.11,3000,3742200,"B"
"ITA","10:11:40",7.25,-0.1,1000,3739200,"S"
"ITA","10:11:37",7.25,-0.1,300,3738200,"S"
"ITA","10:11:33",7.25,-0.1,200,3737900,"S"
"ITA","10:11:30",7.25,-0.1,1600,3737700,"S"
"ITA","10:11:29",7.24,-0.11,7600,3736100,"B"
"ITA","10:11:27",7.25,-0.1,100,3728500,"S"
"ITA","10:11:17",7.24,-0.11,100,3728400,"B"
"ITA","10:11:12",7.25,-0.1,2000,3728300,"S"
"ITA","10:11:10",7.25,-0.1,3900,3726300,"S"
"ITA","10:11:07",7.25,-0.1,100,3722400,"S"
"ITA","10:11:00",7.25,-0.1,10000,3722300,"S"
"ITA","10:10:59",7.24,-0.11,20000,3712300,"B"
"ITA","10:10:44",7.24,-0.11,100,3692300,"B"
"ITA","10:10:39",7.25,-0.1,100,3692200,"S"
"ITA","10:10:24",7.24,-0.11,1100,3692100,"B"
"ITA","10:10:10",7.24,-0.11,1000,3691000,"B"
"ITA","10:09:55",7.25,-0.1,700,3690000,"S"
"ITA","10:09:52",7.25,-0.1,200,3689300,"S"
"ITA","10:09:47",7.25,-0.1,10000,3689100,"B"
"ITA","10:09:47",7.25,-0.1,1000,3679100,"B"
"ITA","10:09:42",7.25,-0.1,42000,3678100,"S"
"ITA","10:09:37",7.25,-0.1,2000,3636100,"S"
"ITA","10:09:36",7.25,-0.1,200,3634100,"S"
"ITA","10:09:32",7.25,-0.1,1000,3633900,"S"
"ITA","10:09:26",7.25,-0.1,2000,3632900,"S"
"ITA","10:09:24",7.25,-0.1,7000,3630900,"S"
"ITA","10:09:06",7.25,-0.1,7300,3623900,"S"
"ITA","10:09:06",7.24,-0.11,15000,3616600,"B"
"ITA","10:08:58",7.24,-0.11,2900,3601600,"S"
"ITA","10:08:50",7.24,-0.11,100,3598700,"B"
"ITA","10:08:47",7.24,-0.11,500,3598600,"S"
"ITA","10:08:47",7.22,-0.13,2400,3598100,"S"
"ITA","10:08:47",7.23,-0.12,700,3595700,"B"
"ITA","10:08:41",7.22,-0.13,4300,3595000,"S"
"ITA","10:08:41",7.22,-0.13,1000,3590700,"S"
"ITA","10:08:39",7.22,-0.13,77700,3589700,"B"
"ITA","10:08:39",7.23,-0.12,17000,3512000,"B"
"ITA","10:08:36",7.24,-0.11,1000,3495000,"S"
"ITA","10:08:31",7.23,-0.12,10300,3494000,"B"
"ITA","10:08:31",7.24,-0.11,9700,3483700,"B"
"ITA","10:08:30",7.24,-0.11,300,3474000,"S"
"ITA","10:08:29",7.24,-0.11,100,3473700,"S"
"ITA","10:08:28",7.24,-0.11,100,3473600,"S"
"ITA","10:08:28",7.24,-0.11,400,3473500,"S"
"ITA","10:08:22",7.23,-0.12,13700,3473100,"B"
"ITA","10:08:21",7.25,-0.1,2400,3459400,"S"
"ITA","10:08:21",7.24,-0.11,12600,3457000,"S"
"ITA","10:08:20",7.24,-0.11,100,3444400,"S"
"ITA","10:08:18",7.23,-0.12,3400,3444300,"B"
"ITA","10:08:16",7.24,-0.11,1000,3440900,"S"
"ITA","10:08:08",7.23,-0.12,100,3439900,"B"
"ITA","10:07:56",7.24,-0.11,3600,3439800,"B"
"ITA","10:07:41",7.24,-0.11,300,3436200,"B"
"ITA","10:07:35",7.24,-0.11,9100,3435900,"S"
"ITA","10:07:34",7.24,-0.11,100,3426800,"S"
"ITA","10:07:33",7.23,-0.12,4300,3426700,"B"
"ITA","10:07:30",7.23,-0.12,200,3422400,"B"
"ITA","10:07:30",7.24,-0.11,200,3422200,"S"
"ITA","10:07:26",7.23,-0.12,19600,3422000,"B"
"ITA","10:07:24",7.24,-0.11,20000,3402400,"S"
"ITA","10:07:18",7.24,-0.11,300,3382400,"S"
"ITA","10:07:13",7.24,-0.11,1000,3382100,"S"
"ITA","10:07:11",7.24,-0.11,200,3381100,"S"
"ITA","10:07:02",7.24,-0.11,5000,3380900,"S"
"ITA","10:06:49",7.24,-0.11,6900,3375900,"S"
"ITA","10:06:33",7.25,-0.1,2300,3369000,"S"
"ITA","10:06:33",7.24,-0.11,3300,3366700,"S"
"ITA","10:06:33",7.23,-0.12,4400,3363400,"S"
"ITA","10:06:30",7.23,-0.12,100,3359000,"S"
"ITA","10:06:29",7.23,-0.12,100,3358900,"S"
"ITA","10:06:28",7.23,-0.12,100,3358800,"S"
"ITA","10:06:27",7.23,-0.12,200,3358700,"S"
"ITA","10:06:26",7.23,-0.12,3000,3358500,"S"
"ITA","10:06:17",7.23,-0.12,100,3355500,"S"
"ITA","10:06:15",7.23,-0.12,600,3355400,"S"
"ITA","10:06:05",7.23,-0.12,11600,3354800,"B"
"ITA","10:05:50",7.23,-0.12,400,3343200,"B"
"ITA","10:05:47",7.24,-0.11,200,3342800,"S"
"ITA","10:05:38",7.22,-0.13,16000,3342600,"B"
"ITA","10:05:35",7.22,-0.13,1000,3326600,"B"
"ITA","10:05:29",7.24,-0.11,300,3323600,"S"
"ITA","10:05:22",7.24,-0.11,1000,3323300,"S"
"ITA","10:05:21",7.24,-0.11,1000,3322300,"S"
"ITA","10:05:17",7.24,-0.11,200,3321300,"B"
"ITA","10:05:12",7.24,-0.11,800,3321100,"S"
"ITA","10:05:08",7.24,-0.11,400,3320300,"S"
"ITA","10:05:00",7.22,-0.13,49900,3319900,"B"
"ITA","10:05:00",7.24,-0.11,100,3270000,"B"
"ITA","10:04:56",7.24,-0.11,1900,3269900,"S"
"ITA","10:04:50",7.24,-0.11,2300,3268000,"S"
"ITA","10:04:47",7.24,-0.11,500,3265700,"S"
"ITA","10:04:38",7.24,-0.11,4000,3265200,"S"
"ITA","10:04:35",7.22,-0.13,5000,3261200,"B"
"ITA","10:04:23",7.22,-0.13,1000,3256200,"B"
"ITA","10:04:22",7.24,-0.11,2000,3255200,"S"
"ITA","10:04:16",7.22,-0.13,200,3253200,"S"
"ITA","10:04:13",7.22,-0.13,100,3253000,"B"
"ITA","10:04:11",7.22,-0.13,400,3252900,"S"
"ITA","10:04:10",7.22,-0.13,100,3252500,"S"
"ITA","10:04:00",7.22,-0.13,200,3252400,"S"
"ITA","10:03:58",7.21,-0.14,1000,3252200,"B"
"ITA","10:03:54",7.22,-0.13,100,3251200,"S"
"ITA","10:03:48",7.21,-0.14,400,3251100,"B"
"ITA","10:03:41",7.21,-0.14,5600,3250700,"B"
"ITA","10:03:40",7.22,-0.13,300,3245100,"S"
"ITA","10:03:33",7.2,-0.15,7000,3244800,"B"
"ITA","10:03:32",7.2,-0.15,14800,3237800,"B"
"ITA","10:03:32",7.21,-0.14,200,3223000,"B"
"ITA","10:03:30",7.21,-0.14,17500,3222800,"S"
"ITA","10:03:29",7.21,-0.14,200,3205300,"S"
"ITA","10:03:26",7.21,-0.14,7000,3205100,"S"
"ITA","10:03:22",7.21,-0.14,1000,3198100,"S"
"ITA","10:03:21",7.21,-0.14,2000,3197100,"S"
"ITA","10:03:17",7.2,-0.15,200,3195100,"B"
"ITA","10:03:17",7.21,-0.14,100,3194900,"S"
"ITA","10:03:17",7.2,-0.15,3000,3194800,"B"
"ITA","10:03:16",7.2,-0.15,600,3191800,"B"
"ITA","10:03:12",7.21,-0.14,300,3191200,"S"
"ITA","10:03:06",7.2,-0.15,2000,3190900,"B"
"ITA","10:03:02",7.21,-0.14,5000,3188900,"S"
"ITA","10:03:02",7.2,-0.15,2000,3183900,"B"
"ITA","10:03:01",7.2,-0.15,11400,3181900,"B"
"ITA","10:03:01",7.21,-0.14,300,3170500,"S"
"ITA","10:03:00",7.2,-0.15,200,3170200,"B"
"ITA","10:02:59",7.2,-0.15,200,3170000,"B"
"ITA","10:02:51",7.2,-0.15,1500,3169800,"B"
"ITA","10:02:48",7.21,-0.14,300,3168300,"S"
"ITA","10:02:48",7.2,-0.15,1000,3168000,"B"
"ITA","10:02:41",7.21,-0.14,200,3167000,"S"
"ITA","10:02:36",7.21,-0.14,2300,3166800,"B"
"ITA","10:02:36",7.22,-0.13,18800,3164500,"B"
"ITA","10:02:33",7.24,-0.11,2500,3145700,"S"
"ITA","10:02:33",7.23,-0.12,1500,3143200,"S"
"ITA","10:02:26",7.22,-0.13,800,3141700,"B"
"ITA","10:02:22",7.22,-0.13,500,3140900,"B"
"ITA","10:02:21",7.22,-0.13,3000,3140400,"B"
"ITA","10:02:20",7.22,-0.13,1000,3137400,"B"
"ITA","10:02:12",7.22,-0.13,500,3136400,"B"
"ITA","10:02:10",7.22,-0.13,2000,3135900,"B"
"ITA","10:02:09",7.24,-0.11,100,3133900,"S"
"ITA","10:01:59",7.24,-0.11,500,3133800,"S"
"ITA","10:01:56",7.24,-0.11,200,3133300,"B"
"ITA","10:01:50",7.25,-0.1,5000,3132100,"S"
"ITA","10:01:46",7.25,-0.1,500,3127100,"S"
"ITA","10:01:44",7.25,-0.1,300,3126600,"S"
"ITA","10:01:41",7.25,-0.1,34700,3126300,"B"
"ITA","10:01:37",7.25,-0.1,1400,3091600,"B"
"ITA","10:01:37",7.26,-0.09,3600,3090200,"B"
"ITA","10:01:31",7.26,-0.09,100,3086600,"B"
"ITA","10:01:26",7.27,-0.08,200,3086500,"S"
"ITA","10:01:23",7.27,-0.08,500,3086300,"S"
"ITA","10:01:21",7.27,-0.08,800,3085800,"S"
"ITA","10:01:19",7.27,-0.08,300,3085000,"S"
"ITA","10:01:16",7.27,-0.08,100,3084700,"S"
"ITA","10:01:15",7.27,-0.08,1600,3084600,"B"
"ITA","10:01:12",7.27,-0.08,3000,3083000,"B"
"ITA","10:01:04",7.28,-0.07,2200,3080000,"B"
"ITA","10:00:53",7.28,-0.07,23000,3077800,"B"
"ITA","10:00:45",7.28,-0.07,700,3054800,"B"
"ITA","10:00:44",7.28,-0.07,2000,3054100,"B"
"ITA","10:00:44",7.28,-0.07,5000,3052100,"B"
"ITA","10:00:39",7.29,-0.06,3000,3047100,"S"
"ITA","10:00:33",7.28,-0.07,7800,3044100,"B"
"ITA","10:00:30",7.29,-0.06,2000,3036300,"S"
"ITA","10:00:25",7.29,-0.06,500,3034300,"S"
"ITA","10:00:23",7.29,-0.06,700,3033800,"B"
"ITA","10:00:08",7.3,-0.05,500,3033100,"S"
"ITA","10:00:08",7.29,-0.06,500,3032600,"S"
"ITA","09:59:56",7.29,-0.06,300,3032100,"B"
"ITA","09:59:54",7.3,-0.05,3000,3031800,"S"
"ITA","09:59:53",7.3,-0.05,11100,3028800,"B"
"ITA","09:59:49",7.3,-0.05,32000,3017700,"B"
"ITA","09:59:49",7.31,-0.04,36000,2985700,"S"
"ITA","09:59:48",7.3,-0.05,1400,2949700,"B"
"ITA","09:59:47",7.31,-0.04,13900,2948300,"S"
"ITA","09:59:39",7.3,-0.05,3000,2934400,"B"
"ITA","09:59:34",7.3,-0.05,33200,2931400,"S"
"ITA","09:59:25",7.31,-0.04,100,2898200,"S"
"ITA","09:59:23",7.29,-0.06,30000,2898100,"B"
"ITA","09:59:15",7.3,-0.05,100,2868100,"B"
"ITA","09:59:13",7.3,-0.05,400,2868000,"B"
"ITA","09:59:09",7.3,-0.05,3000,2867600,"B"
"ITA","09:59:08",7.3,-0.05,7000,2864600,"B"
"ITA","09:59:05",7.3,-0.05,500,2857600,"B"
"ITA","09:58:54",7.3,-0.05,2200,2857100,"S"
"ITA","09:58:53",7.3,-0.05,300,2854900,"S"
"ITA","09:58:50",7.3,-0.05,500,2854600,"S"
"ITA","09:58:44",7.29,-0.06,7000,2854100,"S"
"ITA","09:58:43",7.29,-0.06,1000,2847100,"S"
"ITA","09:58:35",7.29,-0.06,2000,2846100,"B"
"ITA","09:58:34",7.3,-0.05,200,2844100,"S"
"ITA","09:58:32",7.3,-0.05,200,2843900,"S"
"ITA","09:58:29",7.3,-0.05,7600,2843700,"B"
"ITA","09:58:28",7.3,-0.05,1400,2836100,"B"
"ITA","09:58:26",7.3,-0.05,2000,2834700,"B"
"ITA","09:58:20",7.3,-0.05,500,2832700,"B"
"ITA","09:58:13",7.3,-0.05,100,2832200,"B"
"ITA","09:58:09",7.3,-0.05,1000,2832100,"B"
"ITA","09:58:02",7.3,-0.05,1500,2831100,"B"
"ITA","09:57:59",7.3,-0.05,600,2829600,"B"
"ITA","09:57:52",7.3,-0.05,1100,2829000,"S"
"ITA","09:57:50",7.3,-0.05,2500,2827900,"S"
"ITA","09:57:46",7.3,-0.05,2000,2825400,"S"
"ITA","09:57:44",7.3,-0.05,100,2823400,"S"
"ITA","09:57:41",7.3,-0.05,8000,2823300,"S"
"ITA","09:57:38",7.3,-0.05,100,2815300,"S"
"ITA","09:57:37",7.3,-0.05,1000,2815200,"S"
"ITA","09:57:31",7.3,-0.05,1000,2814200,"S"
"ITA","09:57:22",7.3,-0.05,1000,2813200,"S"
"ITA","09:57:19",7.3,-0.05,8200,2812200,"B"
"ITA","09:57:17",7.3,-0.05,1500,2804000,"B"
"ITA","09:57:13",7.3,-0.05,500,2802500,"S"
"ITA","09:57:10",7.3,-0.05,1100,2802000,"S"
"ITA","09:57:09",7.3,-0.05,900,2800900,"S"
"ITA","09:57:07",7.3,-0.05,400,2800000,"S"
"ITA","09:57:07",7.3,-0.05,100,2799600,"S"
"ITA","09:57:00",7.3,-0.05,1000,2799500,"S"
"ITA","09:56:56",7.3,-0.05,100,2798500,"S"
"ITA","09:56:55",7.3,-0.05,1900,2798400,"S"
"ITA","09:56:49",7.3,-0.05,2500,2796500,"S"
"ITA","09:56:48",7.3,-0.05,100,2794000,"S"
"ITA","09:56:45",7.3,-0.05,200,2793900,"S"
"ITA","09:56:44",7.3,-0.05,100000,2793700,"S"
"ITA","09:56:41",7.3,-0.05,1000,2693700,"S"
"ITA","09:56:36",7.3,-0.05,28000,2692700,"S"
"ITA","09:56:34",7.3,-0.05,10000,2664700,"S"
"ITA","09:56:33",7.3,-0.05,2000,2654700,"S"
"ITA","09:56:30",7.27,-0.08,300,2652700,"B"
"ITA","09:56:30",7.28,-0.07,200,2652400,"B"
"ITA","09:56:29",7.3,-0.05,600,2652200,"S"
"ITA","09:56:25",7.3,-0.05,1000,2651600,"S"
"ITA","09:56:25",7.3,-0.05,100,2650600,"S"
"ITA","09:56:18",7.3,-0.05,54100,2650500,"B"
"ITA","09:56:07",7.3,-0.05,3000,2596400,"B"
"ITA","09:56:07",7.31,-0.04,1000,2593400,"B"
"ITA","09:56:05",7.3,-0.05,2500,2592400,"B"
"ITA","09:56:05",7.31,-0.04,400,2589900,"B"
"ITA","09:56:05",7.33,-0.02,2100,2589500,"B"
"ITA","09:55:53",7.3,-0.05,3900,2587400,"B"
"ITA","09:55:53",7.31,-0.04,100,2583500,"B"
"ITA","09:55:51",7.37,0.02,800,2583400,"B"
"ITA","09:55:39",7.3,-0.05,200,2582600,"B"
"ITA","09:55:39",7.32,-0.03,100,2582400,"B"
"ITA","09:55:39",7.36,0.01,5700,2582300,"B"
"ITA","09:55:38",7.37,0.02,1000,2576600,"S"
"ITA","09:55:34",7.35,0,8200,2575600,"S"
"ITA","09:55:34",7.34,-0.01,2900,2567400,"S"
"ITA","09:55:34",7.33,-0.02,1300,2564500,"S"
"ITA","09:55:34",7.32,-0.03,800,2563200,"S"
"ITA","09:55:26",7.3,-0.05,500,2562400,"B"
"ITA","09:55:22",7.3,-0.05,3000,2561900,"B"
"ITA","09:55:19",7.3,-0.05,1000,2558900,"B"
"ITA","09:55:08",7.3,-0.05,2000,2557900,"S"
"ITA","09:54:57",7.3,-0.05,100,2555900,"S"
"ITA","09:54:53",7.3,-0.05,2000,2555800,"S"
"ITA","09:54:50",7.3,-0.05,10000,2553800,"S"
"ITA","09:54:48",7.3,-0.05,600,2543800,"S"
"ITA","09:54:43",7.3,-0.05,100,2543200,"S"
"ITA","09:54:32",7.3,-0.05,1900,2543100,"B"
"ITA","09:54:30",7.3,-0.05,1000,2541200,"B"
"ITA","09:54:22",7.3,-0.05,7900,2540200,"S"
"ITA","09:54:17",7.22,-0.13,1200,2532300,"B"
"ITA","09:54:17",7.23,-0.12,800,2531100,"B"
"ITA","09:54:14",7.23,-0.12,400,2530300,"B"
