"symbol","time","price","change","vol","total","side"
"MSN","14:45:01",63.5,1.4,297000,3977500,
"MSN","14:29:41",63,0.9,100,3680500,"B"
"MSN","14:29:35",63.1,1,4100,3680400,"S"
"MSN","14:29:35",63,0.9,1300,3676300,"S"
"MSN","14:29:34",63,0.9,1000,3675000,"S"
"MSN","14:29:26",63,0.9,100,3674000,"S"
"MSN","14:29:23",63,0.9,200,3673900,"S"
"MSN","14:29:22",63,0.9,3600,3673700,"B"
"MSN","14:29:20",63.1,1,3100,3670100,"S"
"MSN","14:29:19",63,0.9,1100,3667000,"B"
"MSN","14:29:16",63,0.9,300,3665900,"B"
"MSN","14:29:01",63,0.9,500,3665600,"B"
"MSN","14:28:58",63.1,1,1000,3665100,"S"
"MSN","14:28:56",63.1,1,2200,3664100,"B"
"MSN","14:28:55",63.1,1,400,3661900,"B"
"MSN","14:28:53",63.1,1,500,3661500,"B"
"MSN","14:28:50",63.1,1,500,3661000,"B"
"MSN","14:28:49",63.1,1,500,3660500,"B"
"MSN","14:28:41",63.1,1,2000,3660000,"B"
"MSN","14:28:40",63.1,1,100,3658000,"B"
"MSN","14:28:38",63.1,1,500,3657900,"B"
"MSN","14:28:34",63.1,1,1600,3657400,"B"
"MSN","14:28:29",63.1,1,100,3655800,"B"
"MSN","14:28:28",63.2,1.1,100,3655700,"S"
"MSN","14:28:28",63.1,1,100,3655600,"B"
"MSN","14:28:27",63.1,1,500,3655500,"B"
"MSN","14:28:22",63.1,1,100,3655000,"B"
"MSN","14:28:20",63.1,1,500,3654900,"B"
"MSN","14:28:18",63.1,1,100,3654400,"B"
"MSN","14:28:17",63.1,1,1000,3654300,"B"
"MSN","14:28:14",63.1,1,100,3653300,"B"
"MSN","14:28:13",63.2,1.1,1100,3653200,"S"
"MSN","14:28:13",63.1,1,1000,3652100,"B"
"MSN","14:28:09",63.1,1,300,3651100,"B"
"MSN","14:28:07",63.1,1,500,3650800,"S"
"MSN","14:28:04",63,0.9,2000,3650300,"B"
"MSN","14:27:59",62.9,0.8,400,3648300,"B"
"MSN","14:27:59",63.1,1,900,3647600,"B"
"MSN","14:27:57",63.1,1,200,3646700,"B"
"MSN","14:27:56",63.1,1,900,3646500,"S"
"MSN","14:27:49",63.1,1,2000,3645600,"S"
"MSN","14:27:46",63,0.9,1500,3643600,"B"
"MSN","14:27:44",63,0.9,200,3642100,"B"
"MSN","14:27:39",63,0.9,2000,3641900,"B"
"MSN","14:27:24",63,0.9,3900,3639900,"S"
"MSN","14:27:21",62.9,0.8,1000,3636000,"B"
"MSN","14:27:19",63,0.9,400,3635000,"S"
"MSN","14:27:05",62.9,0.8,500,3634600,"B"
"MSN","14:27:00",63,0.9,1100,3634100,"B"
"MSN","14:26:59",63.1,1,200,3633000,"B"
"MSN","14:26:51",63.1,1,400,3632800,"S"
"MSN","14:26:47",63.1,1,1100,3632400,"S"
"MSN","14:26:43",63.1,1,500,3631300,"S"
"MSN","14:26:27",63,0.9,100,3630800,"B"
"MSN","14:26:24",63,0.9,500,3630700,"B"
"MSN","14:26:19",63,0.9,1000,3630200,"B"
"MSN","14:26:17",63,0.9,100,3629200,"B"
"MSN","14:26:12",63,0.9,100,3629100,"B"
"MSN","14:26:01",63,0.9,200,3629000,"B"
"MSN","14:25:58",63,0.9,5000,3628800,"B"
"MSN","14:25:52",63,0.9,1900,3623800,"S"
"MSN","14:25:44",63,0.9,700,3621900,"S"
"MSN","14:25:41",63,0.9,200,3621200,"S"
"MSN","14:25:40",63,0.9,3000,3621000,"B"
"MSN","14:25:33",63.2,1.1,300,3618000,"S"
"MSN","14:25:30",63.2,1.1,800,3617700,"S"
"MSN","14:25:29",63.2,1.1,1100,3616900,"S"
"MSN","14:25:26",63.2,1.1,800,3615800,"S"
"MSN","14:25:25",63.2,1.1,100,3615000,"B"
"MSN","14:25:23",63.2,1.1,700,3614900,"B"
"MSN","14:25:20",63.2,1.1,200,3614200,"B"
"MSN","14:25:17",63.2,1.1,1000,3614000,"S"
"MSN","14:25:16",63.2,1.1,9000,3613000,"S"
"MSN","14:25:15",63.1,1,100,3604000,"S"
"MSN","14:25:15",63,0.9,800,3603900,"S"
"MSN","14:25:15",63,0.9,200,3603100,"S"
"MSN","14:25:14",63,0.9,100,3602900,"S"
"MSN","14:25:13",63,0.9,500,3602800,"S"
"MSN","14:25:12",63,0.9,300,3602300,"B"
"MSN","14:25:12",63.1,1,1100,3602000,"B"
"MSN","14:25:10",63.1,1,3900,3600900,"S"
"MSN","14:25:04",63.1,1,800,3597000,"S"
"MSN","14:25:02",63.1,1,200,3596200,"S"
"MSN","14:25:00",63.1,1,100,3596000,"S"
"MSN","14:24:59",63.1,1,100,3595900,"S"
"MSN","14:24:56",63.1,1,2100,3595800,"S"
"MSN","14:24:55",63.1,1,300,3593700,"B"
"MSN","14:24:55",63.2,1.1,3300,3593400,"S"
"MSN","14:24:53",63.1,1,4700,3590100,"S"
"MSN","14:24:50",63.1,1,500,3585400,"S"
"MSN","14:24:49",63.1,1,2200,3584900,"S"
"MSN","14:24:48",63.1,1,1700,3582700,"S"
"MSN","14:24:48",63,0.9,1400,3581000,"S"
"MSN","14:24:47",63,0.9,100,3579600,"B"
"MSN","14:24:45",63.1,1,3300,3579500,"S"
"MSN","14:24:45",63.1,1,900,3576200,"S"
"MSN","14:24:44",63.1,1,3800,3575300,"S"
"MSN","14:24:42",63.1,1,2200,3571500,"S"
"MSN","14:24:40",63,0.9,900,3569300,"S"
"MSN","14:24:38",63,0.9,1600,3568400,"S"
"MSN","14:24:37",63,0.9,3400,3566800,"S"
"MSN","14:24:36",63,0.9,2000,3563400,"S"
"MSN","14:24:34",63,0.9,3300,3561400,"S"
"MSN","14:24:32",63,0.9,1100,3558100,"S"
"MSN","14:24:29",62.9,0.8,3300,3557000,"S"
"MSN","14:24:28",62.9,0.8,600,3553700,"S"
"MSN","14:24:24",62.9,0.8,2100,3553100,"S"
"MSN","14:24:24",63,0.9,2200,3551000,"S"
"MSN","14:24:23",62.9,0.8,3300,3548800,"S"
"MSN","14:24:20",62.9,0.8,1900,3545500,"B"
"MSN","14:24:20",63,0.9,8100,3543600,"S"
"MSN","14:24:15",62.9,0.8,1400,3535500,"S"
"MSN","14:24:15",62.7,0.6,400,3534100,"B"
"MSN","14:24:15",62.8,0.7,200,3533700,"B"
"MSN","14:24:14",62.9,0.8,100,3533500,"S"
"MSN","14:24:13",62.9,0.8,4200,3533400,"S"
"MSN","14:24:11",62.9,0.8,4400,3529200,"B"
"MSN","14:24:10",62.9,0.8,2000,3524800,"B"
"MSN","14:24:03",63,0.9,3300,3522800,"S"
"MSN","14:24:02",63,0.9,100,3519500,"S"
"MSN","14:23:58",62.9,0.8,300,3519400,"B"
"MSN","14:23:55",63,0.9,600,3519100,"S"
"MSN","14:23:52",62.9,0.8,600,3518500,"B"
"MSN","14:23:51",63,0.9,3300,3517900,"S"
"MSN","14:23:49",63,0.9,7200,3514600,"S"
"MSN","14:23:48",62.9,0.8,2300,3507400,"S"
"MSN","14:23:47",62.9,0.8,2200,3505100,"S"
"MSN","14:23:43",62.9,0.8,100,3502900,"S"
"MSN","14:23:42",62.9,0.8,100,3502800,"S"
"MSN","14:23:40",62.9,0.8,300,3502700,"S"
"MSN","14:23:37",62.9,0.8,100,3502400,"B"
"MSN","14:23:29",63,0.9,500,3502300,"S"
"MSN","14:23:28",62.9,0.8,1500,3501800,"B"
"MSN","14:23:26",63,0.9,2000,3500300,"S"
"MSN","14:23:26",62.9,0.8,400,3498300,"B"
"MSN","14:23:24",63,0.9,200,3497900,"S"
"MSN","14:23:18",63,0.9,4800,3497700,"S"
"MSN","14:23:18",62.9,0.8,2400,3492900,"S"
"MSN","14:23:08",62.9,0.8,100,3490500,"S"
"MSN","14:23:00",62.6,0.5,5300,3490400,"B"
"MSN","14:22:50",62.9,0.8,3700,3485100,"S"
"MSN","14:22:48",62.9,0.8,400,3481400,"S"
"MSN","14:22:47",62.9,0.8,1300,3481000,"S"
"MSN","14:22:47",62.8,0.7,3500,3479700,"S"
"MSN","14:22:47",62.7,0.6,2000,3476200,"S"
"MSN","14:22:45",62.6,0.5,2000,3474200,"S"
"MSN","14:22:43",62.6,0.5,5900,3472200,"S"
"MSN","14:22:39",62.6,0.5,2300,3466300,"S"
"MSN","14:22:37",62.6,0.5,1000,3464000,"S"
"MSN","14:22:36",62.6,0.5,3300,3463000,"S"
"MSN","14:22:32",62.6,0.5,3000,3459700,"S"
"MSN","14:22:29",62.6,0.5,100,3456700,"S"
"MSN","14:22:28",62.6,0.5,100,3456600,"S"
"MSN","14:22:24",62.6,0.5,2700,3456500,"S"
"MSN","14:22:24",62.6,0.5,100,3453800,"S"
"MSN","14:22:17",62.8,0.7,900,3453700,"S"
"MSN","14:22:17",62.7,0.6,1300,3452800,"S"
"MSN","14:22:16",62.7,0.6,5900,3451500,"S"
"MSN","14:22:16",62.6,0.5,11300,3445600,"S"
"MSN","14:22:13",62.6,0.5,3800,3434300,"S"
"MSN","14:22:13",62.5,0.4,9500,3430500,"B"
"MSN","14:22:11",62.6,0.5,200,3420500,"S"
"MSN","14:22:10",62.6,0.5,1500,3420300,"S"
"MSN","14:22:09",62.6,0.5,200,3418800,"S"
"MSN","14:22:08",62.6,0.5,4500,3418600,"S"
"MSN","14:22:01",62.7,0.6,1200,3414100,"S"
"MSN","14:22:01",62.6,0.5,1000,3412900,"S"
"MSN","14:22:01",62.5,0.4,2900,3411900,"S"
"MSN","14:22:00",62.5,0.4,100,3409000,"S"
"MSN","14:21:59",62.5,0.4,23300,3408900,"S"
"MSN","14:21:58",62.5,0.4,15000,3385600,"S"
"MSN","14:21:55",62.5,0.4,5000,3370600,"S"
"MSN","14:21:55",62.4,0.3,800,3365600,"B"
"MSN","14:21:54",62.5,0.4,2400,3364800,"S"
"MSN","14:21:51",62.5,0.4,2200,3362400,"S"
"MSN","14:21:48",62.5,0.4,3300,3360200,"S"
"MSN","14:21:45",62.5,0.4,7200,3356900,"S"
"MSN","14:21:44",62.3,0.2,100,3349700,"B"
"MSN","14:21:43",62.5,0.4,1500,3349600,"S"
"MSN","14:21:43",62.4,0.3,1900,3348100,"S"
"MSN","14:21:42",62.4,0.3,5000,3346200,"S"
"MSN","14:21:40",62.4,0.3,3200,3341200,"S"
"MSN","14:21:39",62.4,0.3,700,3338000,"S"
"MSN","14:21:38",62.4,0.3,2000,3337300,"S"
"MSN","14:21:37",62.4,0.3,3400,3335300,"S"
"MSN","14:21:33",62.4,0.3,2300,3331900,"S"
"MSN","14:21:32",62.4,0.3,1000,3329600,"S"
"MSN","14:21:31",62.4,0.3,10400,3328600,"S"
"MSN","14:21:26",62.4,0.3,3300,3318200,"S"
"MSN","14:21:23",62.4,0.3,300,3314900,"S"
"MSN","14:21:22",62.3,0.2,600,3314600,"B"
"MSN","14:21:21",62.4,0.3,2500,3314000,"S"
"MSN","14:21:19",62.4,0.3,100,3311500,"S"
"MSN","14:21:14",62.4,0.3,7200,3311400,"S"
"MSN","14:21:00",62.4,0.3,2000,3304200,"S"
"MSN","14:20:59",62.4,0.3,1000,3302200,"S"
"MSN","14:20:43",62.4,0.3,6300,3301200,"S"
"MSN","14:20:40",62.3,0.2,500,3294900,"B"
"MSN","14:20:10",62.4,0.3,1100,3294400,"S"
"MSN","14:19:59",62.4,0.3,500,3293300,"S"
"MSN","14:19:56",62.3,0.2,500,3292800,"B"
"MSN","14:19:35",62.3,0.2,100,3292300,"B"
"MSN","14:19:18",62.3,0.2,6600,3292200,"B"
"MSN","14:19:15",62.3,0.2,500,3285600,"B"
"MSN","14:19:09",62.3,0.2,1000,3285100,"B"
"MSN","14:18:33",62.3,0.2,600,3284100,"B"
"MSN","14:18:22",62.4,0.3,1500,3283500,"S"
"MSN","14:18:16",62.4,0.3,100,3282000,"S"
"MSN","14:18:11",62.4,0.3,400,3281900,"S"
"MSN","14:17:51",62.4,0.3,5500,3281500,"S"
"MSN","14:17:49",62.4,0.3,2100,3276000,"S"
"MSN","14:17:45",62.4,0.3,1100,3273900,"S"
"MSN","14:17:42",62.4,0.3,2400,3272800,"S"
"MSN","14:17:40",62.4,0.3,3600,3270400,"S"
"MSN","14:17:36",62.4,0.3,1100,3266800,"S"
"MSN","14:17:31",62.4,0.3,2300,3265700,"S"
"MSN","14:17:30",62.4,0.3,1100,3263400,"S"
"MSN","14:17:29",62.3,0.2,200,3262300,"B"
"MSN","14:17:28",62.4,0.3,3300,3262100,"S"
"MSN","14:17:27",62.3,0.2,100,3258800,"B"
"MSN","14:17:23",62.4,0.3,800,3258700,"S"
"MSN","14:17:23",62.3,0.2,1700,3257900,"S"
"MSN","14:17:17",62.2,0.1,100,3256200,"B"
"MSN","14:17:10",62.2,0.1,500,3256100,"B"
"MSN","14:17:02",62.3,0.2,3000,3255600,"S"
"MSN","14:16:58",62.3,0.2,500,3252600,"S"
"MSN","14:16:56",62.3,0.2,200,3252100,"S"
"MSN","14:16:50",62.3,0.2,5200,3251900,"B"
"MSN","14:16:36",62.3,0.2,1000,3246700,"B"
"MSN","14:16:27",62.3,0.2,500,3245700,"B"
"MSN","14:15:47",62.3,0.2,1100,3245200,"S"
"MSN","14:15:44",62.3,0.2,1600,3244100,"B"
"MSN","14:15:43",62.3,0.2,900,3242500,"B"
"MSN","14:15:31",62.3,0.2,6200,3241600,"B"
"MSN","14:15:27",62.4,0.3,200,3235400,"S"
"MSN","14:15:18",62.3,0.2,100,3235200,"B"
"MSN","14:15:04",62.3,0.2,600,3235100,"B"
"MSN","14:14:35",62.3,0.2,300,3234500,"S"
"MSN","14:14:29",62.3,0.2,2000,3234200,"S"
"MSN","14:14:26",62.3,0.2,500,3232200,"S"
"MSN","14:14:23",62.2,0.1,500,3231700,"B"
"MSN","14:14:22",62.3,0.2,1000,3231200,"S"
"MSN","14:14:16",62.3,0.2,1000,3230200,"S"
"MSN","14:14:15",62.3,0.2,500,3229200,"S"
"MSN","14:14:14",62.3,0.2,1000,3228700,"B"
"MSN","14:14:09",62.3,0.2,300,3227700,"S"
"MSN","14:14:08",62.3,0.2,500,3227400,"S"
"MSN","14:14:02",62.3,0.2,100,3226900,"S"
"MSN","14:13:57",62.3,0.2,100,3226800,"B"
"MSN","14:13:53",62.3,0.2,2400,3226700,"B"
"MSN","14:13:53",62.3,0.2,700,3224300,"B"
"MSN","14:13:51",62.3,0.2,1900,3223600,"B"
"MSN","14:13:50",62.3,0.2,1200,3221700,"B"
"MSN","14:13:37",62.3,0.2,600,3220500,"B"
"MSN","14:13:27",62.3,0.2,1000,3219900,"B"
"MSN","14:13:21",62.3,0.2,5000,3218900,"B"
"MSN","14:13:10",62.3,0.2,100,3213900,"B"
"MSN","14:13:09",62.4,0.3,400,3213800,"S"
"MSN","14:13:04",62.4,0.3,2500,3213400,"S"
"MSN","14:12:54",62.3,0.2,500,3210900,"B"
"MSN","14:12:38",62.3,0.2,2100,3210400,"B"
"MSN","14:12:21",62.3,0.2,700,3208300,"S"
"MSN","14:12:17",62.3,0.2,1300,3207600,"B"
"MSN","14:12:11",62.3,0.2,500,3206300,"B"
"MSN","14:11:52",62.3,0.2,100,3205800,"S"
"MSN","14:11:48",62.3,0.2,1000,3205700,"S"
"MSN","14:11:39",62.3,0.2,1800,3204700,"B"
"MSN","14:11:39",62.3,0.2,3300,3202900,"B"
"MSN","14:11:37",62.3,0.2,6200,3199600,"B"
"MSN","14:11:32",62.4,0.3,700,3193400,"S"
"MSN","14:11:30",62.3,0.2,500,3192700,"B"
"MSN","14:11:24",62.4,0.3,3300,3192200,"S"
"MSN","14:11:01",62.3,0.2,100,3188900,"B"
"MSN","14:10:51",62.3,0.2,100,3188800,"B"
"MSN","14:10:48",62.3,0.2,500,3188700,"B"
"MSN","14:10:45",62.3,0.2,4000,3188200,"B"
"MSN","14:10:42",62.3,0.2,300,3184200,"B"
"MSN","14:10:37",62.3,0.2,2100,3183900,"S"
"MSN","14:10:36",62.2,0.1,400,3181800,"B"
"MSN","14:10:33",62.2,0.1,2200,3181400,"B"
"MSN","14:10:31",62.3,0.2,100,3179200,"S"
"MSN","14:10:29",62.3,0.2,3600,3179100,"B"
"MSN","14:10:28",62.3,0.2,400,3175500,"B"
"MSN","14:10:20",62.3,0.2,6200,3175100,"B"
"MSN","14:10:17",62.3,0.2,6200,3168900,"B"
"MSN","14:10:09",62.4,0.3,100,3162700,"S"
"MSN","14:10:07",62.3,0.2,600,3162600,"B"
"MSN","14:10:03",62.4,0.3,1600,3162000,"S"
"MSN","14:09:59",62.3,0.2,500,3160400,"B"
"MSN","14:09:55",62.3,0.2,2000,3159900,"B"
"MSN","14:09:51",62.3,0.2,1500,3157900,"B"
"MSN","14:09:50",62.3,0.2,4700,3156400,"B"
"MSN","14:09:46",62.4,0.3,1100,3151700,"S"
"MSN","14:09:44",62.3,0.2,7000,3150600,"B"
"MSN","14:09:40",62.3,0.2,500,3143600,"B"
"MSN","14:09:39",62.3,0.2,13300,3143100,"B"
"MSN","14:09:35",62.4,0.3,200,3129800,"S"
"MSN","14:09:31",62.3,0.2,800,3129600,"B"
"MSN","14:09:25",62.3,0.2,500,3128800,"B"
"MSN","14:09:14",62.4,0.3,100,3128300,"S"
"MSN","14:08:56",62.3,0.2,600,3128200,"B"
"MSN","14:08:52",62.3,0.2,100,3127600,"B"
"MSN","14:08:42",62.3,0.2,4700,3127500,"B"
"MSN","14:08:42",62.4,0.3,300,3122800,"S"
"MSN","14:08:40",62.4,0.3,3000,3122500,"S"
"MSN","14:08:32",62.4,0.3,200,3119500,"S"
"MSN","14:08:21",62.4,0.3,1400,3119300,"B"
"MSN","14:08:12",62.4,0.3,8600,3117900,"S"
"MSN","14:08:08",62.3,0.2,2100,3109300,"B"
"MSN","14:08:00",62.3,0.2,500,3107200,"B"
"MSN","14:07:56",62.3,0.2,2100,3106700,"B"
"MSN","14:07:54",62.4,0.3,400,3104600,"B"
"MSN","14:07:53",62.4,0.3,800,3104200,"B"
"MSN","14:07:50",62.4,0.3,800,3103400,"S"
"MSN","14:07:42",62.3,0.2,2100,3102600,"B"
"MSN","14:07:31",62.4,0.3,800,3100500,"B"
"MSN","14:07:27",62.4,0.3,6200,3099700,"B"
"MSN","14:07:19",62.4,0.3,600,3093500,"B"
"MSN","14:07:13",62.5,0.4,2000,3092900,"S"
"MSN","14:07:07",62.5,0.4,3100,3090900,"S"
"MSN","14:07:03",62.4,0.3,2000,3087800,"B"
"MSN","14:07:01",62.5,0.4,2000,3085800,"S"
"MSN","14:07:00",62.4,0.3,3100,3083800,"B"
"MSN","14:06:58",62.4,0.3,3100,3080700,"B"
"MSN","14:06:56",62.5,0.4,100,3077600,"S"
"MSN","14:06:46",62.4,0.3,500,3077500,"B"
"MSN","14:06:44",62.4,0.3,100,3077000,"B"
"MSN","14:06:37",62.4,0.3,500,3076900,"B"
"MSN","14:06:19",62.4,0.3,200,3076400,"B"
"MSN","14:05:56",62.4,0.3,500,3076200,"B"
"MSN","14:05:26",62.4,0.3,1000,3075700,"B"
"MSN","14:05:14",62.4,0.3,500,3074700,"B"
"MSN","14:05:13",62.5,0.4,100,3074200,"S"
"MSN","14:05:12",62.5,0.4,100,3074100,"S"
"MSN","14:05:00",62.5,0.4,7800,3074000,"B"
"MSN","14:04:58",62.5,0.4,2400,3066200,"B"
"MSN","14:04:54",62.5,0.4,20000,3063800,"B"
"MSN","14:04:34",62.5,0.4,200,3043800,"B"
"MSN","14:04:34",62.5,0.4,500,3043600,"B"
"MSN","14:04:25",62.6,0.5,1000,3043100,"S"
"MSN","14:04:07",62.6,0.5,500,3042100,"S"
"MSN","14:04:05",62.6,0.5,400,3041600,"S"
"MSN","14:03:52",62.5,0.4,700,3041200,"B"
"MSN","14:03:49",62.6,0.5,500,3040500,"S"
"MSN","14:03:29",62.5,0.4,2400,3040000,"S"
"MSN","14:03:28",62.5,0.4,900,3037600,"S"
"MSN","14:03:25",62.5,0.4,14000,3036700,"S"
"MSN","14:03:21",62.5,0.4,400,3022700,"S"
"MSN","14:03:18",62.5,0.4,400,3022300,"S"
"MSN","14:03:11",62.5,0.4,100,3021900,"S"
"MSN","14:03:10",62.4,0.3,300,3021800,"B"
"MSN","14:03:10",62.5,0.4,100,3021500,"S"
"MSN","14:03:09",62.4,0.3,500,3021400,"B"
"MSN","14:03:07",62.5,0.4,300,3020900,"S"
"MSN","14:03:05",62.5,0.4,100,3020600,"S"
"MSN","14:03:04",62.5,0.4,100,3020500,"S"
"MSN","14:02:59",62.5,0.4,500,3020400,"S"
"MSN","14:02:59",62.5,0.4,1000,3019900,"S"
"MSN","14:02:58",62.5,0.4,100,3018900,"S"
"MSN","14:02:55",62.5,0.4,1500,3018800,"S"
"MSN","14:02:52",62.5,0.4,400,3017300,"S"
"MSN","14:02:50",62.5,0.4,500,3016900,"S"
"MSN","14:02:46",62.5,0.4,100,3016400,"S"
"MSN","14:02:45",62.5,0.4,100,3016300,"S"
"MSN","14:02:43",62.5,0.4,5000,3016200,"S"
"MSN","14:02:29",62.5,0.4,1000,3011200,"S"
"MSN","14:02:28",62.5,0.4,7700,3010200,"B"
"MSN","14:02:27",62.5,0.4,100,3002500,"B"
"MSN","14:02:22",62.6,0.5,1100,3002400,"S"
"MSN","14:02:19",62.6,0.5,800,3001300,"S"
"MSN","14:02:05",62.5,0.4,400,3000500,"S"
"MSN","14:02:01",62.5,0.4,5000,3000100,"S"
"MSN","14:02:00",62.5,0.4,1000,2995100,"S"
"MSN","14:01:59",62.5,0.4,1000,2994100,"S"
"MSN","14:01:59",62.5,0.4,2500,2993100,"S"
"MSN","14:01:55",62.5,0.4,2200,2990600,"S"
"MSN","14:01:53",62.5,0.4,500,2988400,"S"
"MSN","14:01:52",62.5,0.4,100,2987900,"S"
"MSN","14:01:50",62.5,0.4,2000,2987800,"S"
"MSN","14:01:48",62.5,0.4,1100,2985800,"S"
"MSN","14:01:47",62.5,0.4,500,2984700,"S"
"MSN","14:01:46",62.5,0.4,2200,2984200,"S"
"MSN","14:01:44",62.5,0.4,2000,2982000,"S"
"MSN","14:01:42",62.5,0.4,3300,2980000,"S"
"MSN","14:01:40",62.5,0.4,5000,2976700,"S"
"MSN","14:01:40",62.5,0.4,1100,2971700,"S"
"MSN","14:01:39",62.5,0.4,1000,2970600,"S"
"MSN","14:01:38",62.5,0.4,3100,2969600,"S"
"MSN","14:01:35",62.5,0.4,300,2966500,"S"
"MSN","14:01:35",62.5,0.4,100,2966200,"S"
"MSN","14:01:34",62.5,0.4,400,2966100,"S"
"MSN","14:01:33",62.5,0.4,1100,2965700,"S"
"MSN","14:01:30",62.5,0.4,5000,2964600,"S"
"MSN","14:01:29",62.5,0.4,3300,2959600,"S"
"MSN","14:01:27",62.5,0.4,1100,2956300,"S"
"MSN","14:01:25",62.5,0.4,2100,2955200,"S"
"MSN","14:01:20",62.5,0.4,1100,2953100,"S"
"MSN","14:01:17",62.5,0.4,500,2952000,"S"
"MSN","14:01:15",62.5,0.4,2400,2951500,"S"
"MSN","14:01:14",62.5,0.4,14000,2949100,"S"
"MSN","14:01:13",62.5,0.4,400,2935100,"S"
"MSN","14:01:13",62.4,0.3,700,2934700,"S"
"MSN","14:01:11",62.4,0.3,500,2934000,"S"
"MSN","14:01:08",62.4,0.3,1100,2933500,"S"
"MSN","14:01:06",62.4,0.3,2000,2932400,"S"
"MSN","14:01:05",62.4,0.3,2000,2930400,"S"
"MSN","14:01:04",62.4,0.3,1100,2928400,"S"
"MSN","14:01:03",62.4,0.3,1000,2927300,"S"
"MSN","14:01:03",62.3,0.2,500,2926300,"B"
"MSN","14:00:58",62.4,0.3,3300,2925800,"S"
"MSN","14:00:55",62.4,0.3,2100,2922500,"S"
"MSN","14:00:50",62.4,0.3,2400,2920400,"S"
"MSN","14:00:44",62.4,0.3,100,2918000,"S"
"MSN","14:00:38",62.4,0.3,100,2917900,"S"
"MSN","14:00:37",62.4,0.3,100,2917800,"S"
"MSN","14:00:21",62.3,0.2,600,2917700,"B"
"MSN","14:00:17",62.3,0.2,100,2917100,"B"
"MSN","14:00:05",62.4,0.3,5500,2917000,"B"
"MSN","13:59:36",62.4,0.3,500,2911500,"B"
"MSN","13:59:30",62.4,0.3,300,2911000,"S"
"MSN","13:59:26",62.4,0.3,3000,2910700,"S"
"MSN","13:59:21",62.4,0.3,800,2907700,"S"
"MSN","13:59:07",62.4,0.3,16500,2906900,"B"
"MSN","13:59:00",62.5,0.4,500,2890400,"S"
"MSN","13:58:42",62.4,0.3,17300,2889900,"S"
"MSN","13:58:34",62.4,0.3,1800,2872600,"S"
"MSN","13:58:30",62.4,0.3,100,2870800,"S"
"MSN","13:58:26",62.4,0.3,1000,2870700,"S"
"MSN","13:58:11",62.3,0.2,600,2869700,"B"
"MSN","13:58:08",62.3,0.2,100,2869100,"B"
"MSN","13:57:54",62.4,0.3,200,2869000,"S"
"MSN","13:57:46",62.3,0.2,2000,2868800,"B"
"MSN","13:57:30",62.3,0.2,500,2866800,"B"
"MSN","13:57:29",62.3,0.2,5000,2866300,"B"
"MSN","13:57:21",62.4,0.3,1000,2861300,"S"
"MSN","13:57:05",62.4,0.3,100,2860300,"S"
"MSN","13:56:49",62.3,0.2,500,2860200,"B"
"MSN","13:56:11",62.3,0.2,200,2859700,"B"
"MSN","13:56:08",62.3,0.2,500,2859500,"B"
"MSN","13:56:01",62.3,0.2,100,2859000,"B"
"MSN","13:55:52",62.4,0.3,2000,2858900,"S"
"MSN","13:55:31",62.3,0.2,2000,2856900,"B"
"MSN","13:55:25",62.3,0.2,500,2854900,"B"
"MSN","13:55:19",62.3,0.2,600,2854400,"B"
"MSN","13:55:15",62.3,0.2,300,2853800,"B"
"MSN","13:55:05",62.3,0.2,1100,2853500,"B"
"MSN","13:55:04",62.3,0.2,5100,2852400,"B"
"MSN","13:55:01",62.3,0.2,6200,2847300,"B"
"MSN","13:54:47",62.3,0.2,1000,2841100,"B"
"MSN","13:54:43",62.3,0.2,600,2840100,"B"
"MSN","13:54:15",62.3,0.2,1000,2839500,"B"
"MSN","13:54:01",62.3,0.2,500,2838500,"B"
"MSN","13:53:51",62.3,0.2,100,2838000,"B"
"MSN","13:53:19",62.3,0.2,500,2837900,"B"
"MSN","13:53:18",62.3,0.2,1000,2837400,"B"
"MSN","13:52:38",62.3,0.2,500,2836400,"B"
"MSN","13:52:36",62.3,0.2,1000,2835900,"B"
"MSN","13:51:55",62.3,0.2,500,2834900,"B"
"MSN","13:51:48",62.3,0.2,2000,2834400,"B"
"MSN","13:51:43",62.3,0.2,100,2832400,"B"
"MSN","13:51:34",62.4,0.3,200,2832300,"S"
"MSN","13:51:14",62.3,0.2,500,2832100,"B"
"MSN","13:51:05",62.4,0.3,3200,2831600,"S"
"MSN","13:51:04",62.4,0.3,800,2828400,"S"
"MSN","13:51:03",62.4,0.3,100,2827600,"S"
"MSN","13:50:56",62.3,0.2,2000,2827500,"B"
"MSN","13:50:56",62.4,0.3,100,2825500,"S"
"MSN","13:50:35",62.3,0.2,1000,2825400,"B"
"MSN","13:50:28",62.3,0.2,1100,2824400,"B"
"MSN","13:50:25",62.5,0.4,600,2823300,"S"
"MSN","13:50:23",62.4,0.3,800,2822400,"B"
"MSN","13:50:18",62.4,0.3,1100,2821600,"B"
"MSN","13:50:17",62.4,0.3,3300,2820500,"B"
"MSN","13:50:16",62.4,0.3,500,2817200,"B"
"MSN","13:50:10",62.4,0.3,1100,2816700,"B"
"MSN","13:50:09",62.4,0.3,1100,2815600,"B"
"MSN","13:50:09",62.4,0.3,1100,2814500,"B"
"MSN","13:50:08",62.4,0.3,1100,2813400,"B"
"MSN","13:49:51",62.4,0.3,500,2812300,"B"
"MSN","13:49:46",62.5,0.4,2600,2811800,"B"
"MSN","13:49:45",62.5,0.4,1600,2809200,"B"
"MSN","13:49:42",62.5,0.4,3100,2807600,"B"
"MSN","13:49:38",62.6,0.5,1500,2804500,"S"
"MSN","13:49:38",62.5,0.4,6000,2803000,"B"
"MSN","13:49:34",62.5,0.4,100,2797000,"B"
"MSN","13:49:30",62.5,0.4,10000,2796900,"B"
"MSN","13:49:29",62.6,0.5,1000,2786900,"S"
"MSN","13:49:17",62.6,0.5,500,2785900,"S"
"MSN","13:49:15",62.5,0.4,3600,2785400,"B"
"MSN","13:49:08",62.5,0.4,500,2781800,"B"
"MSN","13:48:27",62.5,0.4,600,2781300,"B"
"MSN","13:47:44",62.5,0.4,2000,2780700,"B"
"MSN","13:47:43",62.5,0.4,1100,2778700,"B"
"MSN","13:47:42",62.5,0.4,600,2777600,"B"
"MSN","13:47:27",62.5,0.4,100,2777000,"B"
"MSN","13:47:23",62.5,0.4,3300,2776900,"B"
"MSN","13:46:54",62.5,0.4,500,2773600,"B"
"MSN","13:46:18",62.5,0.4,2500,2773100,"B"
"MSN","13:46:10",62.5,0.4,500,2770600,"B"
"MSN","13:45:29",62.5,0.4,5200,2770100,"B"
"MSN","13:45:29",62.6,0.5,100,2764900,"S"
"MSN","13:45:18",62.5,0.4,200,2764800,"B"
"MSN","13:45:05",62.5,0.4,2600,2764600,"S"
"MSN","13:45:04",62.5,0.4,8000,2762000,"S"
"MSN","13:44:59",62.5,0.4,5000,2754000,"S"
"MSN","13:44:49",62.5,0.4,100,2749000,"S"
"MSN","13:44:47",62.5,0.4,300,2748900,"S"
"MSN","13:44:47",62.4,0.3,600,2748600,"B"
"MSN","13:44:41",62.5,0.4,1000,2748000,"S"
"MSN","13:44:39",62.5,0.4,100,2747000,"S"
"MSN","13:44:36",62.5,0.4,4000,2746900,"S"
"MSN","13:44:11",62.5,0.4,200,2742900,"S"
"MSN","13:44:05",62.5,0.4,100,2742700,"S"
"MSN","13:44:03",62.4,0.3,500,2742600,"B"
"MSN","13:43:44",62.5,0.4,5000,2742100,"S"
"MSN","13:43:14",62.5,0.4,1000,2737100,"S"
"MSN","13:43:07",62.4,0.3,1000,2736100,"B"
"MSN","13:43:00",62.5,0.4,200,2735100,"S"
"MSN","13:42:54",62.4,0.3,2900,2734900,"S"
"MSN","13:42:52",62.4,0.3,8900,2732000,"S"
"MSN","13:42:49",62.4,0.3,2000,2723100,"S"
"MSN","13:42:45",62.4,0.3,100,2721100,"S"
"MSN","13:42:45",62.4,0.3,5000,2721000,"S"
"MSN","13:42:39",62.4,0.3,1000,2716000,"S"
"MSN","13:42:37",62.3,0.2,600,2715000,"B"
"MSN","13:42:36",62.4,0.3,100,2714400,"S"
"MSN","13:42:36",62.4,0.3,100,2714300,"S"
"MSN","13:42:33",62.4,0.3,1900,2714200,"S"
"MSN","13:42:30",62.4,0.3,200,2712300,"S"
"MSN","13:42:28",62.4,0.3,100,2712100,"S"
"MSN","13:42:18",62.4,0.3,100,2712000,"S"
"MSN","13:42:15",62.4,0.3,1700,2711900,"S"
"MSN","13:42:12",62.4,0.3,7500,2710200,"S"
"MSN","13:42:10",62.3,0.2,200,2702700,"B"
"MSN","13:42:08",62.4,0.3,100,2702500,"S"
"MSN","13:42:04",62.4,0.3,300,2702400,"S"
"MSN","13:42:01",62.4,0.3,500,2702100,"S"
"MSN","13:41:56",62.3,0.2,500,2701600,"B"
"MSN","13:41:45",62.4,0.3,200,2701100,"S"
"MSN","13:41:28",62.3,0.2,100,2700900,"B"
"MSN","13:41:13",62.3,0.2,500,2700800,"B"
"MSN","13:41:11",62.4,0.3,2000,2700300,"S"
"MSN","13:41:05",62.4,0.3,500,2698300,"S"
"MSN","13:40:38",62.4,0.3,2000,2697800,"S"
"MSN","13:40:29",62.3,0.2,600,2695800,"B"
"MSN","13:40:18",62.4,0.3,500,2695200,"S"
"MSN","13:40:07",62.3,0.2,900,2694700,"B"
"MSN","13:39:45",62.3,0.2,500,2693800,"B"
"MSN","13:39:18",62.3,0.2,600,2693300,"B"
"MSN","13:39:03",62.3,0.2,600,2692700,"B"
"MSN","13:38:56",62.3,0.2,100,2692100,"B"
"MSN","13:38:45",62.3,0.2,200,2692000,"B"
"MSN","13:38:41",62.3,0.2,100,2691800,"B"
"MSN","13:38:03",62.3,0.2,300,2691700,"S"
"MSN","13:38:01",62.3,0.2,400,2691400,"S"
"MSN","13:37:59",62.3,0.2,3000,2691000,"S"
"MSN","13:37:53",62.3,0.2,500,2688000,"S"
"MSN","13:37:50",62.3,0.2,3000,2687500,"S"
"MSN","13:37:50",62.2,0.1,1000,2684500,"B"
"MSN","13:37:47",62.3,0.2,400,2683500,"S"
"MSN","13:37:46",62.3,0.2,1000,2683100,"S"
"MSN","13:37:43",62.3,0.2,200,2682100,"S"
"MSN","13:37:38",62.3,0.2,8500,2681900,"S"
"MSN","13:37:38",62.2,0.1,500,2673400,"B"
"MSN","13:37:30",62.3,0.2,600,2672900,"S"
"MSN","13:37:24",62.3,0.2,100,2672300,"S"
"MSN","13:37:14",62.3,0.2,100,2672200,"S"
"MSN","13:36:59",62.3,0.2,500,2672100,"S"
"MSN","13:36:52",62.2,0.1,600,2671600,"B"
"MSN","13:36:11",62.2,0.1,500,2671000,"B"
"MSN","13:35:58",62.3,0.2,1000,2670500,"S"
"MSN","13:35:46",62.2,0.1,200,2669500,"B"
"MSN","13:35:29",62.2,0.1,500,2669300,"B"
"MSN","13:35:21",62.2,0.1,400,2668800,"S"
"MSN","13:35:14",62.2,0.1,400,2668400,"S"
"MSN","13:35:12",62.2,0.1,1200,2668000,"B"
"MSN","13:35:10",62.3,0.2,100,2666800,"S"
"MSN","13:35:06",62.2,0.1,3400,2666700,"B"
"MSN","13:35:04",62.2,0.1,6200,2663300,"B"
"MSN","13:35:00",62.2,0.1,2000,2657100,"B"
"MSN","13:34:54",62.2,0.1,3100,2655100,"B"
"MSN","13:34:47",62.2,0.1,500,2652000,"B"
"MSN","13:34:45",62.2,0.1,5000,2651500,"B"
"MSN","13:34:42",62.2,0.1,800,2646500,"B"
"MSN","13:34:40",62.2,0.1,1200,2645700,"B"
"MSN","13:34:40",62.2,0.1,3000,2644500,"B"
"MSN","13:34:39",62.2,0.1,1900,2641500,"B"
"MSN","13:34:38",62.2,0.1,1000,2639600,"B"
"MSN","13:34:31",62.2,0.1,2000,2638600,"B"
"MSN","13:34:27",62.2,0.1,2000,2636600,"B"
"MSN","13:34:22",62.2,0.1,3100,2634600,"B"
"MSN","13:34:19",62.2,0.1,4600,2631500,"B"
"MSN","13:34:18",62.2,0.1,4400,2626900,"B"
"MSN","13:34:18",62.2,0.1,4500,2622500,"B"
"MSN","13:34:17",62.2,0.1,3000,2618000,"B"
"MSN","13:34:06",62.2,0.1,500,2615000,"B"
"MSN","13:33:47",62.2,0.1,3100,2614500,"B"
"MSN","13:33:43",62.3,0.2,100,2611400,"S"
"MSN","13:33:30",62.2,0.1,100,2611300,"B"
"MSN","13:33:25",62.2,0.1,600,2611200,"B"
"MSN","13:33:22",62.2,0.1,100,2610600,"B"
"MSN","13:33:04",62.2,0.1,3100,2610500,"B"
"MSN","13:32:41",62.2,0.1,500,2607400,"B"
"MSN","13:32:12",62.3,0.2,100,2606900,"S"
"MSN","13:31:59",62.2,0.1,500,2606800,"B"
"MSN","13:31:54",62.3,0.2,300,2606300,"S"
"MSN","13:31:49",62.2,0.1,200,2606000,"B"
"MSN","13:31:41",62.3,0.2,300,2605800,"S"
"MSN","13:31:36",62.3,0.2,100,2605500,"S"
"MSN","13:31:17",62.2,0.1,500,2605400,"B"
"MSN","13:31:00",62.2,0.1,100,2604900,"B"
"MSN","13:30:53",62.2,0.1,100,2604800,"B"
"MSN","13:30:36",62.2,0.1,600,2604700,"B"
"MSN","13:30:35",62.3,0.2,500,2604100,"S"
"MSN","13:30:22",62.3,0.2,400,2603600,"B"
"MSN","13:30:18",62.3,0.2,300,2603200,"B"
"MSN","13:30:17",62.3,0.2,10000,2602900,"B"
"MSN","13:30:16",62.3,0.2,2000,2592900,"B"
"MSN","13:30:15",62.3,0.2,1500,2590900,"B"
"MSN","13:30:07",62.3,0.2,11800,2589400,"B"
"MSN","13:30:00",62.3,0.2,2000,2577600,"B"
"MSN","13:29:52",62.3,0.2,500,2575600,"B"
"MSN","13:29:36",62.3,0.2,3100,2575100,"B"
"MSN","13:29:31",62.3,0.2,500,2572000,"B"
"MSN","13:29:21",62.3,0.2,10000,2571500,"B"
"MSN","13:29:11",62.3,0.2,500,2561500,"B"
"MSN","13:29:09",62.3,0.2,1100,2561000,"B"
"MSN","13:28:56",62.4,0.3,15800,2559900,"S"
"MSN","13:28:48",62.4,0.3,3400,2544100,"B"
"MSN","13:28:42",62.4,0.3,100,2540700,"S"
"MSN","13:28:40",62.4,0.3,700,2540600,"S"
"MSN","13:28:32",62.4,0.3,6200,2539900,"B"
"MSN","13:28:29",62.4,0.3,500,2533700,"B"
"MSN","13:27:56",62.5,0.4,1000,2533200,"S"
"MSN","13:27:47",62.4,0.3,500,2532200,"B"
"MSN","13:27:45",62.4,0.3,2800,2531700,"S"
"MSN","13:27:43",62.4,0.3,5000,2528900,"S"
"MSN","13:27:41",62.4,0.3,1000,2523900,"S"
"MSN","13:27:34",62.4,0.3,500,2522900,"S"
"MSN","13:27:33",62.3,0.2,100,2522400,"B"
"MSN","13:27:20",62.4,0.3,400,2522300,"S"
"MSN","13:27:05",62.3,0.2,600,2521900,"B"
"MSN","13:27:04",62.4,0.3,200,2521300,"S"
"MSN","13:27:02",62.4,0.3,2500,2521100,"S"
"MSN","13:27:01",62.3,0.2,1100,2518600,"B"
"MSN","13:26:50",62.4,0.3,500,2517500,"S"
"MSN","13:26:46",62.3,0.2,600,2517000,"B"
"MSN","13:26:36",62.4,0.3,500,2516400,"S"
"MSN","13:26:34",62.4,0.3,6000,2515900,"S"
"MSN","13:26:34",62.3,0.2,1100,2509900,"B"
"MSN","13:26:32",62.4,0.3,100,2508800,"S"
"MSN","13:26:22",62.4,0.3,1300,2508700,"S"
"MSN","13:26:20",62.3,0.2,500,2507400,"B"
"MSN","13:26:09",62.4,0.3,100,2506900,"S"
"MSN","13:26:08",62.4,0.3,100,2506800,"S"
"MSN","13:26:01",62.3,0.2,1100,2506700,"B"
"MSN","13:25:55",62.4,0.3,600,2505600,"S"
"MSN","13:25:53",62.4,0.3,500,2505000,"S"
"MSN","13:25:46",62.4,0.3,200,2504500,"S"
"MSN","13:25:44",62.4,0.3,1100,2504300,"S"
"MSN","13:25:42",62.4,0.3,100,2503200,"S"
"MSN","13:25:34",62.4,0.3,100,2503100,"S"
"MSN","13:25:32",62.4,0.3,5000,2503000,"S"
"MSN","13:25:29",62.4,0.3,1000,2498000,"S"
"MSN","13:25:20",62.4,0.3,1500,2497000,"B"
"MSN","13:25:20",62.4,0.3,200,2495500,"S"
"MSN","13:25:16",62.4,0.3,800,2495300,"B"
"MSN","13:25:04",62.4,0.3,200,2494500,"S"
"MSN","13:25:02",62.4,0.3,2600,2494300,"S"
"MSN","13:24:57",62.4,0.3,2200,2491700,"B"
"MSN","13:24:56",62.4,0.3,600,2489500,"B"
"MSN","13:24:43",62.4,0.3,600,2488900,"S"
"MSN","13:24:34",62.4,0.3,6200,2488300,"B"
"MSN","13:24:12",62.4,0.3,500,2482100,"B"
"MSN","13:24:06",62.4,0.3,3200,2481600,"B"
"MSN","13:24:01",62.4,0.3,1000,2478400,"B"
"MSN","13:23:31",62.4,0.3,500,2477400,"B"
"MSN","13:23:16",62.4,0.3,700,2476900,"S"
"MSN","13:23:15",62.4,0.3,3300,2476200,"B"
"MSN","13:23:14",62.4,0.3,400,2472900,"B"
"MSN","13:22:56",62.4,0.3,2500,2472500,"B"
"MSN","13:22:49",62.4,0.3,500,2470000,"B"
"MSN","13:22:43",62.4,0.3,100,2469500,"B"
"MSN","13:22:35",62.4,0.3,1100,2469400,"B"
"MSN","13:22:20",62.5,0.4,1100,2468300,"S"
"MSN","13:22:19",62.5,0.4,100,2467200,"S"
"MSN","13:22:13",62.4,0.3,600,2467100,"B"
"MSN","13:22:13",62.4,0.3,400,2466500,"B"
"MSN","13:22:12",62.5,0.4,800,2466100,"S"
"MSN","13:22:07",62.4,0.3,600,2465300,"B"
"MSN","13:22:01",62.5,0.4,1600,2464700,"S"
"MSN","13:21:54",62.5,0.4,1100,2463100,"S"
"MSN","13:21:53",62.5,0.4,1000,2462000,"S"
"MSN","13:21:37",62.4,0.3,4000,2461000,"B"
"MSN","13:21:32",62.5,0.4,1100,2457000,"S"
"MSN","13:21:26",62.4,0.3,500,2455900,"B"
"MSN","13:21:21",62.4,0.3,1000,2455400,"B"
"MSN","13:21:07",62.4,0.3,100,2454400,"B"
"MSN","13:20:45",62.4,0.3,500,2454300,"B"
"MSN","13:20:18",62.4,0.3,2700,2453800,"S"
"MSN","13:20:12",62.4,0.3,500,2451100,"B"
"MSN","13:20:03",62.3,0.2,100,2450600,"B"
"MSN","13:20:03",62.4,0.3,400,2450500,"B"
"MSN","13:20:02",62.4,0.3,2500,2450100,"B"
"MSN","13:19:58",62.4,0.3,200,2447600,"B"
"MSN","13:19:42",62.4,0.3,17000,2447400,"B"
"MSN","13:19:33",62.4,0.3,1000,2430400,"B"
"MSN","13:19:21",62.4,0.3,500,2429400,"B"
"MSN","13:19:07",62.4,0.3,100,2428900,"B"
"MSN","13:19:00",62.4,0.3,200,2428800,"B"
"MSN","13:18:49",62.4,0.3,300,2428600,"B"
"MSN","13:18:40",62.3,0.2,200,2428300,"B"
"MSN","13:18:40",62.4,0.3,300,2428100,"B"
"MSN","13:18:37",62.4,0.3,200,2427800,"B"
"MSN","13:18:33",62.4,0.3,300,2427600,"B"
"MSN","13:18:18",62.4,0.3,700,2427300,"S"
"MSN","13:18:16",62.4,0.3,500,2426600,"S"
"MSN","13:18:10",62.4,0.3,4300,2426100,"B"
"MSN","13:18:03",62.4,0.3,100,2421800,"B"
"MSN","13:17:53",62.4,0.3,2900,2421700,"B"
"MSN","13:17:52",62.4,0.3,200,2418800,"B"
"MSN","13:17:20",62.4,0.3,300,2418600,"B"
"MSN","13:17:18",62.4,0.3,600,2418300,"B"
"MSN","13:17:04",62.4,0.3,1600,2417700,"S"
"MSN","13:17:03",62.4,0.3,2500,2416100,"S"
"MSN","13:16:57",62.4,0.3,10000,2413600,"S"
"MSN","13:16:47",62.4,0.3,100,2403600,"S"
"MSN","13:16:35",62.3,0.2,500,2403500,"B"
"MSN","13:16:30",62.4,0.3,300,2403000,"S"
"MSN","13:16:15",62.3,0.2,500,2402700,"B"
"MSN","13:16:02",62.4,0.3,1000,2402200,"S"
"MSN","13:15:54",62.3,0.2,500,2401200,"B"
"MSN","13:15:30",62.4,0.3,100,2400700,"S"
"MSN","13:15:22",62.4,0.3,400,2400600,"S"
"MSN","13:15:21",62.4,0.3,100,2400200,"S"
"MSN","13:15:11",62.3,0.2,500,2400100,"B"
"MSN","13:14:59",62.4,0.3,1000,2399600,"B"
"MSN","13:14:56",62.4,0.3,100,2398600,"B"
"MSN","13:14:51",62.4,0.3,2000,2398500,"B"
"MSN","13:14:50",62.4,0.3,1100,2396500,"B"
"MSN","13:14:34",62.5,0.4,500,2395400,"S"
"MSN","13:14:31",62.4,0.3,500,2394900,"B"
"MSN","13:14:17",62.4,0.3,5000,2394400,"B"
"MSN","13:13:49",62.4,0.3,600,2389400,"B"
"MSN","13:13:34",62.4,0.3,1600,2388800,"S"
"MSN","13:13:08",62.3,0.2,500,2387200,"B"
"MSN","13:12:57",62.4,0.3,2000,2386700,"S"
"MSN","13:12:51",62.3,0.2,1100,2384700,"S"
"MSN","13:12:49",62.3,0.2,200,2383600,"B"
"MSN","13:12:38",62.3,0.2,3100,2383400,"B"
"MSN","13:12:27",62.3,0.2,500,2380300,"B"
"MSN","13:12:16",62.3,0.2,600,2379800,"S"
"MSN","13:12:14",62.3,0.2,600,2379200,"S"
"MSN","13:12:12",62.3,0.2,100,2378600,"S"
"MSN","13:12:01",62.3,0.2,100,2378500,"S"
"MSN","13:11:47",62.3,0.2,1400,2378400,"B"
"MSN","13:11:47",62.3,0.2,3400,2377000,"B"
"MSN","13:11:46",62.3,0.2,400,2373600,"B"
"MSN","13:11:46",62.4,0.3,100,2373200,"B"
"MSN","13:11:45",62.5,0.4,400,2373100,"S"
"MSN","13:11:37",62.4,0.3,4600,2372700,"S"
"MSN","13:11:22",62.4,0.3,100,2368100,"S"
"MSN","13:11:17",62.4,0.3,6300,2368000,"B"
"MSN","13:11:05",62.4,0.3,500,2361700,"B"
"MSN","13:10:47",62.5,0.4,500,2361200,"S"
"MSN","13:10:24",62.4,0.3,500,2360700,"B"
"MSN","13:10:05",62.5,0.4,4000,2360200,"B"
"MSN","13:09:43",62.5,0.4,600,2356200,"B"
"MSN","13:09:42",62.5,0.4,1400,2355600,"S"
"MSN","13:09:14",62.4,0.3,700,2354200,"B"
"MSN","13:08:58",62.5,0.4,500,2353500,"S"
"MSN","13:08:57",62.4,0.3,500,2353000,"B"
"MSN","13:08:14",62.5,0.4,1000,2352500,"S"
"MSN","13:07:51",62.4,0.3,2400,2351500,"S"
"MSN","13:07:45",62.4,0.3,100,2349100,"S"
"MSN","13:07:19",62.4,0.3,1000,2349000,"S"
"MSN","13:07:13",62.3,0.2,1000,2348000,"B"
"MSN","13:07:13",62.4,0.3,100,2347000,"S"
"MSN","13:07:04",62.4,0.3,200,2346900,"S"
"MSN","13:07:00",62.2,0.1,2600,2346700,"B"
"MSN","13:06:53",62.4,0.3,200,2343100,"S"
"MSN","13:06:52",62.2,0.1,600,2342900,"B"
"MSN","13:06:51",62.2,0.1,1800,2342300,"B"
"MSN","13:06:51",62.3,0.2,200,2340500,"B"
"MSN","13:06:41",62.2,0.1,36900,2340300,"B"
"MSN","13:06:41",62.3,0.2,13100,2303400,"B"
"MSN","13:06:35",62.5,0.4,1100,2290300,"S"
"MSN","13:06:32",62.3,0.2,24600,2289200,"B"
"MSN","13:06:32",62.4,0.3,5400,2264600,"B"
"MSN","13:06:28",62.5,0.4,1100,2259200,"S"
"MSN","13:06:23",62.5,0.4,1100,2258100,"S"
"MSN","13:06:12",62.4,0.3,200,2257000,"S"
"MSN","13:06:10",62.3,0.2,500,2256800,"B"
"MSN","13:06:09",62.4,0.3,800,2256300,"B"
"MSN","13:06:09",62.5,0.4,1100,2255500,"S"
"MSN","13:05:58",62.4,0.3,500,2254400,"S"
"MSN","13:05:50",62.4,0.3,500,2253900,"S"
"MSN","13:05:43",62.4,0.3,100,2253400,"S"
"MSN","13:05:36",62.4,0.3,3000,2253300,"S"
"MSN","13:05:28",62.3,0.2,500,2250300,"B"
"MSN","13:05:25",62.4,0.3,100,2249800,"S"
"MSN","13:05:24",62.4,0.3,500,2249700,"S"
"MSN","13:05:16",62.4,0.3,100,2249200,"S"
"MSN","13:05:13",62.4,0.3,200,2249100,"S"
"MSN","13:05:07",62.4,0.3,1300,2248900,"B"
"MSN","13:05:05",62.4,0.3,3700,2247600,"S"
"MSN","13:04:58",62.4,0.3,500,2243900,"S"
"MSN","13:04:56",62.4,0.3,1000,2243400,"S"
"MSN","13:04:50",62.4,0.3,400,2242400,"S"
"MSN","13:04:46",62.3,0.2,600,2242000,"B"
"MSN","13:04:40",62.4,0.3,2500,2241400,"B"
"MSN","13:04:02",62.3,0.2,500,2238900,"B"
"MSN","13:03:26",62.4,0.3,200,2238400,"B"
"MSN","13:03:21",62.4,0.3,200,2238200,"B"
"MSN","13:03:19",62.4,0.3,500,2238000,"B"
"MSN","13:03:12",62.5,0.4,1100,2237500,"S"
"MSN","13:02:59",62.5,0.4,400,2236400,"S"
"MSN","13:02:50",62.5,0.4,1900,2236000,"B"
"MSN","13:02:38",62.5,0.4,500,2234100,"B"
"MSN","13:02:24",62.5,0.4,1700,2233600,"S"
"MSN","13:02:24",62.4,0.3,900,2231900,"S"
"MSN","13:02:17",62.4,0.3,6100,2231000,"B"
"MSN","13:02:10",62.5,0.4,1100,2224900,"S"
"MSN","13:01:59",62.5,0.4,500,2223800,"S"
"MSN","13:01:58",62.4,0.3,2000,2223300,"B"
"MSN","13:01:56",62.5,0.4,100,2221300,"S"
"MSN","13:01:54",62.4,0.3,600,2221200,"B"
"MSN","13:01:53",62.5,0.4,1100,2220600,"S"
"MSN","13:01:49",62.4,0.3,5000,2219500,"B"
"MSN","13:01:46",62.4,0.3,100,2214500,"B"
"MSN","13:01:37",62.4,0.3,800,2214400,"B"
"MSN","13:01:30",62.4,0.3,6200,2213600,"B"
"MSN","13:01:12",62.4,0.3,500,2207400,"B"
"MSN","13:00:59",62.5,0.4,1100,2206900,"S"
"MSN","13:00:42",62.5,0.4,200,2205800,"S"
"MSN","13:00:39",62.5,0.4,400,2205600,"S"
"MSN","13:00:29",62.5,0.4,1100,2205200,"B"
"MSN","13:00:28",62.6,0.5,13000,2204100,"S"
"MSN","13:00:14",62.6,0.5,200,2191100,"S"
"MSN","13:00:10",62.6,0.5,500,2190900,"S"
"MSN","13:00:08",62.5,0.4,1400,2190400,"B"
"MSN","13:00:05",62.6,0.5,100,2189000,"S"
"MSN","13:00:04",62.5,0.4,1500,2188900,"B"
"MSN","13:00:03",62.6,0.5,200,2187200,"S"
"MSN","13:00:03",62.7,0.6,600,2187000,"S"
"MSN","13:00:03",62.6,0.5,400,2186400,"S"
"MSN","13:00:03",62.5,0.4,1500,2186000,"B"
"MSN","13:00:02",62.7,0.6,100,2179600,"S"
"MSN","11:29:59",62.6,0.5,600,2179500,"S"
"MSN","11:29:43",62.6,0.5,2000,2178900,"S"
"MSN","11:29:28",62.5,0.4,300,2176900,"B"
"MSN","11:29:28",62.6,0.5,300,2176600,"B"
"MSN","11:29:10",62.6,0.5,200,2176300,"B"
"MSN","11:29:07",62.6,0.5,500,2176100,"S"
"MSN","11:28:46",62.5,0.4,500,2175600,"B"
"MSN","11:27:47",62.5,0.4,200,2175100,"B"
"MSN","11:27:46",62.6,0.5,5000,2174900,"S"
"MSN","11:27:22",62.5,0.4,600,2169900,"B"
"MSN","11:27:21",62.5,0.4,100,2169300,"S"
"MSN","11:27:00",62.5,0.4,600,2169200,"S"
"MSN","11:26:57",62.4,0.3,2200,2168600,"B"
"MSN","11:26:45",62.5,0.4,1400,2166400,"S"
"MSN","11:26:23",62.4,0.3,100,2165000,"B"
"MSN","11:25:55",62.4,0.3,500,2164900,"B"
"MSN","11:25:48",62.6,0.5,200,2164400,"S"
"MSN","11:25:48",62.5,0.4,900,2164200,"S"
"MSN","11:25:48",62.5,0.4,100,2163300,"B"
"MSN","11:25:35",62.6,0.5,1100,2163200,"S"
"MSN","11:25:32",62.5,0.4,900,2162100,"S"
"MSN","11:25:22",62.5,0.4,1100,2161200,"S"
"MSN","11:25:13",62.5,0.4,1100,2160100,"S"
"MSN","11:25:10",62.4,0.3,100,2159000,"B"
"MSN","11:25:09",62.5,0.4,100,2158900,"S"
"MSN","11:25:06",62.5,0.4,700,2158800,"B"
"MSN","11:25:06",62.5,0.4,400,2158100,"S"
"MSN","11:24:58",62.5,0.4,2000,2157700,"S"
"MSN","11:24:48",62.4,0.3,900,2155700,"B"
"MSN","11:24:44",62.4,0.3,2200,2154800,"B"
"MSN","11:24:39",62.5,0.4,1100,2152600,"S"
"MSN","11:24:31",62.4,0.3,500,2151500,"B"
"MSN","11:24:12",62.5,0.4,200,2151000,"S"
"MSN","11:24:06",62.5,0.4,5700,2150800,"B"
"MSN","11:24:03",62.5,0.4,1000,2145100,"B"
"MSN","11:23:51",62.5,0.4,600,2144100,"B"
"MSN","11:23:45",62.6,0.5,200,2143500,"S"
"MSN","11:23:09",62.6,0.5,1000,2143300,"S"
"MSN","11:23:08",62.5,0.4,500,2142300,"B"
"MSN","11:22:34",62.6,0.5,2000,2141800,"S"
"MSN","11:22:27",62.5,0.4,500,2139800,"B"
"MSN","11:22:14",62.5,0.4,1000,2139300,"B"
"MSN","11:21:46",62.5,0.4,500,2138300,"B"
"MSN","11:21:21",62.5,0.4,100,2137800,"B"
"MSN","11:21:05",62.5,0.4,500,2137700,"B"
"MSN","11:20:52",62.6,0.5,1000,2137200,"S"
"MSN","11:20:47",62.5,0.4,1000,2136200,"B"
"MSN","11:20:44",62.5,0.4,500,2135200,"B"
"MSN","11:20:29",62.5,0.4,5200,2134700,"B"
"MSN","11:20:24",62.5,0.4,500,2129500,"B"
"MSN","11:20:03",62.5,0.4,1000,2129000,"B"
"MSN","11:19:41",62.5,0.4,600,2128000,"B"
"MSN","11:19:29",62.5,0.4,100,2127400,"B"
"MSN","11:19:00",62.5,0.4,500,2127300,"B"
"MSN","11:18:54",62.6,0.5,1000,2126800,"S"
"MSN","11:18:47",62.6,0.5,1000,2125800,"S"
"MSN","11:18:14",62.4,0.3,500,2124800,"B"
"MSN","11:18:13",62.5,0.4,8000,2124300,"S"
"MSN","11:17:47",62.4,0.3,1000,2116300,"B"
"MSN","11:17:32",62.4,0.3,600,2115300,"B"
"MSN","11:16:51",62.4,0.3,600,2114700,"B"
"MSN","11:16:47",62.4,0.3,1000,2114100,"S"
"MSN","11:16:00",62.3,0.2,500,2113100,"B"
"MSN","11:15:42",62.3,0.2,1100,2112600,"B"
"MSN","11:15:40",62.3,0.2,300,2111500,"B"
"MSN","11:15:40",62.4,0.3,3000,2111200,"B"
"MSN","11:15:33",62.4,0.3,1100,2108200,"B"
"MSN","11:15:18",62.4,0.3,600,2107100,"B"
"MSN","11:15:17",62.5,0.4,100,2106500,"S"
"MSN","11:15:11",62.4,0.3,900,2106400,"B"
"MSN","11:15:11",62.4,0.3,1300,2105500,"B"
"MSN","11:14:52",62.4,0.3,500,2104200,"B"
"MSN","11:14:51",62.4,0.3,8200,2103700,"S"
"MSN","11:14:43",62.4,0.3,200,2095500,"S"
"MSN","11:14:42",62.4,0.3,300,2095300,"S"
"MSN","11:14:40",62.4,0.3,800,2095000,"S"
"MSN","11:14:34",62.3,0.2,500,2094200,"B"
"MSN","11:14:33",62.4,0.3,100,2093700,"S"
"MSN","11:14:31",62.4,0.3,100,2093600,"S"
"MSN","11:14:15",62.3,0.2,1000,2093500,"B"
"MSN","11:14:15",62.4,0.3,100,2092500,"B"
"MSN","11:13:57",62.5,0.4,100,2092400,"S"
"MSN","11:13:50",62.5,0.4,1000,2092300,"S"
"MSN","11:13:37",62.3,0.2,1500,2091300,"S"
"MSN","11:13:34",62.3,0.2,3500,2089800,"S"
"MSN","11:13:31",62.3,0.2,100,2086300,"B"
"MSN","11:13:31",62.3,0.2,1900,2086200,"B"
"MSN","11:13:22",62.3,0.2,6200,2084300,"B"
"MSN","11:13:16",62.3,0.2,800,2078100,"B"
"MSN","11:13:16",62.3,0.2,3300,2077300,"B"
"MSN","11:13:16",62.4,0.3,2100,2074000,"B"
"MSN","11:13:14",62.3,0.2,700,2071900,"B"
"MSN","11:13:14",62.4,0.3,500,2071200,"B"
"MSN","11:13:13",62.3,0.2,3500,2070700,"B"
"MSN","11:13:13",62.4,0.3,1500,2067200,"B"
"MSN","11:13:10",62.4,0.3,3900,2065700,"B"
"MSN","11:13:10",62.4,0.3,2200,2061800,"B"
"MSN","11:13:10",62.5,0.4,100,2059600,"B"
"MSN","11:13:07",62.4,0.3,5300,2059500,"B"
"MSN","11:13:07",62.5,0.4,900,2054200,"B"
"MSN","11:13:06",62.5,0.4,1100,2053300,"S"
"MSN","11:13:05",62.4,0.3,1000,2052200,"B"
"MSN","11:13:04",62.4,0.3,5200,2051200,"B"
"MSN","11:13:03",62.5,0.4,6000,2046000,"S"
"MSN","11:12:55",62.4,0.3,600,2039500,"B"
"MSN","11:12:54",62.5,0.4,100,2038900,"S"
"MSN","11:12:51",62.5,0.4,400,2038800,"B"
"MSN","11:12:38",62.5,0.4,600,2038400,"B"
"MSN","11:12:20",62.4,0.3,600,2037800,"B"
"MSN","11:12:14",62.7,0.6,200,2037200,"S"
"MSN","11:12:14",62.6,0.5,1300,2037000,"S"
"MSN","11:12:14",62.5,0.4,800,2035700,"S"
"MSN","11:12:13",62.5,0.4,1100,2034900,"S"
"MSN","11:12:03",62.5,0.4,5000,2033800,"S"
"MSN","11:12:01",62.5,0.4,2000,2028800,"S"
"MSN","11:11:37",62.4,0.3,500,2026800,"B"
"MSN","11:11:33",62.4,0.3,300,2026300,"S"
"MSN","11:11:23",62.5,0.4,800,2026000,"S"
"MSN","11:11:23",62.4,0.3,200,2025200,"S"
"MSN","11:11:22",62.4,0.3,4500,2025000,"B"
"MSN","11:11:22",62.4,0.3,1500,2020500,"B"
"MSN","11:11:12",62.5,0.4,1300,2019000,"S"
"MSN","11:11:10",62.4,0.3,200,2017700,"B"
"MSN","11:10:55",62.4,0.3,500,2017500,"B"
"MSN","11:10:53",62.4,0.3,7600,2017000,"S"
"MSN","11:10:43",62.4,0.3,100,2009400,"S"
"MSN","11:10:12",62.3,0.2,600,2009300,"B"
"MSN","11:10:03",62.4,0.3,100,2008700,"S"
"MSN","11:09:58",62.4,0.3,2000,2008600,"S"
"MSN","11:09:50",62.3,0.2,200,2006600,"B"
"MSN","11:09:38",62.4,0.3,3300,2006400,"S"
"MSN","11:09:28",62.3,0.2,500,2003100,"B"
"MSN","11:09:24",62.4,0.3,100,2002600,"S"
"MSN","11:09:20",62.3,0.2,100,2002500,"B"
"MSN","11:09:13",62.3,0.2,1700,2002400,"S"
"MSN","11:09:11",62.2,0.1,300,2000700,"B"
"MSN","11:09:08",62.3,0.2,1000,2000400,"S"
"MSN","11:09:06",62.3,0.2,700,1999400,"S"
"MSN","11:09:04",62.3,0.2,5000,1998700,"S"
"MSN","11:08:57",62.2,0.1,200,1993700,"B"
"MSN","11:08:47",62.2,0.1,500,1993500,"B"
"MSN","11:08:45",62.2,0.1,900,1993000,"B"
"MSN","11:08:44",62.2,0.1,2500,1992100,"S"
"MSN","11:08:43",62.2,0.1,1000,1989600,"S"
"MSN","11:08:41",62.2,0.1,3800,1988600,"S"
"MSN","11:08:40",62.2,0.1,200,1984800,"S"
"MSN","11:08:35",62.2,0.1,1000,1984600,"S"
"MSN","11:08:23",62.2,0.1,300,1983600,"S"
"MSN","11:08:18",62.1,0,300,1983300,"B"
"MSN","11:08:18",62.1,0,600,1983000,"B"
"MSN","11:08:12",62.1,0,200,1982400,"B"
"MSN","11:08:06",62.1,0,500,1982200,"B"
"MSN","11:08:05",62.2,0.1,100,1981700,"S"
"MSN","11:08:03",62.2,0.1,100,1981600,"S"
"MSN","11:08:02",62.2,0.1,1000,1981500,"S"
"MSN","11:08:02",62.2,0.1,100,1980500,"S"
"MSN","11:08:01",62.2,0.1,3300,1980400,"S"
"MSN","11:07:57",62.2,0.1,2100,1977100,"S"
"MSN","11:07:49",62.2,0.1,2000,1975000,"S"
"MSN","11:07:48",62.2,0.1,1100,1973000,"B"
"MSN","11:07:32",62.4,0.3,2500,1971900,"S"
"MSN","11:07:25",62.4,0.3,1500,1969400,"S"
"MSN","11:07:23",62.1,0,3500,1967900,"B"
"MSN","11:07:23",62.2,0.1,42500,1964400,"B"
"MSN","11:07:23",62.3,0.2,4000,1921900,"B"
"MSN","11:07:22",62.3,0.2,600,1917900,"B"
"MSN","11:07:15",62.3,0.2,4700,1917300,"B"
"MSN","11:07:13",62.4,0.3,400,1912600,"S"
"MSN","11:07:10",62.3,0.2,800,1912200,"B"
"MSN","11:07:08",62.3,0.2,5000,1911400,"B"
"MSN","11:07:06",62.3,0.2,100,1906400,"B"
"MSN","11:06:58",62.3,0.2,900,1906300,"B"
"MSN","11:06:58",62.3,0.2,100,1905400,"B"
"MSN","11:06:52",62.3,0.2,500,1905300,"B"
"MSN","11:06:33",62.3,0.2,1000,1904800,"B"
"MSN","11:06:24",62.4,0.3,100,1903800,"S"
"MSN","11:06:23",62.4,0.3,700,1903700,"S"
"MSN","11:06:20",62.4,0.3,1800,1903000,"B"
"MSN","11:06:17",62.4,0.3,1000,1901200,"B"
"MSN","11:06:17",62.4,0.3,300,1900200,"B"
"MSN","11:06:16",62.4,0.3,700,1899900,"B"
"MSN","11:06:14",62.4,0.3,2000,1899200,"B"
"MSN","11:06:05",62.4,0.3,6600,1897200,"B"
"MSN","11:05:53",62.4,0.3,600,1890600,"B"
"MSN","11:05:51",62.4,0.3,2000,1890000,"B"
"MSN","11:05:48",62.4,0.3,200,1888000,"B"
"MSN","11:05:39",62.4,0.3,600,1887800,"B"
"MSN","11:05:18",62.5,0.4,100,1887200,"S"
"MSN","11:05:17",62.5,0.4,700,1887100,"B"
"MSN","11:05:11",62.5,0.4,500,1886400,"B"
"MSN","11:05:03",62.5,0.4,100,1885900,"B"
"MSN","11:04:40",62.6,0.5,3000,1885800,"S"
"MSN","11:04:39",62.5,0.4,35000,1882800,"B"
"MSN","11:04:31",62.5,0.4,200,1847800,"B"
"MSN","11:04:30",62.5,0.4,500,1847600,"B"
"MSN","11:04:24",62.6,0.5,3300,1847100,"S"
"MSN","11:04:21",62.5,0.4,1200,1843800,"B"
"MSN","11:04:18",62.5,0.4,100,1842600,"B"
"MSN","11:04:16",62.5,0.4,100,1842500,"B"
"MSN","11:04:11",62.5,0.4,400,1842400,"B"
"MSN","11:04:06",62.5,0.4,5000,1842000,"B"
"MSN","11:03:54",62.5,0.4,1500,1837000,"B"
"MSN","11:03:48",62.5,0.4,500,1835500,"B"
"MSN","11:03:45",62.5,0.4,6200,1835000,"B"
"MSN","11:03:34",62.5,0.4,6200,1828800,"B"
"MSN","11:03:33",62.6,0.5,1700,1822600,"S"
"MSN","11:03:09",62.6,0.5,200,1820900,"B"
"MSN","11:03:06",62.6,0.5,500,1820700,"B"
"MSN","11:03:00",62.6,0.5,1000,1820200,"B"
"MSN","11:03:00",62.6,0.5,1600,1819200,"S"
"MSN","11:02:56",62.6,0.5,1100,1817600,"S"
"MSN","11:02:52",62.5,0.4,7000,1816500,"B"
"MSN","11:02:50",62.6,0.5,4400,1809500,"B"
"MSN","11:02:45",62.6,0.5,1000,1805100,"B"
"MSN","11:02:38",62.6,0.5,1300,1804100,"B"
"MSN","11:02:34",62.7,0.6,500,1802800,"S"
"MSN","11:02:32",62.6,0.5,1000,1802300,"B"
"MSN","11:02:23",62.6,0.5,600,1801300,"B"
"MSN","11:02:16",62.6,0.5,3000,1800700,"B"
"MSN","11:02:07",62.6,0.5,200,1797700,"B"
"MSN","11:02:01",62.6,0.5,500,1797500,"B"
"MSN","11:01:47",62.6,0.5,1000,1797000,"B"
"MSN","11:01:42",62.6,0.5,500,1796000,"B"
"MSN","11:01:29",62.6,0.5,600,1795500,"B"
"MSN","11:01:11",62.6,0.5,10000,1794900,"B"
"MSN","11:01:10",62.6,0.5,100,1784900,"B"
"MSN","11:01:02",62.7,0.6,3300,1784800,"S"
"MSN","11:01:00",62.6,0.5,500,1781500,"B"
"MSN","11:00:40",62.7,0.6,3300,1781000,"S"
"MSN","11:00:31",62.7,0.6,100,1777700,"S"
"MSN","11:00:18",62.7,0.6,23400,1777600,"B"
"MSN","10:59:35",62.7,0.6,600,1754200,"B"
"MSN","10:59:09",62.7,0.6,300,1753600,"B"
"MSN","10:58:53",62.7,0.6,500,1753300,"B"
"MSN","10:58:37",62.8,0.7,1000,1752800,"S"
"MSN","10:58:29",62.8,0.7,4600,1751800,"B"
"MSN","10:58:25",62.8,0.7,800,1747200,"B"
"MSN","10:58:24",62.9,0.8,1100,1746400,"B"
"MSN","10:58:13",62.8,0.7,300,1745300,"B"
"MSN","10:58:13",62.9,0.8,200,1745000,"B"
"MSN","10:57:59",62.9,0.8,3200,1741500,"S"
"MSN","10:57:49",62.9,0.8,1300,1738300,"S"
"MSN","10:57:45",62.9,0.8,3300,1737000,"S"
"MSN","10:57:32",62.8,0.7,1000,1733700,"B"
"MSN","10:57:31",62.8,0.7,500,1732700,"B"
"MSN","10:57:29",62.9,0.8,3300,1732200,"S"
"MSN","10:57:27",62.8,0.7,200,1728900,"B"
"MSN","10:57:26",62.8,0.7,2000,1728700,"B"
"MSN","10:56:50",62.8,0.7,500,1726700,"B"
"MSN","10:56:31",62.8,0.7,500,1726200,"B"
"MSN","10:56:08",62.8,0.7,500,1725700,"B"
"MSN","10:55:55",62.8,0.7,100,1725200,"B"
"MSN","10:55:51",62.9,0.8,3300,1725100,"S"
"MSN","10:55:42",62.9,0.8,600,1721800,"S"
"MSN","10:55:37",62.8,0.7,1000,1721200,"B"
"MSN","10:55:33",62.8,0.7,3300,1720200,"B"
"MSN","10:55:27",62.8,0.7,500,1716900,"B"
"MSN","10:54:46",62.8,0.7,500,1716400,"B"
"MSN","10:54:36",62.8,0.7,1500,1715900,"B"
"MSN","10:54:21",62.8,0.7,100,1714400,"B"
"MSN","10:54:04",62.8,0.7,1600,1714300,"B"
"MSN","10:53:21",62.8,0.7,500,1712700,"B"
"MSN","10:52:38",62.8,0.7,500,1712200,"B"
"MSN","10:52:24",62.8,0.7,100,1711700,"B"
"MSN","10:51:56",62.8,0.7,600,1711600,"B"
"MSN","10:51:42",62.8,0.7,1000,1711000,"B"
"MSN","10:51:15",62.8,0.7,500,1710000,"B"
"MSN","10:50:44",62.8,0.7,200,1709500,"B"
"MSN","10:50:38",62.8,0.7,1000,1709300,"B"
"MSN","10:50:34",62.8,0.7,500,1708300,"B"
"MSN","10:50:30",62.8,0.7,2000,1707800,"B"
"MSN","10:50:28",62.8,0.7,100,1705800,"B"
"MSN","10:50:11",62.8,0.7,5000,1705700,"B"
"MSN","10:49:51",62.8,0.7,500,1700700,"B"
"MSN","10:49:09",62.8,0.7,500,1700200,"B"
"MSN","10:48:42",62.8,0.7,500,1699700,"B"
"MSN","10:48:27",62.8,0.7,500,1699200,"B"
"MSN","10:48:14",62.8,0.7,100,1698700,"B"
"MSN","10:48:10",62.8,0.7,7000,1698600,"B"
"MSN","10:47:56",62.9,0.8,3000,1691600,"B"
"MSN","10:47:49",62.9,0.8,100,1688600,"B"
"MSN","10:47:46",62.9,0.8,600,1688500,"B"
"MSN","10:47:03",62.9,0.8,500,1687900,"B"
"MSN","10:47:01",62.9,0.8,700,1687400,"B"
"MSN","10:46:52",62.9,0.8,1000,1686700,"B"
"MSN","10:46:36",62.9,0.8,100,1685700,"B"
"MSN","10:46:22",62.9,0.8,500,1685600,"B"
"MSN","10:46:15",62.9,0.8,200,1685100,"B"
"MSN","10:45:47",62.9,0.8,900,1684900,"S"
"MSN","10:45:40",62.9,0.8,200,1684000,"S"
"MSN","10:45:37",62.9,0.8,2000,1683800,"S"
"MSN","10:45:36",62.9,0.8,500,1681800,"S"
"MSN","10:45:29",62.9,0.8,500,1681300,"S"
"MSN","10:45:28",62.9,0.8,4500,1680800,"S"
"MSN","10:45:25",62.9,0.8,4000,1676300,"S"
"MSN","10:45:22",62.9,0.8,2400,1672300,"S"
"MSN","10:45:08",62.9,0.8,100,1669900,"S"
"MSN","10:44:54",62.9,0.8,3000,1669800,"S"
"MSN","10:44:50",62.9,0.8,700,1666800,"S"
"MSN","10:44:47",62.9,0.8,1400,1666100,"S"
"MSN","10:44:38",62.9,0.8,600,1664700,"S"
"MSN","10:44:36",62.8,0.7,1500,1664100,"B"
"MSN","10:44:30",62.8,0.7,500,1662600,"B"
"MSN","10:44:25",62.8,0.7,1000,1662100,"B"
"MSN","10:43:18",62.9,0.8,1000,1661100,"S"
"MSN","10:43:09",62.9,0.8,1100,1660100,"S"
"MSN","10:42:54",62.9,0.8,1100,1659000,"S"
"MSN","10:42:49",62.8,0.7,100,1657900,"B"
"MSN","10:42:48",62.9,0.8,1100,1657800,"S"
"MSN","10:42:44",62.8,0.7,100,1656700,"B"
"MSN","10:42:40",62.8,0.7,200,1656600,"S"
"MSN","10:42:38",62.8,0.7,1000,1656400,"S"
"MSN","10:42:35",62.8,0.7,100,1655400,"S"
"MSN","10:42:33",62.8,0.7,300,1655300,"S"
"MSN","10:42:25",62.8,0.7,1100,1655000,"S"
"MSN","10:42:21",62.8,0.7,200,1653900,"S"
"MSN","10:42:16",62.8,0.7,1100,1653700,"S"
"MSN","10:42:12",62.8,0.7,3300,1652600,"S"
"MSN","10:42:06",62.8,0.7,500,1649300,"S"
"MSN","10:42:02",62.8,0.7,100,1648800,"S"
"MSN","10:42:00",62.7,0.6,500,1648700,"B"
"MSN","10:41:55",62.7,0.6,100,1648200,"B"
"MSN","10:41:55",62.8,0.7,1100,1648100,"S"
"MSN","10:41:44",62.7,0.6,10000,1647000,"B"
"MSN","10:41:40",62.8,0.7,1100,1637000,"S"
"MSN","10:41:38",62.8,0.7,3300,1635900,"S"
"MSN","10:41:35",62.8,0.7,1100,1632600,"S"
"MSN","10:41:15",62.8,0.7,1100,1631500,"S"
"MSN","10:41:14",62.7,0.6,1000,1630400,"B"
"MSN","10:41:13",62.8,0.7,3300,1629400,"S"
"MSN","10:41:08",62.8,0.7,1100,1626100,"S"
"MSN","10:41:02",62.8,0.7,200,1625000,"S"
"MSN","10:40:52",62.8,0.7,1100,1624800,"S"
"MSN","10:40:43",62.8,0.7,1100,1623700,"S"
"MSN","10:40:33",62.8,0.7,7900,1622600,"B"
"MSN","10:40:31",62.8,0.7,2000,1614700,"B"
"MSN","10:40:28",62.8,0.7,1000,1612700,"B"
"MSN","10:40:19",62.8,0.7,1000,1611700,"B"
"MSN","10:40:17",62.8,0.7,6200,1610700,"B"
"MSN","10:40:13",62.8,0.7,1200,1604500,"B"
"MSN","10:40:13",62.8,0.7,5000,1603300,"B"
"MSN","10:39:48",62.9,0.8,1100,1598300,"S"
"MSN","10:39:47",62.8,0.7,100,1597200,"B"
"MSN","10:39:40",62.8,0.7,4600,1597100,"B"
"MSN","10:39:28",62.8,0.7,500,1592500,"B"
"MSN","10:39:22",62.8,0.7,1000,1592000,"B"
"MSN","10:39:21",62.8,0.7,2100,1591000,"B"
"MSN","10:39:19",62.8,0.7,300,1588900,"B"
"MSN","10:39:17",62.9,0.8,1100,1588600,"S"
"MSN","10:39:11",62.8,0.7,300,1587500,"B"
"MSN","10:39:05",62.8,0.7,600,1587200,"B"
"MSN","10:39:05",62.8,0.7,1500,1586600,"B"
"MSN","10:38:44",62.8,0.7,1000,1585100,"B"
"MSN","10:37:54",62.9,0.8,400,1584100,"B"
"MSN","10:37:53",62.9,0.8,400,1583700,"B"
"MSN","10:37:50",62.9,0.8,6000,1583300,"B"
"MSN","10:37:49",62.9,0.8,1000,1577300,"B"
"MSN","10:37:47",62.9,0.8,400,1576300,"B"
"MSN","10:37:38",62.9,0.8,900,1575900,"B"
"MSN","10:37:35",62.9,0.8,2000,1575000,"B"
"MSN","10:37:35",62.9,0.8,1000,1573000,"B"
"MSN","10:37:29",62.9,0.8,500,1572000,"B"
"MSN","10:37:28",62.9,0.8,500,1571500,"B"
"MSN","10:37:18",62.9,0.8,200,1571000,"B"
"MSN","10:37:14",62.9,0.8,1000,1570800,"B"
"MSN","10:36:47",62.9,0.8,3000,1569800,"B"
"MSN","10:36:35",62.9,0.8,100,1566800,"B"
"MSN","10:36:24",62.9,0.8,900,1566700,"B"
"MSN","10:36:13",62.9,0.8,1000,1565800,"B"
"MSN","10:36:04",62.9,0.8,100,1564800,"B"
"MSN","10:35:51",62.9,0.8,5000,1564700,"B"
"MSN","10:35:49",62.9,0.8,500,1559700,"B"
"MSN","10:35:43",62.9,0.8,500,1559200,"B"
"MSN","10:35:06",62.9,0.8,1000,1558700,"B"
"MSN","10:34:55",62.9,0.8,3000,1557700,"B"
"MSN","10:34:46",62.9,0.8,500,1554700,"B"
"MSN","10:34:09",62.9,0.8,200,1554200,"B"
"MSN","10:34:02",62.9,0.8,1000,1554000,"B"
"MSN","10:33:37",62.9,0.8,500,1553000,"B"
"MSN","10:33:10",63,0.9,3000,1552500,"S"
"MSN","10:32:49",63,0.9,100,1549500,"S"
"MSN","10:32:45",62.9,0.8,500,1549400,"B"
"MSN","10:32:27",63,0.9,100,1548900,"S"
"MSN","10:32:21",62.9,0.8,1000,1548800,"B"
"MSN","10:31:34",63,0.9,5000,1547800,"S"
"MSN","10:31:13",62.9,0.8,500,1542800,"B"
"MSN","10:31:06",62.9,0.8,3800,1542300,"B"
"MSN","10:31:05",62.9,0.8,2400,1538500,"B"
"MSN","10:31:02",62.9,0.8,1000,1536100,"B"
"MSN","10:30:44",62.9,0.8,1000,1535100,"B"
"MSN","10:30:20",62.9,0.8,4800,1534100,"B"
"MSN","10:28:46",63,0.9,200,1529300,"S"
"MSN","10:28:14",62.9,0.8,1100,1529100,"B"
"MSN","10:27:13",62.9,0.8,1000,1528000,"B"
"MSN","10:26:56",63,0.9,1200,1527000,"S"
"MSN","10:26:56",62.9,0.8,1500,1525800,"S"
"MSN","10:26:52",62.9,0.8,300,1524300,"S"
"MSN","10:26:48",62.9,0.8,200,1524000,"S"
"MSN","10:26:22",62.9,0.8,16800,1523800,"B"
"MSN","10:26:16",62.9,0.8,1000,1507000,"B"
"MSN","10:26:08",62.9,0.8,500,1506000,"B"
"MSN","10:24:45",62.9,0.8,1000,1505500,"B"
"MSN","10:24:19",63,0.9,100,1504500,"S"
"MSN","10:23:45",63,0.9,1000,1504400,"S"
"MSN","10:23:36",63,0.9,1000,1503400,"S"
"MSN","10:23:29",63,0.9,2000,1502400,"B"
"MSN","10:23:28",63,0.9,900,1500400,"B"
"MSN","10:23:24",63,0.9,500,1499500,"B"
"MSN","10:23:16",63.1,1,100,1499000,"S"
"MSN","10:22:23",63.1,1,8000,1498900,"S"
"MSN","10:22:20",63,0.9,700,1490900,"S"
"MSN","10:22:15",63,0.9,1000,1490200,"S"
"MSN","10:22:14",63,0.9,1000,1489200,"S"
"MSN","10:22:02",63,0.9,100,1488200,"S"
"MSN","10:22:01",63,0.9,4300,1488100,"B"
"MSN","10:21:57",63,0.9,4000,1483800,"B"
"MSN","10:21:20",63,0.9,14200,1479800,"S"
"MSN","10:21:12",63,0.9,300,1465600,"S"
"MSN","10:20:36",63,0.9,5000,1465300,"S"
"MSN","10:20:33",63,0.9,200,1460300,"S"
"MSN","10:20:14",63,0.9,100,1460100,"S"
"MSN","10:20:13",62.9,0.8,400,1460000,"B"
"MSN","10:20:09",63,0.9,100,1459600,"S"
"MSN","10:20:03",63,0.9,8000,1459500,"S"
"MSN","10:19:46",63,0.9,7000,1451500,"S"
"MSN","10:19:28",62.9,0.8,200,1444500,"B"
"MSN","10:18:57",63,0.9,100,1444300,"S"
"MSN","10:18:23",63,0.9,1000,1444200,"S"
"MSN","10:18:08",62.9,0.8,300,1443200,"B"
"MSN","10:18:02",63,0.9,10000,1442900,"S"
"MSN","10:17:57",62.9,0.8,300,1432900,"B"
"MSN","10:17:16",62.9,0.8,100,1432600,"B"
"MSN","10:17:03",63,0.9,500,1432500,"S"
"MSN","10:16:59",63,0.9,500,1432000,"S"
"MSN","10:16:46",63,0.9,15500,1431500,"B"
"MSN","10:16:46",63.1,1,100,1416000,"B"
"MSN","10:16:14",63.2,1.1,100,1415900,"S"
"MSN","10:16:14",63.1,1,900,1415800,"S"
"MSN","10:16:13",63.1,1,100,1414900,"S"
"MSN","10:16:05",63,0.9,1000,1414800,"B"
"MSN","10:15:59",63,0.9,4000,1413800,"B"
"MSN","10:15:42",63,0.9,1700,1409800,"B"
"MSN","10:15:42",63.1,1,2300,1408100,"B"
"MSN","10:15:26",63.1,1,100,1405800,"B"
"MSN","10:14:56",63.2,1.1,600,1405700,"S"
"MSN","10:14:47",63.1,1,300,1405100,"S"
"MSN","10:14:46",63.1,1,600,1404800,"S"
"MSN","10:14:26",63,0.9,100,1404200,"B"
"MSN","10:14:25",63.1,1,2700,1404100,"B"
"MSN","10:14:21",63.2,1.1,1500,1401400,"S"
"MSN","10:13:32",63.1,1,100,1399900,"B"
"MSN","10:13:07",63.1,1,2300,1399800,"B"
"MSN","10:13:07",63.1,1,1000,1397500,"B"
"MSN","10:13:04",63.2,1.1,1000,1396500,"S"
"MSN","10:12:55",63.1,1,100,1395500,"B"
"MSN","10:12:38",63.1,1,7800,1395400,"S"
"MSN","10:12:36",63.1,1,400,1387600,"S"
"MSN","10:12:31",63.1,1,200,1387200,"S"
"MSN","10:12:16",63.1,1,1000,1387000,"S"
"MSN","10:11:56",63.1,1,1700,1386000,"B"
"MSN","10:11:38",63.1,1,3300,1384300,"S"
"MSN","10:11:29",63.1,1,100,1381000,"S"
"MSN","10:11:26",63.1,1,100,1380900,"B"
"MSN","10:11:11",63.1,1,3300,1380800,"B"
"MSN","10:11:06",63.2,1.1,200,1377500,"S"
"MSN","10:11:03",63.2,1.1,2700,1377300,"S"
"MSN","10:11:03",63.2,1.1,7300,1374600,"S"
"MSN","10:11:01",63.1,1,100,1367300,"B"
"MSN","10:10:50",63.1,1,5300,1367200,"S"
"MSN","10:10:34",63.1,1,100,1361900,"S"
"MSN","10:10:23",63,0.9,3100,1361800,"B"
"MSN","10:10:23",63.1,1,200,1358700,"B"
"MSN","10:10:16",63.1,1,800,1358500,"S"
"MSN","10:10:15",63.1,1,900,1357700,"S"
"MSN","10:10:00",63,0.9,2900,1356800,"S"
"MSN","10:09:58",63,0.9,1000,1353900,"S"
"MSN","10:09:52",63,0.9,100,1352900,"S"
"MSN","10:09:42",63.1,1,4500,1352800,"S"
"MSN","10:09:42",63,0.9,500,1348300,"S"
"MSN","10:09:39",63,0.9,10000,1347800,"S"
"MSN","10:09:38",63,0.9,5000,1337800,"S"
"MSN","10:09:38",63,0.9,2000,1332800,"S"
"MSN","10:09:24",63,0.9,100,1330800,"S"
"MSN","10:09:23",62.9,0.8,3300,1330700,"S"
"MSN","10:09:22",62.9,0.8,1000,1327400,"S"
"MSN","10:09:11",62.9,0.8,100,1326400,"S"
"MSN","10:09:10",62.9,0.8,3500,1326300,"S"
"MSN","10:09:02",62.9,0.8,300,1322800,"S"
"MSN","10:08:56",62.9,0.8,300,1322500,"S"
"MSN","10:08:51",62.8,0.7,3300,1322200,"B"
"MSN","10:07:59",62.8,0.7,500,1318900,"S"
"MSN","10:07:59",62.8,0.7,400,1318400,"S"
"MSN","10:07:58",62.8,0.7,200,1318000,"S"
"MSN","10:07:56",62.8,0.7,100,1317800,"S"
"MSN","10:07:53",62.8,0.7,100,1317700,"S"
"MSN","10:07:49",62.8,0.7,1000,1317600,"S"
"MSN","10:07:49",62.7,0.6,3300,1316600,"B"
"MSN","10:07:48",62.8,0.7,1500,1313300,"S"
"MSN","10:07:45",62.8,0.7,1700,1311800,"S"
"MSN","10:07:43",62.8,0.7,2000,1310100,"S"
"MSN","10:07:41",62.8,0.7,1000,1308100,"S"
"MSN","10:07:16",62.8,0.7,1300,1307100,"S"
"MSN","10:07:11",62.7,0.6,3300,1305800,"B"
"MSN","10:07:07",62.8,0.7,1000,1302500,"S"
"MSN","10:07:02",62.8,0.7,600,1301500,"S"
"MSN","10:06:56",62.8,0.7,800,1300900,"S"
"MSN","10:06:49",62.8,0.7,3400,1300100,"B"
"MSN","10:06:46",62.8,0.7,1600,1296700,"S"
"MSN","10:06:43",62.8,0.7,300,1295100,"S"
"MSN","10:06:41",62.8,0.7,1200,1294800,"B"
"MSN","10:06:37",62.8,0.7,4600,1293600,"S"
"MSN","10:06:30",62.8,0.7,200,1289000,"S"
"MSN","10:06:28",62.8,0.7,1600,1288800,"S"
"MSN","10:06:24",62.8,0.7,100,1287200,"S"
"MSN","10:06:14",62.8,0.7,200,1287100,"S"
"MSN","10:06:09",62.7,0.6,500,1286900,"B"
"MSN","10:06:00",62.8,0.7,100,1286400,"S"
"MSN","10:05:55",62.7,0.6,300,1286300,"B"
"MSN","10:05:45",62.7,0.6,300,1286000,"B"
"MSN","10:05:44",62.7,0.6,500,1285700,"B"
"MSN","10:05:42",62.8,0.7,900,1285200,"B"
"MSN","10:05:40",62.8,0.7,100,1284300,"S"
"MSN","10:05:35",62.7,0.6,100,1284200,"B"
"MSN","10:05:34",62.7,0.6,2500,1284100,"B"
"MSN","10:05:31",62.7,0.6,900,1281600,"B"
"MSN","10:05:28",62.7,0.6,3300,1280700,"B"
"MSN","10:05:26",62.7,0.6,2500,1277400,"B"
"MSN","10:05:22",62.7,0.6,900,1274900,"B"
"MSN","10:05:21",62.8,0.7,100,1274000,"S"
"MSN","10:05:18",62.8,0.7,2100,1273900,"B"
"MSN","10:05:16",62.8,0.7,2300,1271800,"B"
"MSN","10:05:15",62.8,0.7,3300,1269500,"B"
"MSN","10:05:11",62.8,0.7,2200,1266200,"B"
"MSN","10:05:10",62.8,0.7,900,1264000,"B"
"MSN","10:05:06",62.8,0.7,500,1263100,"B"
"MSN","10:05:05",62.8,0.7,2200,1262600,"B"
"MSN","10:05:04",62.8,0.7,2500,1260400,"B"
"MSN","10:05:01",63,0.9,400,1257900,"S"
"MSN","10:05:01",62.8,0.7,900,1257500,"B"
"MSN","10:04:54",62.8,0.7,2700,1256600,"B"
"MSN","10:04:51",62.8,0.7,2200,1253900,"B"
"MSN","10:04:50",62.8,0.7,900,1251700,"B"
"MSN","10:04:47",62.8,0.7,2200,1250800,"B"
"MSN","10:04:42",62.8,0.7,1500,1248600,"B"
"MSN","10:04:42",62.9,0.8,3000,1247100,"B"
"MSN","10:04:41",63,0.9,500,1244100,"S"
"MSN","10:04:40",62.9,0.8,2500,1243600,"B"
"MSN","10:04:29",62.9,0.8,100,1241100,"B"
"MSN","10:03:57",63,0.9,3800,1241000,"S"
"MSN","10:03:52",62.9,0.8,3400,1237200,"S"
"MSN","10:03:50",62.9,0.8,5000,1233800,"S"
"MSN","10:03:27",62.9,0.8,500,1228800,"S"
"MSN","10:03:12",62.9,0.8,500,1228300,"S"
"MSN","10:03:10",62.8,0.7,4100,1227800,"B"
"MSN","10:03:03",62.9,0.8,100,1223700,"S"
"MSN","10:02:50",62.8,0.7,100,1223600,"S"
"MSN","10:02:47",62.8,0.7,1000,1223500,"S"
"MSN","10:02:41",62.8,0.7,100,1222500,"S"
"MSN","10:02:39",62.8,0.7,600,1222400,"S"
"MSN","10:02:37",62.8,0.7,500,1221800,"S"
"MSN","10:02:36",62.8,0.7,100,1221300,"S"
"MSN","10:02:33",62.8,0.7,1000,1221200,"S"
"MSN","10:02:30",62.8,0.7,100,1220200,"S"
"MSN","10:02:22",62.8,0.7,1000,1220100,"S"
"MSN","10:02:16",62.7,0.6,3100,1219100,"B"
"MSN","10:02:15",62.7,0.6,100,1216000,"S"
"MSN","10:02:12",62.7,0.6,5000,1215900,"S"
"MSN","10:02:04",62.7,0.6,2100,1210900,"B"
"MSN","10:02:00",62.7,0.6,2700,1208800,"S"
"MSN","10:01:59",62.7,0.6,6000,1206100,"S"
"MSN","10:01:54",62.6,0.5,2300,1200100,"B"
"MSN","10:01:54",62.6,0.5,800,1197800,"B"
"MSN","10:01:51",62.6,0.5,3100,1197000,"B"
"MSN","10:01:42",62.7,0.6,300,1193900,"S"
"MSN","10:01:42",62.6,0.5,4400,1193600,"B"
"MSN","10:01:41",62.7,0.6,5600,1189200,"B"
"MSN","10:01:38",62.8,0.7,100,1183600,"S"
"MSN","10:01:32",62.8,0.7,1700,1183500,"B"
"MSN","10:01:27",62.8,0.7,3300,1181800,"B"
"MSN","10:01:24",62.8,0.7,1100,1178500,"B"
"MSN","10:01:06",62.9,0.8,2000,1177400,"S"
"MSN","10:00:51",62.9,0.8,2200,1175400,"B"
"MSN","10:00:43",62.9,0.8,3300,1173200,"B"
"MSN","10:00:42",62.9,0.8,500,1169900,"S"
"MSN","10:00:39",62.8,0.7,900,1169400,"B"
"MSN","10:00:37",62.8,0.7,2500,1168500,"B"
"MSN","10:00:37",62.9,0.8,300,1166000,"S"
"MSN","10:00:32",62.8,0.7,3300,1165700,"B"
"MSN","10:00:27",62.9,0.8,1400,1162400,"B"
"MSN","10:00:27",62.9,0.8,3600,1161000,"S"
"MSN","10:00:26",62.8,0.7,900,1157400,"B"
"MSN","10:00:17",62.8,0.7,2200,1156500,"B"
"MSN","09:59:57",62.8,0.7,3800,1154300,"B"
"MSN","09:59:56",62.9,0.8,2000,1150500,"S"
"MSN","09:59:56",62.8,0.7,2100,1148500,"B"
"MSN","09:59:53",62.9,0.8,100,1146400,"S"
"MSN","09:59:51",62.9,0.8,500,1146300,"S"
"MSN","09:59:47",62.9,0.8,2800,1145800,"B"
"MSN","09:59:44",63.1,1,1100,1143000,"S"
"MSN","09:59:44",63,0.9,100,1141900,"S"
"MSN","09:59:43",63,0.9,3200,1141800,"B"
"MSN","09:59:43",63.2,1.1,5100,1138600,"S"
"MSN","09:59:43",63.2,1.1,2200,1133500,"S"
"MSN","09:59:43",63.1,1,2400,1131300,"S"
"MSN","09:59:35",63.1,1,3300,1128900,"B"
"MSN","09:59:21",63.2,1.1,5000,1125600,"S"
"MSN","09:59:08",63.2,1.1,1900,1120600,"S"
"MSN","09:59:02",63.1,1,800,1118700,"B"
"MSN","09:58:52",63.1,1,3000,1117900,"B"
"MSN","09:58:30",63.1,1,300,1114900,"B"
"MSN","09:58:20",63.1,1,3100,1114600,"B"
"MSN","09:58:14",63.1,1,10000,1111500,"B"
"MSN","09:57:59",63.1,1,3300,1101500,"B"
"MSN","09:57:57",63.1,1,100,1098200,"B"
"MSN","09:57:53",63.1,1,2000,1098100,"B"
"MSN","09:57:40",63.1,1,900,1096100,"B"
"MSN","09:57:36",63.2,1.1,100,1095200,"S"
"MSN","09:57:34",63.2,1.1,6000,1095100,"S"
"MSN","09:57:32",63.2,1.1,1000,1089100,"S"
"MSN","09:57:26",63.2,1.1,100,1088100,"S"
"MSN","09:57:13",63.2,1.1,5000,1083800,"S"
"MSN","09:57:12",63.1,1,200,1078800,"B"
"MSN","09:56:56",63.1,1,3300,1078600,"B"
"MSN","09:56:53",63.1,1,800,1075300,"B"
"MSN","09:56:51",63.1,1,1600,1074500,"S"
"MSN","09:56:44",63.1,1,500,1072900,"S"
"MSN","09:56:43",63.1,1,600,1072400,"S"
"MSN","09:56:26",63.1,1,2400,1071800,"B"
"MSN","09:56:26",63.1,1,300,1069400,"B"
"MSN","09:56:21",63.1,1,5600,1069100,"S"
"MSN","09:56:16",63.1,1,300,1063500,"B"
"MSN","09:56:08",63.1,1,900,1063200,"B"
"MSN","09:56:00",63.2,1.1,100,1062300,"S"
"MSN","09:55:55",63.1,1,900,1062200,"B"
"MSN","09:55:51",63.2,1.1,100,1061300,"B"
"MSN","09:55:46",63.2,1.1,900,1061200,"B"
"MSN","09:55:37",63.2,1.1,5000,1060300,"B"
"MSN","09:55:37",63.2,1.1,900,1055300,"B"
"MSN","09:55:33",63.3,1.2,1800,1054400,"S"
"MSN","09:55:29",63.2,1.1,1100,1052600,"S"
"MSN","09:55:28",63.2,1.1,900,1051500,"B"
"MSN","09:55:26",63.2,1.1,100,1050600,"B"
"MSN","09:55:25",63.2,1.1,900,1050500,"B"
"MSN","09:55:21",63.2,1.1,3000,1049600,"B"
"MSN","09:55:16",63.2,1.1,200,1046600,"B"
"MSN","09:55:15",63.2,1.1,900,1046400,"B"
"MSN","09:55:12",63.2,1.1,2000,1045500,"B"
"MSN","09:55:11",63.3,1.2,500,1043500,"S"
"MSN","09:54:56",63.2,1.1,300,1043000,"B"
"MSN","09:54:51",63.3,1.2,1500,1042700,"S"
"MSN","09:54:43",63.2,1.1,100,1041200,"B"
"MSN","09:54:41",63.3,1.2,1000,1041100,"S"
"MSN","09:54:31",63.3,1.2,3800,1040100,"S"
"MSN","09:54:28",63.2,1.1,4200,1036300,"S"
"MSN","09:54:23",63.1,1,3300,1032100,"B"
"MSN","09:54:12",63.1,1,4000,1028800,"B"
"MSN","09:54:09",63.2,1.1,600,1024800,"S"
"MSN","09:54:08",63.2,1.1,300,1024200,"S"
"MSN","09:54:02",63.2,1.1,2000,1023900,"S"
"MSN","09:53:57",63.1,1,600,1021900,"B"
"MSN","09:53:54",63.1,1,100,1021300,"B"
"MSN","09:53:53",63.1,1,100,1021200,"B"
"MSN","09:53:52",63.1,1,100,1021100,"B"
"MSN","09:53:44",63.1,1,600,1021000,"S"
"MSN","09:53:32",63.2,1.1,3600,1020400,"S"
"MSN","09:53:32",63.1,1,1400,1016800,"S"
"MSN","09:53:30",63.1,1,2600,1015400,"B"
"MSN","09:53:23",63.1,1,2400,1012800,"S"
"MSN","09:53:19",63,0.9,500,1010400,"B"
"MSN","09:53:17",63,0.9,4000,1009900,"B"
"MSN","09:53:16",63,0.9,2200,1005900,"B"
"MSN","09:53:15",63,0.9,4000,1003700,"B"
"MSN","09:53:07",63.1,1,200,999700,"S"
"MSN","09:53:06",63,0.9,4000,999500,"B"
"MSN","09:53:02",63,0.9,2000,995500,"B"
"MSN","09:53:02",63,0.9,1100,993500,"B"
"MSN","09:53:01",63,0.9,300,992400,"S"
"MSN","09:53:00",63,0.9,1000,992100,"S"
"MSN","09:53:00",62.9,0.8,2200,991100,"B"
"MSN","09:52:54",63,0.9,2500,988900,"B"
"MSN","09:52:51",63,0.9,7500,986400,"S"
"MSN","09:52:51",62.9,0.8,3100,978900,"B"
"MSN","09:52:49",62.9,0.8,2200,975800,"B"
"MSN","09:52:48",62.9,0.8,3100,973600,"B"
"MSN","09:52:46",62.9,0.8,200,970500,"B"
"MSN","09:52:43",63,0.9,200,970300,"S"
"MSN","09:52:32",63,0.9,800,970100,"S"
"MSN","09:52:20",62.9,0.8,100,969300,"B"
"MSN","09:52:16",62.9,0.8,200,969200,"B"
"MSN","09:52:13",62.9,0.8,900,969000,"B"
"MSN","09:52:12",62.9,0.8,100,968100,"B"
"MSN","09:52:07",62.9,0.8,500,968000,"B"
"MSN","09:52:04",62.9,0.8,1000,967500,"B"
"MSN","09:52:03",62.9,0.8,1800,966500,"S"
"MSN","09:52:02",62.9,0.8,9400,964700,"S"
"MSN","09:52:02",62.8,0.7,100,955300,"B"
"MSN","09:52:01",62.8,0.7,500,955200,"B"
"MSN","09:51:54",62.8,0.7,3100,954700,"B"
"MSN","09:51:54",62.9,0.8,3400,951600,"S"
"MSN","09:51:49",62.8,0.7,1000,948200,"B"
"MSN","09:51:47",62.8,0.7,600,947200,"B"
"MSN","09:51:44",62.8,0.7,3300,946600,"B"
"MSN","09:51:40",62.8,0.7,200,943300,"B"
"MSN","09:51:39",62.8,0.7,100,943100,"B"
"MSN","09:51:38",62.8,0.7,100,943000,"B"
"MSN","09:51:31",62.8,0.7,100,942900,"B"
"MSN","09:51:20",62.8,0.7,100,942800,"B"
"MSN","09:50:58",62.9,0.8,2000,942700,"S"
"MSN","09:50:45",62.9,0.8,1000,940700,"S"
"MSN","09:50:44",62.8,0.7,500,939700,"B"
"MSN","09:50:43",62.8,0.7,500,939200,"B"
"MSN","09:50:41",62.8,0.7,1500,938700,"B"
"MSN","09:50:40",62.8,0.7,2200,937200,"B"
"MSN","09:50:33",62.8,0.7,3000,935000,"B"
"MSN","09:50:32",62.9,0.8,100,932000,"S"
"MSN","09:50:25",62.8,0.7,1100,931900,"B"
"MSN","09:50:24",62.9,0.8,400,930800,"S"
"MSN","09:50:15",62.9,0.8,2000,930400,"S"
"MSN","09:50:14",62.9,0.8,100,928400,"S"
"MSN","09:50:10",62.8,0.7,2200,928300,"B"
"MSN","09:50:06",62.9,0.8,200,926100,"B"
"MSN","09:50:04",62.9,0.8,10000,925900,"B"
"MSN","09:50:01",62.9,0.8,2200,915900,"B"
"MSN","09:50:00",62.9,0.8,10000,913700,"B"
"MSN","09:49:58",62.9,0.8,500,903700,"B"
"MSN","09:49:57",63,0.9,500,903200,"S"
"MSN","09:49:55",62.9,0.8,500,902700,"B"
"MSN","09:49:55",62.9,0.8,900,902200,"B"
"MSN","09:49:53",63,0.9,1000,899100,"S"
"MSN","09:49:47",62.9,0.8,2200,898100,"B"
"MSN","09:49:45",62.9,0.8,10000,895900,"B"
"MSN","09:49:29",63,0.9,200,885900,"S"
"MSN","09:49:26",62.9,0.8,4600,885700,"B"
"MSN","09:49:24",63,0.9,20400,881100,"B"
"MSN","09:49:22",63,0.9,1500,860700,"B"
"MSN","09:49:20",63,0.9,500,859200,"B"
"MSN","09:49:19",63.1,1,2000,858700,"S"
"MSN","09:49:18",63.1,1,200,856700,"S"
"MSN","09:49:17",63,0.9,100,856500,"B"
"MSN","09:49:16",63,0.9,100,856400,"B"
"MSN","09:49:15",63.1,1,200,856300,"S"
"MSN","09:49:09",63,0.9,1100,856100,"B"
"MSN","09:49:07",63.1,1,500,855000,"S"
"MSN","09:48:57",63.1,1,100,854500,"S"
"MSN","09:48:55",63.1,1,2000,854400,"S"
"MSN","09:48:44",63.1,1,2800,852400,"B"
"MSN","09:48:38",63.1,1,2500,849600,"B"
"MSN","09:48:37",63.1,1,600,847100,"B"
"MSN","09:48:34",63.1,1,1100,846500,"B"
"MSN","09:48:30",63.1,1,3000,845400,"B"
"MSN","09:48:25",63.1,1,500,842400,"B"
"MSN","09:48:22",63.1,1,3500,841900,"B"
"MSN","09:48:21",63.1,1,2000,838400,"B"
"MSN","09:48:15",63.1,1,500,836400,"B"
"MSN","09:48:14",63.1,1,1000,835900,"B"
"MSN","09:48:12",63.1,1,100,834900,"B"
"MSN","09:48:06",63.1,1,1000,834800,"B"
"MSN","09:47:53",63.1,1,100,833800,"B"
"MSN","09:47:46",63.2,1.1,100,833700,"S"
"MSN","09:47:43",63.2,1.1,600,833600,"S"
"MSN","09:47:41",63.2,1.1,200,833000,"S"
"MSN","09:47:17",63.2,1.1,2200,832800,"B"
"MSN","09:47:16",63.2,1.1,100,830600,"B"
"MSN","09:47:14",63.2,1.1,100,830500,"B"
"MSN","09:47:11",63.2,1.1,100,830400,"B"
"MSN","09:46:45",63.2,1.1,100,830300,"B"
"MSN","09:46:45",63.2,1.1,1000,830200,"B"
"MSN","09:46:41",63.2,1.1,200,829200,"B"
"MSN","09:46:40",63.2,1.1,100,829000,"B"
"MSN","09:46:35",63.2,1.1,300,828900,"B"
"MSN","09:46:34",63.2,1.1,3000,828600,"B"
"MSN","09:46:32",63.2,1.1,1000,825600,"B"
"MSN","09:46:24",63.2,1.1,1100,824600,"B"
"MSN","09:46:21",63.2,1.1,500,823500,"B"
"MSN","09:46:12",63.2,1.1,100,823000,"B"
"MSN","09:46:09",63.2,1.1,1100,822900,"B"
"MSN","09:46:05",63.2,1.1,500,821800,"B"
"MSN","09:45:53",63.3,1.2,1300,821300,"S"
"MSN","09:45:52",63.2,1.1,1000,820000,"B"
"MSN","09:45:51",63.2,1.1,4100,819000,"B"
"MSN","09:45:46",63.3,1.2,8000,814900,"B"
"MSN","09:45:44",63.4,1.3,300,806900,"S"
"MSN","09:45:43",63.3,1.2,2200,806600,"B"
"MSN","09:45:39",63.3,1.2,100,804400,"B"
"MSN","09:45:36",63.3,1.2,2200,804300,"B"
"MSN","09:45:26",63.3,1.2,2200,802100,"B"
"MSN","09:45:24",63.3,1.2,2000,799900,"B"
"MSN","09:45:22",63.3,1.2,2000,797900,"B"
"MSN","09:45:17",63.3,1.2,1100,795900,"B"
"MSN","09:45:14",63.3,1.2,2000,794800,"B"
"MSN","09:45:10",63.3,1.2,4000,792800,"B"
"MSN","09:45:05",63.3,1.2,6000,788800,"B"
"MSN","09:44:47",63.4,1.3,200,782800,"S"
"MSN","09:44:33",63.3,1.2,200,782600,"B"
"MSN","09:44:09",63.4,1.3,600,782400,"S"
"MSN","09:44:08",63.4,1.3,600,781800,"S"
"MSN","09:44:08",63.4,1.3,100,781200,"S"
"MSN","09:43:59",63.4,1.3,100,781100,"S"
"MSN","09:43:51",63.4,1.3,3300,781000,"B"
"MSN","09:43:49",63.4,1.3,2500,777700,"B"
"MSN","09:43:49",63.4,1.3,3700,775200,"B"
"MSN","09:43:49",63.5,1.4,500,771500,"S"
"MSN","09:43:45",63.4,1.3,6200,771000,"B"
"MSN","09:43:30",63.5,1.4,1000,764800,"S"
"MSN","09:43:27",63.4,1.3,100,763800,"B"
"MSN","09:43:19",63.4,1.3,2200,763700,"B"
"MSN","09:43:18",63.4,1.3,2200,761500,"B"
"MSN","09:42:51",63.5,1.4,500,759300,"S"
"MSN","09:42:40",63.5,1.4,3700,758800,"B"
"MSN","09:42:37",63.5,1.4,3000,755100,"B"
"MSN","09:42:33",63.5,1.4,100,752100,"B"
"MSN","09:42:32",63.5,1.4,700,752000,"B"
"MSN","09:42:28",63.5,1.4,5000,751300,"B"
"MSN","09:42:26",63.5,1.4,4400,746300,"B"
"MSN","09:42:22",63.5,1.4,1000,741900,"B"
"MSN","09:42:19",63.5,1.4,1000,740900,"B"
"MSN","09:42:13",63.5,1.4,200,739900,"B"
"MSN","09:42:12",63.5,1.4,1000,739700,"B"
"MSN","09:42:11",63.5,1.4,100,738700,"B"
"MSN","09:42:05",63.5,1.4,1000,738600,"B"
"MSN","09:42:01",63.5,1.4,3000,737600,"B"
"MSN","09:41:38",63.5,1.4,100,734600,"B"
"MSN","09:41:35",63.5,1.4,700,734500,"B"
"MSN","09:41:33",63.5,1.4,1200,733800,"B"
"MSN","09:41:30",63.5,1.4,100,732600,"B"
"MSN","09:41:01",63.5,1.4,1000,732500,"B"
"MSN","09:40:59",63.5,1.4,3000,731500,"B"
"MSN","09:40:51",63.5,1.4,6200,728500,"B"
"MSN","09:40:48",63.5,1.4,5900,722300,"B"
"MSN","09:40:47",63.5,1.4,300,716400,"B"
"MSN","09:40:38",63.6,1.5,100,716100,"S"
"MSN","09:40:27",63.6,1.5,200,716000,"S"
"MSN","09:40:26",63.5,1.4,1100,715800,"B"
"MSN","09:40:06",63.5,1.4,1600,714700,"B"
"MSN","09:40:03",63.6,1.5,100,713100,"S"
"MSN","09:39:57",63.6,1.5,100,713000,"S"
"MSN","09:39:54",63.6,1.5,200,712900,"S"
"MSN","09:39:54",63.5,1.4,3000,712700,"B"
"MSN","09:39:50",63.5,1.4,1100,709700,"B"
"MSN","09:39:33",63.5,1.4,500,708600,"B"
"MSN","09:39:17",63.6,1.5,500,708100,"S"
"MSN","09:39:03",63.6,1.5,2000,707600,"S"
"MSN","09:39:01",63.5,1.4,100,705600,"B"
"MSN","09:38:46",63.6,1.5,100,705500,"S"
"MSN","09:38:44",63.5,1.4,100,705400,"B"
"MSN","09:38:40",63.5,1.4,2000,705300,"B"
"MSN","09:38:40",63.6,1.5,1300,703300,"B"
"MSN","09:38:39",63.6,1.5,700,702000,"S"
"MSN","09:38:37",63.6,1.5,4800,701300,"S"
"MSN","09:38:37",63.6,1.5,200,696500,"S"
"MSN","09:38:35",63.5,1.4,100,696300,"B"
"MSN","09:38:31",63.6,1.5,200,696200,"S"
"MSN","09:38:18",63.6,1.5,100,696000,"B"
"MSN","09:38:16",63.6,1.5,600,695900,"B"
"MSN","09:38:14",63.6,1.5,800,695300,"B"
"MSN","09:38:14",63.6,1.5,2300,694500,"B"
"MSN","09:38:11",63.6,1.5,3100,692200,"B"
"MSN","09:38:08",63.6,1.5,1000,689100,"B"
"MSN","09:38:06",63.6,1.5,4400,688100,"B"
"MSN","09:38:02",63.6,1.5,2200,683700,"B"
"MSN","09:38:02",63.6,1.5,2200,681500,"B"
"MSN","09:38:01",63.6,1.5,2200,679300,"B"
"MSN","09:38:00",63.6,1.5,2200,677100,"B"
"MSN","09:37:58",63.6,1.5,100,674900,"B"
"MSN","09:37:57",63.6,1.5,2700,674800,"B"
"MSN","09:37:53",63.6,1.5,3500,672100,"B"
"MSN","09:37:48",63.6,1.5,100,668600,"B"
"MSN","09:37:22",63.6,1.5,500,668500,"B"
"MSN","09:37:06",63.6,1.5,100,668000,"B"
"MSN","09:37:02",63.7,1.6,200,667900,"S"
"MSN","09:36:55",63.7,1.6,1500,667700,"S"
"MSN","09:36:49",63.6,1.5,1000,666200,"B"
"MSN","09:36:37",63.6,1.5,400,665200,"B"
"MSN","09:36:20",63.6,1.5,2700,664800,"S"
"MSN","09:36:13",63.6,1.5,200,662100,"S"
"MSN","09:35:57",63.6,1.5,2000,661900,"S"
"MSN","09:35:40",63.5,1.4,4500,659900,"B"
"MSN","09:35:38",63.6,1.5,1600,655400,"B"
"MSN","09:35:34",63.6,1.5,800,653800,"B"
"MSN","09:35:33",63.6,1.5,500,653000,"B"
"MSN","09:35:29",63.6,1.5,400,652500,"B"
"MSN","09:35:25",63.6,1.5,500,652100,"B"
"MSN","09:35:19",63.6,1.5,900,651600,"B"
"MSN","09:35:05",63.6,1.5,200,650700,"B"
"MSN","09:35:00",63.6,1.5,500,650500,"B"
"MSN","09:34:54",63.6,1.5,400,650000,"S"
"MSN","09:34:53",63.6,1.5,1000,649600,"S"
"MSN","09:34:44",63.6,1.5,1000,648600,"S"
"MSN","09:34:41",63.6,1.5,100,647600,"S"
"MSN","09:34:39",63.6,1.5,500,647500,"B"
"MSN","09:34:26",63.5,1.4,900,647000,"B"
"MSN","09:34:22",63.6,1.5,500,646100,"B"
"MSN","09:34:17",63.6,1.5,1500,645600,"B"
"MSN","09:34:14",63.5,1.4,900,644100,"B"
"MSN","09:34:13",63.6,1.5,100,643200,"S"
"MSN","09:34:10",63.6,1.5,2000,643100,"S"
"MSN","09:34:04",63.5,1.4,900,641100,"B"
"MSN","09:34:00",63.6,1.5,900,640200,"S"
"MSN","09:34:00",63.6,1.5,200,639300,"S"
"MSN","09:33:58",63.6,1.5,1000,639100,"S"
"MSN","09:33:55",63.6,1.5,5000,638100,"S"
"MSN","09:33:53",63.6,1.5,1000,633100,"S"
"MSN","09:33:50",63.5,1.4,900,632100,"B"
"MSN","09:33:49",63.6,1.5,100,631200,"S"
"MSN","09:33:46",63.5,1.4,300,631100,"B"
"MSN","09:33:44",63.5,1.4,1100,630800,"B"
"MSN","09:33:43",63.5,1.4,2200,629700,"B"
"MSN","09:33:39",63.5,1.4,900,627500,"B"
"MSN","09:33:26",63.6,1.5,1000,626600,"S"
"MSN","09:33:10",63.6,1.5,100,625600,"S"
"MSN","09:33:08",63.6,1.5,100,625500,"S"
"MSN","09:33:00",63.6,1.5,1500,625400,"B"
"MSN","09:32:59",63.6,1.5,1200,623900,"B"
"MSN","09:32:56",63.6,1.5,100,622700,"B"
"MSN","09:32:56",63.6,1.5,3000,622600,"B"
"MSN","09:32:51",63.6,1.5,100,619600,"B"
"MSN","09:32:50",63.7,1.6,500,619500,"S"
"MSN","09:32:47",63.6,1.5,100,619000,"B"
"MSN","09:32:44",63.6,1.5,200,618900,"B"
"MSN","09:32:37",63.7,1.6,10000,618700,"S"
"MSN","09:32:37",63.6,1.5,100,608700,"B"
"MSN","09:32:35",63.6,1.5,500,608600,"B"
"MSN","09:32:32",63.6,1.5,3100,608100,"B"
"MSN","09:32:31",63.6,1.5,1600,605000,"B"
"MSN","09:32:30",63.6,1.5,1500,603400,"B"
"MSN","09:32:21",63.7,1.6,1000,601900,"S"
"MSN","09:32:14",63.7,1.6,800,600900,"S"
"MSN","09:31:59",63.7,1.6,100,600100,"S"
"MSN","09:31:54",63.7,1.6,1100,600000,"S"
"MSN","09:31:53",63.6,1.5,100,598900,"B"
"MSN","09:31:52",63.7,1.6,800,598800,"S"
"MSN","09:31:52",63.6,1.5,100,598000,"B"
"MSN","09:31:51",63.6,1.5,100,597900,"B"
"MSN","09:31:44",63.6,1.5,3000,597800,"B"
"MSN","09:31:35",63.6,1.5,500,594800,"B"
"MSN","09:31:33",63.6,1.5,100,594300,"B"
"MSN","09:31:28",63.6,1.5,500,594200,"B"
"MSN","09:31:26",63.6,1.5,9000,593700,"S"
"MSN","09:31:22",63.5,1.4,100,584700,"B"
"MSN","09:31:18",63.5,1.4,3100,584600,"B"
"MSN","09:31:17",63.6,1.5,2500,581500,"S"
"MSN","09:31:15",63.5,1.4,3600,579000,"B"
"MSN","09:31:12",63.5,1.4,3100,575400,"B"
"MSN","09:31:05",63.5,1.4,600,572300,"B"
"MSN","09:31:04",63.6,1.5,4000,571700,"S"
"MSN","09:30:58",63.5,1.4,100,567700,"B"
"MSN","09:30:47",63.6,1.5,100,567600,"S"
"MSN","09:30:44",63.5,1.4,1000,567500,"B"
"MSN","09:30:41",63.6,1.5,3200,566500,"S"
"MSN","09:30:40",63.6,1.5,900,563300,"S"
"MSN","09:30:32",63.6,1.5,200,562400,"S"
"MSN","09:30:22",63.6,1.5,300,562200,"S"
"MSN","09:30:18",63.6,1.5,100,561900,"S"
"MSN","09:30:14",63.5,1.4,100,561800,"B"
"MSN","09:30:11",63.6,1.5,800,561700,"S"
"MSN","09:30:07",63.6,1.5,100,560900,"S"
"MSN","09:30:06",63.6,1.5,300,560800,"B"
"MSN","09:30:05",63.6,1.5,2200,560500,"B"
"MSN","09:29:59",63.6,1.5,1700,558300,"S"
"MSN","09:29:55",63.5,1.4,500,556600,"B"
"MSN","09:29:51",63.5,1.4,100,556100,"B"
"MSN","09:29:32",63.5,1.4,500,556000,"B"
"MSN","09:29:18",63.7,1.6,100,555500,"B"
"MSN","09:29:01",63.9,1.8,400,555400,"S"
"MSN","09:28:52",63.9,1.8,100,555000,"S"
"MSN","09:28:44",63.9,1.8,200,554900,"S"
"MSN","09:28:38",63.9,1.8,200,554700,"B"
"MSN","09:28:35",63.9,1.8,200,554500,"S"
"MSN","09:28:34",63.5,1.4,8800,554300,"B"
"MSN","09:28:34",63.7,1.6,1200,545500,"B"
"MSN","09:28:33",63.9,1.8,100,544300,"B"
"MSN","09:28:33",63.9,1.8,100,544200,"B"
"MSN","09:28:26",63.9,1.8,1100,544100,"B"
"MSN","09:28:23",63.9,1.8,8000,543000,"B"
"MSN","09:28:23",63.9,1.8,3100,535000,"B"
"MSN","09:28:22",63.9,1.8,500,531900,"B"
"MSN","09:28:15",63.9,1.8,1800,531400,"B"
"MSN","09:28:11",63.9,1.8,900,529600,"B"
"MSN","09:28:05",63.9,1.8,300,528700,"B"
"MSN","09:28:03",63.9,1.8,900,528400,"B"
"MSN","09:28:01",64,1.9,500,527500,"S"
"MSN","09:28:01",63.9,1.8,500,527000,"B"
"MSN","09:27:56",63.9,1.8,500,526500,"B"
"MSN","09:27:54",64,1.9,500,526000,"S"
"MSN","09:27:52",63.9,1.8,12600,525500,"S"
"MSN","09:27:52",63.8,1.7,3100,512900,"S"
"MSN","09:27:39",63.9,1.8,14000,509800,"S"
"MSN","09:27:39",63.8,1.7,5700,495800,"S"
"MSN","09:27:39",63.7,1.6,300,490100,"S"
"MSN","09:27:37",63.5,1.4,300,489800,"B"
"MSN","09:27:37",63.6,1.5,600,489500,"B"
"MSN","09:27:35",63.7,1.6,200,488900,"B"
"MSN","09:27:31",63.8,1.7,9800,488700,"B"
"MSN","09:27:31",63.8,1.7,2500,478900,"B"
"MSN","09:27:30",63.9,1.8,100,476400,"S"
"MSN","09:27:29",63.8,1.7,900,476300,"B"
"MSN","09:27:28",63.9,1.8,1000,475400,"S"
"MSN","09:27:18",63.9,1.8,700,474400,"B"
"MSN","09:27:17",63.9,1.8,5000,473700,"B"
"MSN","09:27:15",63.9,1.8,1000,468700,"B"
"MSN","09:27:11",64,1.9,700,467700,"S"
"MSN","09:27:11",63.9,1.8,100,467000,"B"
"MSN","09:27:09",64,1.9,500,466900,"S"
"MSN","09:27:07",63.9,1.8,900,466400,"B"
"MSN","09:27:04",64,1.9,1000,465500,"S"
"MSN","09:27:03",64,1.9,2000,464500,"S"
"MSN","09:27:01",63.9,1.8,100,462500,"B"
"MSN","09:27:00",64,1.9,300,462400,"S"
"MSN","09:26:59",63.9,1.8,700,462100,"B"
"MSN","09:26:58",64,1.9,7400,461400,"B"
"MSN","09:26:57",64.1,2,200,454000,"S"
"MSN","09:26:57",64,1.9,5000,453800,"B"
"MSN","09:26:56",64,1.9,400,448800,"B"
"MSN","09:26:56",64.1,2,1600,448400,"B"
"MSN","09:26:54",64.1,2,500,446800,"S"
"MSN","09:26:52",64,1.9,1300,446300,"B"
"MSN","09:26:51",64,1.9,600,445000,"B"
"MSN","09:26:50",64,1.9,3000,444400,"B"
"MSN","09:26:49",64.2,2.1,1600,441400,"S"
"MSN","09:26:49",64.1,2,1400,439800,"S"
"MSN","09:26:46",64,1.9,14800,438400,"B"
"MSN","09:26:44",64,1.9,500,423600,"B"
"MSN","09:26:39",64.1,2,300,423100,"S"
"MSN","09:26:33",64,1.9,200,422800,"B"
"MSN","09:26:29",64,1.9,5000,422600,"B"
"MSN","09:26:27",64,1.9,2000,417600,"B"
"MSN","09:26:19",64,1.9,6300,415600,"S"
"MSN","09:26:19",64,1.9,400,409300,"S"
"MSN","09:26:18",63.9,1.8,900,408900,"B"
"MSN","09:26:15",64,1.9,12000,408000,"S"
"MSN","09:26:08",64,1.9,10000,396000,"S"
"MSN","09:26:08",63.9,1.8,1000,386000,"B"
"MSN","09:26:05",64,1.9,5800,385000,"S"
"MSN","09:26:04",64,1.9,200,379200,"S"
"MSN","09:26:02",63.9,1.8,900,379000,"B"
"MSN","09:26:00",63.9,1.8,200,378100,"B"
"MSN","09:25:56",64,1.9,2000,377900,"S"
"MSN","09:25:51",63.9,1.8,900,375900,"B"
"MSN","09:25:47",63.9,1.8,200,375000,"B"
"MSN","09:25:45",63.9,1.8,9000,374800,"S"
"MSN","09:25:44",63.8,1.7,5000,365800,"B"
"MSN","09:25:39",63.8,1.7,900,360800,"B"
"MSN","09:25:35",63.8,1.7,100,359900,"B"
"MSN","09:25:34",63.9,1.8,2000,359800,"S"
"MSN","09:25:31",63.9,1.8,100,357800,"S"
"MSN","09:25:29",63.8,1.7,1000,357700,"B"
"MSN","09:25:29",63.9,1.8,400,356700,"S"
"MSN","09:25:26",63.8,1.7,2100,356300,"B"
"MSN","09:25:20",63.9,1.8,6900,354200,"S"
"MSN","09:25:18",63.8,1.7,900,347300,"B"
"MSN","09:25:15",63.8,1.7,2000,346400,"B"
"MSN","09:25:14",63.8,1.7,17300,344400,"S"
"MSN","09:25:14",63.7,1.6,15000,327100,"S"
"MSN","09:25:14",63.6,1.5,2700,312100,"S"
"MSN","09:25:08",63.5,1.4,900,309400,"B"
"MSN","09:24:50",63.7,1.6,100,308500,"S"
"MSN","09:24:50",63.5,1.4,100,308400,"B"
"MSN","09:24:44",63.5,1.4,3000,308300,"B"
"MSN","09:24:38",63.7,1.6,3000,305300,"S"
"MSN","09:24:31",63.7,1.6,700,302300,"S"
"MSN","09:24:31",63.6,1.5,2300,301600,"S"
"MSN","09:24:30",63.5,1.4,500,299300,"B"
"MSN","09:24:24",63.6,1.5,100,298800,"S"
"MSN","09:24:23",63.5,1.4,5000,298700,"B"
"MSN","09:24:23",63.5,1.4,300,293700,"B"
"MSN","09:24:22",63.6,1.5,400,293400,"S"
"MSN","09:24:21",63.6,1.5,15000,293000,"S"
"MSN","09:24:19",63.5,1.4,3000,278000,"B"
"MSN","09:24:17",63.5,1.4,100,275000,"B"
"MSN","09:24:16",63.5,1.4,100,274900,"B"
"MSN","09:24:15",63.5,1.4,3300,274800,"B"
"MSN","09:24:14",63.5,1.4,1200,271500,"B"
"MSN","09:24:14",63.5,1.4,12100,270300,"S"
"MSN","09:24:08",63.5,1.4,100,258200,"S"
"MSN","09:24:08",63.5,1.4,100,258100,"S"
"MSN","09:24:07",63.5,1.4,900,258000,"S"
"MSN","09:24:07",63.4,1.3,200,257100,"B"
"MSN","09:24:01",63.5,1.4,300,256900,"S"
"MSN","09:23:59",63.5,1.4,200,256600,"S"
"MSN","09:23:55",63.5,1.4,6000,256400,"S"
"MSN","09:23:47",63.5,1.4,1700,250400,"S"
"MSN","09:23:47",63.4,1.3,300,248700,"S"
"MSN","09:23:46",63.4,1.3,100,248400,"S"
"MSN","09:23:45",63.4,1.3,500,248300,"S"
"MSN","09:23:35",63.5,1.4,200,247800,"S"
"MSN","09:23:35",63.4,1.3,300,247600,"S"
"MSN","09:23:33",63.4,1.3,300,247300,"B"
"MSN","09:23:32",63.5,1.4,100,247000,"S"
"MSN","09:23:29",63.3,1.2,100,246900,"B"
"MSN","09:23:29",63.4,1.3,1400,245700,"S"
"MSN","09:23:25",63.4,1.3,500,244300,"S"
"MSN","09:23:22",63.4,1.3,1200,243800,"S"
"MSN","09:23:20",63.4,1.3,300,242600,"S"
"MSN","09:23:19",63.4,1.3,2800,242300,"S"
"MSN","09:23:16",63.4,1.3,3800,239500,"B"
"MSN","09:23:15",63.4,1.3,100,235700,"B"
"MSN","09:23:15",63.5,1.4,100,235600,"B"
"MSN","09:23:14",63.5,1.4,100,235500,"B"
"MSN","09:23:12",63.4,1.3,1600,235400,"B"
"MSN","09:23:12",63.5,1.4,500,233800,"B"
"MSN","09:23:10",63.5,1.4,5000,233300,"S"
"MSN","09:23:08",63.5,1.4,6900,228300,"S"
"MSN","09:23:07",63.4,1.3,300,221400,"B"
"MSN","09:23:02",63.5,1.4,1000,221100,"S"
"MSN","09:22:56",63.4,1.3,2500,220100,"B"
"MSN","09:22:56",63.5,1.4,3000,217600,"S"
"MSN","09:22:55",63.4,1.3,1400,214600,"S"
"MSN","09:22:52",63.4,1.3,700,213200,"S"
"MSN","09:22:52",63.3,1.2,200,212500,"S"
"MSN","09:22:51",63.3,1.2,500,212300,"S"
"MSN","09:22:51",63.2,1.1,100,211800,"B"
"MSN","09:22:48",63.3,1.2,2000,211700,"S"
"MSN","09:22:47",63.3,1.2,500,209700,"S"
"MSN","09:22:47",63.2,1.1,100,209200,"B"
"MSN","09:22:41",63.2,1.1,200,209100,"S"
"MSN","09:22:40",63.2,1.1,500,208900,"S"
"MSN","09:22:36",63.2,1.1,500,208400,"S"
"MSN","09:22:34",63.1,1,900,207900,"B"
"MSN","09:22:30",63.1,1,5200,207000,"S"
"MSN","09:22:21",63,0.9,39000,201800,"S"
"MSN","09:22:20",62.9,0.8,900,162800,"B"
"MSN","09:22:19",63,0.9,1000,161900,"S"
"MSN","09:22:15",62.9,0.8,100,160900,"B"
"MSN","09:22:11",62.9,0.8,2500,160800,"B"
"MSN","09:22:10",62.9,0.8,8000,158300,"S"
"MSN","09:22:09",62.9,0.8,4000,150300,"S"
"MSN","09:22:07",62.9,0.8,10000,146300,"S"
"MSN","09:21:50",62.8,0.7,900,136300,"B"
"MSN","09:21:49",62.8,0.7,200,135400,"B"
"MSN","09:21:44",62.8,0.7,1900,135200,"B"
"MSN","09:21:43",62.8,0.7,300,133300,"B"
"MSN","09:21:42",62.8,0.7,1600,133000,"S"
"MSN","09:21:33",62.8,0.7,300,131400,"S"
"MSN","09:21:33",62.8,0.7,200,131100,"S"
"MSN","09:21:32",62.7,0.6,100,130900,"B"
"MSN","09:21:25",62.8,0.7,15000,130800,"S"
"MSN","09:21:17",62.7,0.6,900,115800,"B"
"MSN","09:21:07",62.7,0.6,900,114900,"B"
"MSN","09:20:32",62.7,0.6,1000,114000,"S"
"MSN","09:20:30",62.7,0.6,200,113000,"S"
"MSN","09:20:26",62.7,0.6,1000,112800,"S"
"MSN","09:20:25",62.7,0.6,900,111800,"S"
"MSN","09:20:24",62.7,0.6,1000,110900,"S"
"MSN","09:20:20",62.7,0.6,500,109900,"S"
"MSN","09:20:15",62.7,0.6,1000,109400,"S"
"MSN","09:20:09",62.7,0.6,300,108400,"S"
"MSN","09:20:02",62.7,0.6,2000,108100,"S"
"MSN","09:19:55",62.7,0.6,1000,106100,"S"
"MSN","09:19:31",62.8,0.7,1600,105100,"S"
"MSN","09:19:31",62.7,0.6,7600,103500,"S"
"MSN","09:19:31",62.6,0.5,800,95900,"S"
"MSN","09:19:27",62.6,0.5,1200,95100,"B"
"MSN","09:19:25",62.6,0.5,100,93900,"B"
"MSN","09:19:09",62.6,0.5,500,93800,"B"
"MSN","09:19:08",62.6,0.5,200,93300,"B"
"MSN","09:19:04",62.6,0.5,500,93100,"B"
"MSN","09:18:59",62.6,0.5,3300,92600,"B"
"MSN","09:18:58",62.6,0.5,1100,89300,"B"
"MSN","09:18:52",62.6,0.5,1300,88200,"B"
"MSN","09:18:41",62.6,0.5,1100,86900,"B"
"MSN","09:18:38",62.7,0.6,200,85800,"S"
"MSN","09:18:20",62.7,0.6,1800,85600,"B"
"MSN","09:18:13",62.7,0.6,1500,83800,"B"
"MSN","09:18:08",62.7,0.6,900,82300,"B"
"MSN","09:18:05",62.7,0.6,500,81400,"B"
"MSN","09:18:01",62.7,0.6,700,80900,"B"
"MSN","09:17:57",62.7,0.6,900,80200,"B"
"MSN","09:17:55",62.7,0.6,200,79300,"B"
"MSN","09:17:53",62.7,0.6,200,79100,"S"
"MSN","09:17:50",62.6,0.5,1100,78900,"B"
"MSN","09:17:49",62.7,0.6,800,77800,"B"
"MSN","09:17:44",62.7,0.6,900,77000,"S"
"MSN","09:17:40",62.7,0.6,100,76100,"B"
"MSN","09:17:39",62.7,0.6,2600,76000,"S"
"MSN","09:17:34",62.7,0.6,1600,73400,"B"
"MSN","09:17:33",62.8,0.7,100,71800,"S"
"MSN","09:17:33",62.7,0.6,2000,71700,"B"
"MSN","09:17:31",62.8,0.7,300,69700,"S"
"MSN","09:17:29",62.7,0.6,2000,69400,"B"
"MSN","09:17:25",62.7,0.6,100,67400,"B"
"MSN","09:17:20",62.7,0.6,100,67300,"B"
"MSN","09:17:12",62.7,0.6,200,67200,"B"
"MSN","09:17:08",62.7,0.6,900,67000,"B"
"MSN","09:17:06",62.7,0.6,2200,66100,"B"
"MSN","09:17:05",62.8,0.7,1000,63900,"S"
"MSN","09:17:04",62.8,0.7,2000,62900,"S"
"MSN","09:16:58",62.8,0.7,5000,60900,"S"
"MSN","09:16:55",62.7,0.6,900,55900,"B"
"MSN","09:16:37",62.7,0.6,200,55000,"B"
"MSN","09:16:35",62.7,0.6,1000,54800,"B"
"MSN","09:16:34",62.7,0.6,100,53800,"S"
"MSN","09:16:31",62.7,0.6,400,53700,"B"
"MSN","09:16:26",62.8,0.7,100,53300,"S"
"MSN","09:16:25",62.7,0.6,1100,53200,"S"
"MSN","09:16:19",62.6,0.5,900,52100,"B"
"MSN","09:16:17",62.8,0.7,100,51200,"S"
"MSN","09:16:17",62.7,0.6,100,51100,"S"
"MSN","09:16:12",62.7,0.6,900,51000,"B"
"MSN","09:16:10",62.8,0.7,7900,50100,"S"
"MSN","09:16:08",62.7,0.6,400,42200,"S"
"MSN","09:16:08",62.6,0.5,900,41800,"S"
"MSN","09:16:07",62.6,0.5,100,40900,"B"
"MSN","09:16:05",62.7,0.6,900,40800,"S"
"MSN","09:15:58",62.6,0.5,4200,39900,"B"
"MSN","09:15:49",62.6,0.5,2400,35700,"B"
"MSN","09:15:45",62.6,0.5,500,33300,"B"
"MSN","09:15:44",62.6,0.5,500,32800,"S"
"MSN","09:15:44",62.5,0.4,600,32300,"S"
"MSN","09:15:41",62.4,0.3,200,31700,"B"
"MSN","09:15:35",62.4,0.3,100,31500,"S"
"MSN","09:15:26",62.4,0.3,900,31400,"S"
"MSN","09:15:21",62.3,0.2,2300,30500,"S"
"MSN","09:15:17",62.3,0.2,1600,28200,"S"
"MSN","09:15:00",62.2,0.1,26600,26600,
