"symbol","time","price","change","vol","total","side"
"VNM","14:45:05",68.4,-0.1,132100,3874400,
"VNM","14:29:32",68.4,-0.1,7100,3742300,"S"
"VNM","14:29:26",68.4,-0.1,200,3735200,"S"
"VNM","14:29:19",68.3,-0.2,700,3735000,"B"
"VNM","14:29:13",68.4,-0.1,10000,3734300,"S"
"VNM","14:29:07",68.4,-0.1,12000,3724300,"S"
"VNM","14:28:58",68.4,-0.1,500,3712300,"S"
"VNM","14:28:54",68.4,-0.1,100,3711800,"S"
"VNM","14:28:44",68.4,-0.1,10000,3711700,"S"
"VNM","14:28:35",68.4,-0.1,500,3701700,"S"
"VNM","14:28:29",68.3,-0.2,2000,3701200,"B"
"VNM","14:28:13",68.4,-0.1,1400,3699200,"S"
"VNM","14:28:05",68.3,-0.2,100,3697800,"B"
"VNM","14:28:04",68.4,-0.1,2300,3697700,"B"
"VNM","14:28:03",68.4,-0.1,2700,3695400,"S"
"VNM","14:28:00",68.3,-0.2,100,3692700,"B"
"VNM","14:27:34",68.4,-0.1,2000,3692600,"S"
"VNM","14:27:32",68.4,-0.1,5000,3690600,"S"
"VNM","14:27:27",68.4,-0.1,300,3685600,"B"
"VNM","14:27:26",68.4,-0.1,30000,3685300,"B"
"VNM","14:27:26",68.5,0,5000,3655300,"S"
"VNM","14:26:54",68.5,0,10000,3650300,"S"
"VNM","14:26:47",68.5,0,1400,3640300,"S"
"VNM","14:26:39",68.4,-0.1,100,3638900,"B"
"VNM","14:26:36",68.5,0,10000,3638800,"S"
"VNM","14:26:35",68.4,-0.1,5000,3628800,"B"
"VNM","14:26:27",68.6,0.1,5000,3623800,"S"
"VNM","14:26:27",68.5,0,5000,3618800,"S"
"VNM","14:26:25",68.5,0,1000,3613800,"B"
"VNM","14:26:24",68.5,0,100,3612800,"B"
"VNM","14:26:22",68.5,0,500,3612700,"B"
"VNM","14:26:19",68.5,0,5000,3612200,"B"
"VNM","14:26:18",68.5,0,1000,3607200,"B"
"VNM","14:26:14",68.5,0,200,3606200,"B"
"VNM","14:26:09",68.5,0,100,3606000,"B"
"VNM","14:26:08",68.5,0,5500,3605900,"B"
"VNM","14:26:07",68.5,0,100,3600400,"B"
"VNM","14:26:06",68.5,0,1000,3600300,"B"
"VNM","14:25:48",68.6,0.1,10000,3599300,"S"
"VNM","14:25:44",68.5,0,6100,3589300,"S"
"VNM","14:25:40",68.4,-0.1,100,3583200,"B"
"VNM","14:25:36",68.5,0,2600,3583100,"S"
"VNM","14:25:29",68.5,0,1400,3580500,"S"
"VNM","14:25:28",68.5,0,100,3579100,"S"
"VNM","14:25:26",68.5,0,3200,3579000,"B"
"VNM","14:25:17",68.6,0.1,1000,3575800,"S"
"VNM","14:25:12",68.6,0.1,200,3574800,"S"
"VNM","14:25:11",68.5,0,100,3574600,"B"
"VNM","14:25:10",68.6,0.1,400,3574500,"B"
"VNM","14:25:09",68.6,0.1,1000,3574100,"B"
"VNM","14:25:08",68.6,0.1,100,3573100,"B"
"VNM","14:25:04",68.6,0.1,1000,3573000,"B"
"VNM","14:25:04",68.7,0.2,10000,3572000,"S"
"VNM","14:25:03",68.6,0.1,200,3562000,"B"
"VNM","14:24:55",68.7,0.2,1600,3561800,"S"
"VNM","14:24:55",68.6,0.1,2600,3560200,"S"
"VNM","14:24:53",68.6,0.1,2800,3557600,"S"
"VNM","14:24:50",68.6,0.1,5000,3554800,"S"
"VNM","14:24:49",68.6,0.1,2800,3549800,"S"
"VNM","14:24:47",68.6,0.1,5000,3547000,"S"
"VNM","14:24:45",68.5,0,100,3542000,"B"
"VNM","14:24:45",68.6,0.1,4200,3541900,"S"
"VNM","14:24:42",68.6,0.1,2800,3537700,"S"
"VNM","14:24:42",68.6,0.1,1200,3534900,"S"
"VNM","14:24:40",68.5,0,1000,3533700,"B"
"VNM","14:24:38",68.6,0.1,4300,3532700,"S"
"VNM","14:24:37",68.5,0,1000,3528400,"S"
"VNM","14:24:34",68.6,0.1,3200,3527400,"S"
"VNM","14:24:34",68.5,0,1000,3524200,"S"
"VNM","14:24:32",68.5,0,1100,3523200,"B"
"VNM","14:24:32",68.6,0.1,1400,3522100,"S"
"VNM","14:24:30",68.6,0.1,1200,3520700,"S"
"VNM","14:24:28",68.5,0,2000,3519500,"B"
"VNM","14:24:24",68.6,0.1,2800,3517500,"S"
"VNM","14:24:23",68.6,0.1,7000,3514700,"S"
"VNM","14:24:21",68.6,0.1,1200,3507700,"S"
"VNM","14:24:21",68.5,0,1400,3506500,"B"
"VNM","14:24:18",68.5,0,500,3505100,"B"
"VNM","14:24:15",68.6,0.1,2800,3504600,"S"
"VNM","14:24:13",68.6,0.1,700,3501800,"S"
"VNM","14:24:13",68.5,0,3500,3501100,"S"
"VNM","14:24:13",68.4,-0.1,2500,3497600,"B"
"VNM","14:24:12",68.5,0,6200,3495100,"S"
"VNM","14:24:08",68.5,0,10000,3488900,"S"
"VNM","14:24:03",68.5,0,4200,3478900,"S"
"VNM","14:24:00",68.5,0,20000,3474700,"S"
"VNM","14:23:53",68.4,-0.1,100,3454700,"B"
"VNM","14:23:51",68.5,0,4200,3454600,"S"
"VNM","14:23:49",68.4,-0.1,1000,3450400,"B"
"VNM","14:23:46",68.4,-0.1,100,3449400,"B"
"VNM","14:23:45",68.5,0,500,3449300,"S"
"VNM","14:23:40",68.4,-0.1,100,3448800,"B"
"VNM","14:23:31",68.4,-0.1,100,3448700,"B"
"VNM","14:23:29",68.5,0,3500,3448600,"S"
"VNM","14:23:27",68.4,-0.1,100,3445100,"B"
"VNM","14:23:20",68.4,-0.1,3600,3445000,"S"
"VNM","14:23:15",68.4,-0.1,3400,3441400,"B"
"VNM","14:23:14",68.4,-0.1,6100,3438000,"B"
"VNM","14:23:00",68.4,-0.1,100,3431900,"B"
"VNM","14:22:59",68.4,-0.1,400,3431800,"S"
"VNM","14:22:41",68.4,-0.1,22500,3431400,"S"
"VNM","14:22:38",68.2,-0.3,100,3408900,"B"
"VNM","14:22:36",68.4,-0.1,4200,3408800,"S"
"VNM","14:22:27",68.4,-0.1,14000,3404600,"S"
"VNM","14:22:25",68.1,-0.4,100,3390600,"B"
"VNM","14:22:23",68.4,-0.1,2800,3390500,"S"
"VNM","14:22:22",68.1,-0.4,100,3387700,"B"
"VNM","14:22:17",68.5,0,2800,3387600,"S"
"VNM","14:22:08",68.1,-0.4,100,3384800,"B"
"VNM","14:22:08",68.5,0,5700,3384700,"S"
"VNM","14:22:01",68.5,0,2300,3379000,"S"
"VNM","14:22:01",68.4,-0.1,500,3376700,"S"
"VNM","14:21:59",68.5,0,3900,3376200,"S"
"VNM","14:21:59",68.4,-0.1,300,3372300,"S"
"VNM","14:21:54",68.5,0,900,3372000,"S"
"VNM","14:21:54",68.4,-0.1,2400,3371100,"S"
"VNM","14:21:52",68.4,-0.1,9900,3368700,"S"
"VNM","14:21:51",68.4,-0.1,2800,3358800,"S"
"VNM","14:21:48",68.4,-0.1,4200,3356000,"S"
"VNM","14:21:45",68.4,-0.1,600,3351800,"S"
"VNM","14:21:45",68.4,-0.1,400,3351200,"S"
"VNM","14:21:42",68.4,-0.1,1200,3350800,"S"
"VNM","14:21:42",68.4,-0.1,3000,3349600,"S"
"VNM","14:21:40",68.4,-0.1,3200,3346600,"S"
"VNM","14:21:39",68.3,-0.2,100,3343400,"B"
"VNM","14:21:38",68.3,-0.2,100,3343300,"S"
"VNM","14:21:37",68.4,-0.1,1100,3343200,"S"
"VNM","14:21:37",68.3,-0.2,3100,3342100,"S"
"VNM","14:21:34",68.3,-0.2,1000,3339000,"S"
"VNM","14:21:31",68.3,-0.2,3000,3338000,"S"
"VNM","14:21:25",68.3,-0.2,4200,3335000,"S"
"VNM","14:21:20",68.3,-0.2,2400,3330800,"S"
"VNM","14:21:20",68.2,-0.3,800,3328400,"S"
"VNM","14:21:12",68.1,-0.4,100,3327600,"B"
"VNM","14:21:08",68.1,-0.4,500,3327500,"B"
"VNM","14:20:59",68.1,-0.4,100,3327000,"B"
"VNM","14:20:57",68.1,-0.4,100,3326900,"B"
"VNM","14:20:40",68.2,-0.3,11000,3326800,"S"
"VNM","14:20:38",68.2,-0.3,200,3315800,"S"
"VNM","14:20:36",68.1,-0.4,100,3315600,"B"
"VNM","14:20:16",68.1,-0.4,200,3315500,"S"
"VNM","14:20:14",68.1,-0.4,100,3315300,"S"
"VNM","14:20:12",68,-0.5,100,3315200,"B"
"VNM","14:20:06",68.1,-0.4,16800,3315100,"B"
"VNM","14:20:00",68.1,-0.4,100,3298300,"B"
"VNM","14:19:48",68.1,-0.4,100,3298200,"B"
"VNM","14:19:38",68.1,-0.4,1000,3298100,"B"
"VNM","14:19:36",68.1,-0.4,100,3297100,"B"
"VNM","14:19:32",68.1,-0.4,100,3297000,"B"
"VNM","14:19:26",68.1,-0.4,100,3296900,"B"
"VNM","14:19:12",68.1,-0.4,100,3296800,"B"
"VNM","14:19:01",68.1,-0.4,100,3296700,"B"
"VNM","14:18:51",68.1,-0.4,100,3296500,"B"
"VNM","14:18:43",68.2,-0.3,8000,3296400,"S"
"VNM","14:18:38",68.1,-0.4,100,3288400,"B"
"VNM","14:18:32",68.1,-0.4,100,3288300,"B"
"VNM","14:18:31",68.2,-0.3,1000,3288200,"S"
"VNM","14:18:27",68.1,-0.4,100,3287200,"B"
"VNM","14:18:15",68.1,-0.4,100,3287100,"B"
"VNM","14:18:08",68.1,-0.4,100,3287000,"B"
"VNM","14:18:05",68.1,-0.4,100,3286900,"B"
"VNM","14:17:53",68.1,-0.4,100,3286800,"B"
"VNM","14:17:53",68.2,-0.3,1000,3286700,"S"
"VNM","14:17:51",68.2,-0.3,2800,3285700,"S"
"VNM","14:17:51",68.2,-0.3,4200,3282900,"S"
"VNM","14:17:49",68.2,-0.3,2700,3278700,"S"
"VNM","14:17:45",68.2,-0.3,1400,3276000,"S"
"VNM","14:17:42",68.1,-0.4,100,3274600,"B"
"VNM","14:17:41",68.2,-0.3,3300,3274500,"S"
"VNM","14:17:40",68.2,-0.3,4200,3271200,"S"
"VNM","14:17:36",68.2,-0.3,1400,3267000,"S"
"VNM","14:17:30",68.2,-0.3,1400,3265600,"S"
"VNM","14:17:29",68.1,-0.4,100,3264200,"B"
"VNM","14:17:28",68.2,-0.3,14200,3261200,"S"
"VNM","14:17:22",68.1,-0.4,2000,3247000,"B"
"VNM","14:17:21",68.2,-0.3,3200,3245000,"S"
"VNM","14:17:18",68.1,-0.4,100,3241800,"B"
"VNM","14:17:07",68.1,-0.4,100,3241700,"B"
"VNM","14:16:55",68.1,-0.4,100,3241600,"B"
"VNM","14:16:44",68.1,-0.4,100,3241500,"B"
"VNM","14:16:43",68.1,-0.4,100,3241400,"B"
"VNM","14:16:33",68.1,-0.4,500,3241300,"B"
"VNM","14:16:32",68.1,-0.4,100,3240800,"B"
"VNM","14:16:28",68.1,-0.4,1000,3240700,"B"
"VNM","14:16:22",68.1,-0.4,100,3239700,"B"
"VNM","14:16:20",68.1,-0.4,100,3239600,"B"
"VNM","14:16:12",68.1,-0.4,100,3239500,"B"
"VNM","14:16:11",68.1,-0.4,100,3239400,"B"
"VNM","14:16:02",68.1,-0.4,3000,3239300,"B"
"VNM","14:15:59",68.1,-0.4,100,3236300,"B"
"VNM","14:15:53",68.1,-0.4,2000,3236200,"B"
"VNM","14:15:49",68.1,-0.4,100,3234200,"B"
"VNM","14:15:48",68.2,-0.3,500,3234100,"S"
"VNM","14:15:37",68.1,-0.4,100,3233600,"B"
"VNM","14:15:35",68.2,-0.3,100,3233500,"S"
"VNM","14:15:26",68.1,-0.4,100,3233400,"B"
"VNM","14:15:23",68.1,-0.4,2700,3233300,"B"
"VNM","14:15:22",68.2,-0.3,900,3230600,"S"
"VNM","14:15:18",68.1,-0.4,100,3229700,"B"
"VNM","14:15:14",68.1,-0.4,100,3229600,"B"
"VNM","14:15:05",68.1,-0.4,100,3229500,"B"
"VNM","14:14:53",68.1,-0.4,100,3229400,"B"
"VNM","14:14:42",68.1,-0.4,100,3229300,"B"
"VNM","14:14:41",68.2,-0.3,200,3229200,"S"
"VNM","14:14:30",68.1,-0.4,100,3229000,"B"
"VNM","14:14:19",68.1,-0.4,100,3228900,"B"
"VNM","14:14:18",68.2,-0.3,100,3228800,"S"
"VNM","14:14:08",68.1,-0.4,100,3228700,"B"
"VNM","14:13:58",68.1,-0.4,100,3228600,"B"
"VNM","14:13:54",68.1,-0.4,100,3228500,"B"
"VNM","14:13:46",68.1,-0.4,100,3228400,"B"
"VNM","14:13:35",68.1,-0.4,100,3228300,"B"
"VNM","14:13:21",68.1,-0.4,2300,3228200,"S"
"VNM","14:13:13",68.1,-0.4,100,3225900,"S"
"VNM","14:13:13",68,-0.5,100,3225800,"B"
"VNM","14:13:02",68,-0.5,100,3225700,"B"
"VNM","14:12:52",68,-0.5,100,3225600,"B"
"VNM","14:12:42",68,-0.5,100,3225500,"B"
"VNM","14:12:30",68,-0.5,100,3225400,"B"
"VNM","14:12:29",68,-0.5,100,3225300,"B"
"VNM","14:12:19",68,-0.5,100,3225200,"B"
"VNM","14:12:08",68,-0.5,100,3225100,"B"
"VNM","14:11:57",68,-0.5,100,3225000,"B"
"VNM","14:11:55",68.1,-0.4,12000,3224900,"S"
"VNM","14:11:53",68,-0.5,2000,3212900,"B"
"VNM","14:11:47",68,-0.5,100,3210900,"B"
"VNM","14:11:25",68,-0.5,100,3210800,"B"
"VNM","14:11:24",68,-0.5,300,3210700,"S"
"VNM","14:11:14",67.9,-0.6,100,3210400,"B"
"VNM","14:11:05",67.9,-0.6,100,3210300,"B"
"VNM","14:11:04",67.9,-0.6,100,3210200,"B"
"VNM","14:10:53",67.9,-0.6,100,3210100,"B"
"VNM","14:10:37",68.2,-0.3,127100,3210000,"S"
"VNM","14:10:37",68.1,-0.4,17800,3082900,"S"
"VNM","14:10:37",68,-0.5,5100,3065100,"S"
"VNM","14:10:32",67.9,-0.6,100,3060000,"B"
"VNM","14:10:21",67.9,-0.6,100,3059900,"B"
"VNM","14:10:10",67.9,-0.6,100,3059800,"B"
"VNM","14:10:02",68,-0.5,300,3059700,"S"
"VNM","14:09:59",67.9,-0.6,100,3059400,"B"
"VNM","14:09:56",68,-0.5,200,3059300,"S"
"VNM","14:09:54",68,-0.5,100,3059100,"S"
"VNM","14:09:49",68,-0.5,800,3059000,"S"
"VNM","14:09:49",67.9,-0.6,100,3058200,"B"
"VNM","14:09:46",68,-0.5,1400,3058100,"S"
"VNM","14:09:40",67.9,-0.6,100,3056700,"B"
"VNM","14:09:38",67.9,-0.6,100,3056600,"B"
"VNM","14:09:28",67.9,-0.6,100,3056500,"B"
"VNM","14:09:17",67.9,-0.6,100,3056400,"B"
"VNM","14:09:14",68,-0.5,100,3056300,"S"
"VNM","14:09:06",67.9,-0.6,100,3056200,"B"
"VNM","14:08:55",67.9,-0.6,100,3056100,"B"
"VNM","14:08:50",68,-0.5,100,3056000,"S"
"VNM","14:08:45",67.9,-0.6,100,3055900,"B"
"VNM","14:08:36",67.9,-0.6,100,3055800,"B"
"VNM","14:08:25",67.9,-0.6,100,3055700,"B"
"VNM","14:08:15",67.9,-0.6,100,3055600,"B"
"VNM","14:08:13",67.9,-0.6,100,3055500,"B"
"VNM","14:08:12",68,-0.5,1000,3055400,"S"
"VNM","14:08:04",67.9,-0.6,100,3054400,"B"
"VNM","14:08:03",68,-0.5,3000,3054300,"S"
"VNM","14:07:52",67.9,-0.6,100,3051300,"B"
"VNM","14:07:46",68,-0.5,2000,3051200,"S"
"VNM","14:07:43",67.9,-0.6,100,3049200,"B"
"VNM","14:07:32",67.9,-0.6,100,3049100,"B"
"VNM","14:07:22",67.9,-0.6,100,3049000,"B"
"VNM","14:07:20",68,-0.5,2000,3048900,"S"
"VNM","14:07:12",67.9,-0.6,100,3046900,"B"
"VNM","14:07:10",67.9,-0.6,300,3046800,"B"
"VNM","14:07:09",67.9,-0.6,3000,3046500,"B"
"VNM","14:07:06",67.9,-0.6,300,3043500,"B"
"VNM","14:07:04",67.9,-0.6,3300,3043200,"B"
"VNM","14:07:02",68,-0.5,6300,3039900,"B"
"VNM","14:07:00",68,-0.5,100,3033600,"B"
"VNM","14:06:54",68,-0.5,100,3033500,"B"
"VNM","14:06:53",68,-0.5,1000,3033400,"B"
"VNM","14:06:51",68,-0.5,100,3032400,"B"
"VNM","14:06:50",68,-0.5,100,3032300,"B"
"VNM","14:06:40",68,-0.5,300,3032200,"B"
"VNM","14:06:39",68,-0.5,100,3031900,"B"
"VNM","14:06:38",68.1,-0.4,3000,3031800,"S"
"VNM","14:06:29",68,-0.5,100,3028800,"B"
"VNM","14:06:28",68,-0.5,100,3028700,"B"
"VNM","14:06:20",68,-0.5,100,3028600,"B"
"VNM","14:06:18",68,-0.5,200,3028500,"B"
"VNM","14:06:16",68,-0.5,2000,3028300,"B"
"VNM","14:06:08",68,-0.5,100,3026300,"B"
"VNM","14:05:57",68,-0.5,100,3026200,"B"
"VNM","14:05:47",68.1,-0.4,7100,3026100,"B"
"VNM","14:05:47",68.1,-0.4,100,3019000,"B"
"VNM","14:05:37",68.1,-0.4,100,3018900,"B"
"VNM","14:05:26",68.1,-0.4,100,3018800,"B"
"VNM","14:05:20",68.1,-0.4,200,3018700,"B"
"VNM","14:05:18",68.1,-0.4,2400,3018500,"S"
"VNM","14:05:17",68,-0.5,100,3016100,"B"
"VNM","14:05:11",68.1,-0.4,1300,3016000,"B"
"VNM","14:05:06",68.1,-0.4,100,3014700,"B"
"VNM","14:05:04",68.1,-0.4,500,3014600,"B"
"VNM","14:05:03",68.1,-0.4,5000,3014100,"B"
"VNM","14:05:00",68.2,-0.3,100,3009100,"S"
"VNM","14:04:56",68.1,-0.4,100,3009000,"B"
"VNM","14:04:49",68.2,-0.3,400,3008900,"S"
"VNM","14:04:48",68.2,-0.3,8900,3008500,"B"
"VNM","14:04:46",68.2,-0.3,100,2999600,"B"
"VNM","14:04:45",68.2,-0.3,100,2999500,"B"
"VNM","14:04:36",68.2,-0.3,100,2999400,"B"
"VNM","14:04:31",68.2,-0.3,1000,2999300,"B"
"VNM","14:04:25",68.2,-0.3,100,2998300,"B"
"VNM","14:04:14",68.2,-0.3,100,2998200,"B"
"VNM","14:04:11",68.2,-0.3,1000,2998100,"B"
"VNM","14:04:04",68.2,-0.3,1100,2997100,"B"
"VNM","14:04:02",68.2,-0.3,100,2996000,"B"
"VNM","14:03:56",68.2,-0.3,100,2995900,"B"
"VNM","14:03:54",68.3,-0.2,400,2995800,"S"
"VNM","14:03:45",68.2,-0.3,100,2995400,"B"
"VNM","14:03:44",68.2,-0.3,100,2995300,"B"
"VNM","14:03:32",68.3,-0.2,4800,2995200,"B"
"VNM","14:03:27",68.3,-0.2,200,2990400,"S"
"VNM","14:03:20",68.3,-0.2,300,2990200,"S"
"VNM","14:03:12",68.2,-0.3,100,2989900,"B"
"VNM","14:03:04",68.3,-0.2,200,2989800,"B"
"VNM","14:03:03",68.3,-0.2,700,2989600,"B"
"VNM","14:02:57",68.4,-0.1,1000,2988900,"S"
"VNM","14:02:55",68.3,-0.2,2100,2987900,"S"
"VNM","14:02:55",68.3,-0.2,5000,2985800,"S"
"VNM","14:02:53",68.2,-0.3,100,2980800,"B"
"VNM","14:02:48",68.3,-0.2,3300,2980700,"B"
"VNM","14:02:44",68.4,-0.1,800,2977400,"S"
"VNM","14:02:42",68.3,-0.2,100,2976600,"B"
"VNM","14:02:40",68.3,-0.2,2000,2976500,"B"
"VNM","14:02:37",68.3,-0.2,100,2974500,"B"
"VNM","14:02:37",68.4,-0.1,5000,2974400,"S"
"VNM","14:02:29",68.3,-0.2,100,2969400,"B"
"VNM","14:02:24",68.4,-0.1,3500,2969300,"S"
"VNM","14:02:22",68.3,-0.2,100,2965800,"B"
"VNM","14:02:21",68.3,-0.2,1200,2965700,"S"
"VNM","14:02:12",68.2,-0.3,100,2964500,"B"
"VNM","14:01:55",68.3,-0.2,300,2964400,"S"
"VNM","14:01:55",68.2,-0.3,2500,2964100,"S"
"VNM","14:01:52",68.2,-0.3,10000,2961600,"S"
"VNM","14:01:48",68.2,-0.3,1400,2951600,"S"
"VNM","14:01:43",68.2,-0.3,2900,2950200,"S"
"VNM","14:01:43",68.1,-0.4,100,2947300,"B"
"VNM","14:01:42",68.1,-0.4,2100,2947200,"S"
"VNM","14:01:41",68,-0.5,100,2945100,"B"
"VNM","14:01:39",68.1,-0.4,1400,2945000,"S"
"VNM","14:01:37",68.1,-0.4,100,2943600,"S"
"VNM","14:01:36",68.1,-0.4,3200,2943500,"S"
"VNM","14:01:33",68.1,-0.4,1400,2940300,"S"
"VNM","14:01:28",68.1,-0.4,4200,2938900,"S"
"VNM","14:01:27",68.1,-0.4,1400,2934700,"S"
"VNM","14:01:27",68.1,-0.4,2700,2933300,"S"
"VNM","14:01:23",68,-0.5,400,2930600,"S"
"VNM","14:01:22",68,-0.5,100,2930200,"S"
"VNM","14:01:19",67.9,-0.6,100,2930100,"B"
"VNM","14:01:19",68.1,-0.4,200,2930000,"S"
"VNM","14:01:19",68,-0.5,1200,2929800,"S"
"VNM","14:01:18",68,-0.5,3200,2928600,"S"
"VNM","14:01:15",68,-0.5,200,2925400,"S"
"VNM","14:01:13",68,-0.5,1400,2925200,"S"
"VNM","14:01:12",67.9,-0.6,100,2923800,"B"
"VNM","14:01:11",67.9,-0.6,100,2923700,"B"
"VNM","14:01:04",68,-0.5,1400,2923600,"S"
"VNM","14:01:01",67.9,-0.6,100,2922200,"B"
"VNM","14:00:58",68,-0.5,6200,2922100,"S"
"VNM","14:00:52",67.9,-0.6,800,2915900,"B"
"VNM","14:00:49",68,-0.5,3200,2915100,"S"
"VNM","14:00:49",67.9,-0.6,100,2911900,"B"
"VNM","14:00:39",67.9,-0.6,100,2911800,"B"
"VNM","14:00:29",67.9,-0.6,100,2911700,"B"
"VNM","14:00:26",67.9,-0.6,800,2911600,"B"
"VNM","14:00:19",67.9,-0.6,100,2910800,"B"
"VNM","14:00:10",67.9,-0.6,100,2910700,"B"
"VNM","13:59:59",67.9,-0.6,100,2910600,"B"
"VNM","13:59:58",68,-0.5,200,2910500,"S"
"VNM","13:59:48",67.9,-0.6,200,2910300,"B"
"VNM","13:59:40",68,-0.5,500,2910100,"S"
"VNM","13:59:38",67.9,-0.6,100,2909600,"B"
"VNM","13:59:28",67.9,-0.6,100,2909500,"B"
"VNM","13:59:18",67.9,-0.6,100,2909400,"B"
"VNM","13:59:08",67.9,-0.6,100,2909300,"B"
"VNM","13:59:01",68,-0.5,100,2909200,"S"
"VNM","13:58:57",67.9,-0.6,100,2909100,"B"
"VNM","13:58:52",68,-0.5,3000,2909000,"S"
"VNM","13:58:47",67.9,-0.6,100,2906000,"B"
"VNM","13:58:37",67.9,-0.6,100,2905900,"B"
"VNM","13:58:31",68,-0.5,1600,2905800,"S"
"VNM","13:58:28",67.9,-0.6,100,2904200,"B"
"VNM","13:58:23",67.9,-0.6,100,2904100,"B"
"VNM","13:58:18",67.9,-0.6,100,2904000,"B"
"VNM","13:58:17",67.9,-0.6,100,2903900,"B"
"VNM","13:58:12",67.9,-0.6,100,2903800,"B"
"VNM","13:58:12",67.9,-0.6,300,2903700,"B"
"VNM","13:58:07",67.9,-0.6,100,2903400,"B"
"VNM","13:58:00",67.9,-0.6,100,2903300,"B"
"VNM","13:57:57",67.9,-0.6,100,2903200,"B"
"VNM","13:57:47",67.9,-0.6,100,2903100,"B"
"VNM","13:57:38",67.9,-0.6,100,2903000,"B"
"VNM","13:57:37",67.9,-0.6,100,2902900,"B"
"VNM","13:57:27",67.9,-0.6,100,2902800,"B"
"VNM","13:57:17",67.9,-0.6,100,2902700,"B"
"VNM","13:57:07",67.9,-0.6,100,2902600,"B"
"VNM","13:56:58",67.9,-0.6,100,2902500,"B"
"VNM","13:56:57",67.9,-0.6,100,2902400,"B"
"VNM","13:56:49",67.9,-0.6,4000,2902300,"B"
"VNM","13:56:48",67.9,-0.6,100,2898300,"B"
"VNM","13:56:37",67.9,-0.6,100,2898200,"B"
"VNM","13:56:35",67.9,-0.6,100,2898100,"B"
"VNM","13:56:29",67.9,-0.6,100,2898000,"B"
"VNM","13:56:27",67.9,-0.6,100,2897900,"B"
"VNM","13:56:17",67.9,-0.6,100,2897800,"B"
"VNM","13:56:07",67.9,-0.6,100,2897700,"B"
"VNM","13:55:57",67.9,-0.6,100,2897600,"B"
"VNM","13:55:43",67.9,-0.6,400,2897500,"S"
"VNM","13:55:37",67.8,-0.7,100,2897100,"B"
"VNM","13:55:34",67.8,-0.7,100,2897000,"B"
"VNM","13:55:28",67.8,-0.7,100,2896900,"B"
"VNM","13:55:18",67.8,-0.7,100,2896800,"B"
"VNM","13:55:09",67.8,-0.7,100,2896700,"B"
"VNM","13:55:07",67.8,-0.7,100,2896600,"B"
"VNM","13:54:58",67.8,-0.7,100,2896500,"B"
"VNM","13:54:48",67.8,-0.7,100,2896400,"B"
"VNM","13:54:41",67.9,-0.6,1300,2896300,"B"
"VNM","13:54:37",67.9,-0.6,100,2895000,"B"
"VNM","13:54:32",67.9,-0.6,2000,2894900,"B"
"VNM","13:54:27",67.9,-0.6,100,2892900,"B"
"VNM","13:54:18",67.9,-0.6,100,2892800,"B"
"VNM","13:54:17",67.9,-0.6,3500,2892700,"B"
"VNM","13:54:09",67.9,-0.6,100,2889200,"B"
"VNM","13:54:08",67.9,-0.6,100,2889100,"B"
"VNM","13:53:58",67.9,-0.6,200,2889000,"B"
"VNM","13:53:51",67.9,-0.6,1000,2888800,"B"
"VNM","13:53:48",67.9,-0.6,100,2887800,"B"
"VNM","13:53:44",67.9,-0.6,100,2887700,"B"
"VNM","13:53:41",67.9,-0.6,1000,2887600,"B"
"VNM","13:53:38",67.9,-0.6,100,2886600,"B"
"VNM","13:53:18",67.9,-0.6,100,2886500,"B"
"VNM","13:53:17",67.9,-0.6,3300,2886400,"S"
"VNM","13:53:16",67.9,-0.6,300,2883100,"S"
"VNM","13:53:08",67.8,-0.7,100,2882800,"B"
"VNM","13:53:03",67.9,-0.6,100,2882700,"S"
"VNM","13:52:59",67.8,-0.7,100,2882600,"B"
"VNM","13:52:55",67.9,-0.6,100,2882500,"S"
"VNM","13:52:51",67.9,-0.6,100,2882400,"S"
"VNM","13:52:50",67.9,-0.6,200,2882300,"S"
"VNM","13:52:45",67.8,-0.7,200,2882100,"B"
"VNM","13:52:44",67.9,-0.6,100,2881900,"S"
"VNM","13:52:39",67.8,-0.7,100,2881800,"B"
"VNM","13:52:29",67.8,-0.7,100,2881700,"B"
"VNM","13:52:25",67.8,-0.7,200,2881600,"B"
"VNM","13:52:19",67.8,-0.7,200,2881400,"B"
"VNM","13:52:09",67.8,-0.7,100,2881200,"B"
"VNM","13:51:59",67.8,-0.7,100,2881100,"B"
"VNM","13:51:54",67.8,-0.7,500,2881000,"B"
"VNM","13:51:49",67.8,-0.7,100,2880500,"B"
"VNM","13:51:39",67.8,-0.7,100,2880400,"B"
"VNM","13:51:29",67.8,-0.7,100,2880300,"B"
"VNM","13:51:20",67.8,-0.7,200,2880200,"B"
"VNM","13:51:13",67.9,-0.6,100,2880000,"S"
"VNM","13:51:09",67.9,-0.6,800,2879900,"B"
"VNM","13:51:05",67.9,-0.6,6200,2879100,"S"
"VNM","13:51:00",67.8,-0.7,100,2872900,"B"
"VNM","13:50:53",67.8,-0.7,100,2872800,"B"
"VNM","13:50:50",67.8,-0.7,100,2872700,"B"
"VNM","13:50:49",67.8,-0.7,500,2872600,"B"
"VNM","13:50:40",67.8,-0.7,100,2872100,"B"
"VNM","13:50:38",67.9,-0.6,6700,2872000,"B"
"VNM","13:50:34",67.9,-0.6,500,2865300,"B"
"VNM","13:50:30",67.9,-0.6,100,2864800,"B"
"VNM","13:50:28",67.9,-0.6,1400,2864700,"B"
"VNM","13:50:23",67.9,-0.6,1400,2863300,"B"
"VNM","13:50:22",67.9,-0.6,100,2861900,"B"
"VNM","13:50:18",67.9,-0.6,1400,2861800,"B"
"VNM","13:50:17",67.9,-0.6,4200,2860400,"B"
"VNM","13:50:13",67.9,-0.6,2800,2856200,"B"
"VNM","13:50:11",67.9,-0.6,100,2853400,"B"
"VNM","13:50:09",67.9,-0.6,2800,2853300,"B"
"VNM","13:50:09",67.9,-0.6,1400,2850500,"B"
"VNM","13:50:01",67.9,-0.6,100,2849100,"B"
"VNM","13:49:51",67.9,-0.6,100,2849000,"B"
"VNM","13:49:42",67.9,-0.6,100,2848900,"B"
"VNM","13:49:33",67.9,-0.6,100,2848800,"B"
"VNM","13:49:28",67.9,-0.6,100,2848700,"B"
"VNM","13:49:23",67.9,-0.6,100,2848600,"B"
"VNM","13:49:16",67.9,-0.6,100,2848500,"B"
"VNM","13:49:13",67.9,-0.6,100,2848400,"B"
"VNM","13:49:02",67.9,-0.6,100,2848300,"B"
"VNM","13:48:53",67.9,-0.6,100,2848200,"B"
"VNM","13:48:52",67.9,-0.6,200,2848100,"B"
"VNM","13:48:43",67.9,-0.6,100,2847900,"B"
"VNM","13:48:37",67.9,-0.6,200,2847800,"B"
"VNM","13:48:33",67.9,-0.6,100,2847600,"B"
"VNM","13:48:28",67.9,-0.6,3500,2847500,"B"
"VNM","13:48:27",67.9,-0.6,200,2844000,"B"
"VNM","13:48:24",67.9,-0.6,700,2843800,"B"
"VNM","13:48:24",67.9,-0.6,100,2843100,"B"
"VNM","13:48:14",67.9,-0.6,100,2843000,"B"
"VNM","13:48:05",67.9,-0.6,100,2842900,"B"
"VNM","13:48:00",68,-0.5,15000,2842800,"S"
"VNM","13:47:54",67.9,-0.6,100,2827800,"B"
"VNM","13:47:53",67.9,-0.6,100,2827700,"B"
"VNM","13:47:46",67.9,-0.6,100,2827600,"B"
"VNM","13:47:42",67.9,-0.6,1400,2827500,"B"
"VNM","13:47:38",67.9,-0.6,1600,2826100,"B"
"VNM","13:47:36",67.9,-0.6,100,2824500,"B"
"VNM","13:47:33",67.9,-0.6,100,2824400,"B"
"VNM","13:47:27",67.9,-0.6,100,2824300,"B"
"VNM","13:47:23",67.9,-0.6,4200,2824200,"B"
"VNM","13:47:16",67.9,-0.6,100,2820000,"B"
"VNM","13:47:07",67.9,-0.6,100,2819900,"B"
"VNM","13:46:57",67.9,-0.6,100,2819800,"B"
"VNM","13:46:48",67.9,-0.6,100,2819700,"B"
"VNM","13:46:37",67.9,-0.6,200,2819600,"B"
"VNM","13:46:36",67.9,-0.6,500,2819400,"B"
"VNM","13:46:30",67.9,-0.6,100,2818900,"B"
"VNM","13:46:28",67.9,-0.6,100,2818800,"B"
"VNM","13:46:19",67.9,-0.6,100,2818700,"B"
"VNM","13:46:08",67.9,-0.6,100,2818600,"B"
"VNM","13:46:00",67.9,-0.6,100,2818500,"B"
"VNM","13:45:49",67.9,-0.6,100,2818400,"B"
"VNM","13:45:39",67.9,-0.6,100,2818300,"B"
"VNM","13:45:31",67.9,-0.6,100,2818200,"B"
"VNM","13:45:22",67.9,-0.6,100,2818100,"B"
"VNM","13:45:12",67.9,-0.6,100,2818000,"B"
"VNM","13:45:10",67.9,-0.6,100,2817900,"B"
"VNM","13:45:07",67.9,-0.6,100,2817800,"B"
"VNM","13:45:00",67.9,-0.6,100,2817700,"B"
"VNM","13:44:51",67.9,-0.6,100,2817600,"B"
"VNM","13:44:41",67.9,-0.6,100,2817500,"B"
"VNM","13:44:34",67.9,-0.6,100,2817400,"B"
"VNM","13:44:26",68,-0.5,100,2817300,"S"
"VNM","13:44:21",67.9,-0.6,100,2817200,"B"
"VNM","13:44:12",67.9,-0.6,100,2817100,"B"
"VNM","13:44:02",67.9,-0.6,100,2817000,"B"
"VNM","13:43:54",67.9,-0.6,100,2816900,"B"
"VNM","13:43:47",68,-0.5,100,2816800,"S"
"VNM","13:43:46",67.9,-0.6,100,2816700,"B"
"VNM","13:43:43",67.9,-0.6,200,2816600,"B"
"VNM","13:43:34",67.9,-0.6,100,2816400,"B"
"VNM","13:43:32",67.9,-0.6,500,2816300,"B"
"VNM","13:43:24",67.9,-0.6,100,2815800,"B"
"VNM","13:43:14",67.9,-0.6,100,2815700,"B"
"VNM","13:43:14",68,-0.5,9900,2815600,"S"
"VNM","13:43:05",67.9,-0.6,100,2805700,"B"
"VNM","13:42:56",67.9,-0.6,100,2805600,"B"
"VNM","13:42:49",67.9,-0.6,300,2805500,"B"
"VNM","13:42:46",67.9,-0.6,100,2805200,"B"
"VNM","13:42:36",67.9,-0.6,100,2805100,"B"
"VNM","13:42:26",67.9,-0.6,100,2805000,"B"
"VNM","13:42:21",67.9,-0.6,100,2804900,"B"
"VNM","13:42:21",67.9,-0.6,100,2804800,"B"
"VNM","13:42:17",67.9,-0.6,100,2804700,"B"
"VNM","13:42:07",67.9,-0.6,100,2804600,"B"
"VNM","13:41:58",67.9,-0.6,100,2804500,"B"
"VNM","13:41:53",67.9,-0.6,1000,2804400,"B"
"VNM","13:41:39",67.9,-0.6,2600,2803400,"S"
"VNM","13:41:37",67.8,-0.7,100,2800800,"B"
"VNM","13:41:37",67.9,-0.6,100,2800700,"S"
"VNM","13:41:28",67.8,-0.7,100,2800600,"B"
"VNM","13:41:28",67.9,-0.6,2000,2800500,"S"
"VNM","13:41:28",67.9,-0.6,16000,2798500,"S"
"VNM","13:41:21",67.8,-0.7,100,2782500,"B"
"VNM","13:41:18",67.8,-0.7,100,2782400,"B"
"VNM","13:40:58",67.8,-0.7,100,2782300,"B"
"VNM","13:40:57",67.8,-0.7,100,2782200,"B"
"VNM","13:40:56",67.8,-0.7,100,2782100,"B"
"VNM","13:40:50",67.8,-0.7,100,2782000,"B"
"VNM","13:40:40",67.8,-0.7,100,2781900,"B"
"VNM","13:40:31",67.8,-0.7,100,2781800,"B"
"VNM","13:40:26",67.8,-0.7,200,2781700,"B"
"VNM","13:40:21",67.8,-0.7,100,2781500,"B"
"VNM","13:40:11",67.8,-0.7,100,2781400,"B"
"VNM","13:40:09",67.8,-0.7,800,2781300,"B"
"VNM","13:40:01",67.8,-0.7,100,2780500,"B"
"VNM","13:39:52",67.8,-0.7,100,2780400,"B"
"VNM","13:39:42",67.8,-0.7,100,2780300,"B"
"VNM","13:39:35",67.8,-0.7,100,2780200,"B"
"VNM","13:39:34",67.8,-0.7,100,2780100,"B"
"VNM","13:39:24",67.9,-0.6,200,2780000,"S"
"VNM","13:39:23",67.8,-0.7,100,2779800,"B"
"VNM","13:39:15",67.8,-0.7,100,2779700,"B"
"VNM","13:39:04",67.8,-0.7,100,2779600,"B"
"VNM","13:38:55",67.8,-0.7,100,2779500,"B"
"VNM","13:38:45",67.8,-0.7,100,2779400,"B"
"VNM","13:38:28",67.8,-0.7,100,2779300,"S"
"VNM","13:38:24",67.7,-0.8,100,2779200,"B"
"VNM","13:38:16",67.8,-0.7,100,2779100,"S"
"VNM","13:38:15",67.7,-0.8,100,2779000,"B"
"VNM","13:38:06",67.8,-0.7,100,2778900,"B"
"VNM","13:37:53",67.9,-0.6,100,2778800,"S"
"VNM","13:37:53",67.8,-0.7,100,2778700,"S"
"VNM","13:37:45",67.7,-0.8,100,2778600,"B"
"VNM","13:37:36",67.7,-0.8,100,2778500,"B"
"VNM","13:37:26",67.7,-0.8,100,2778400,"B"
"VNM","13:37:17",67.7,-0.8,100,2778300,"B"
"VNM","13:37:07",67.7,-0.8,100,2778200,"B"
"VNM","13:37:06",67.8,-0.7,100,2778100,"S"
"VNM","13:36:58",67.7,-0.8,100,2778000,"B"
"VNM","13:36:48",67.7,-0.8,100,2777900,"B"
"VNM","13:36:40",67.8,-0.7,200,2777800,"S"
"VNM","13:36:39",67.7,-0.8,100,2777600,"B"
"VNM","13:36:39",67.7,-0.8,100,2777500,"B"
"VNM","13:36:29",67.7,-0.8,100,2777400,"B"
"VNM","13:36:20",67.7,-0.8,100,2777300,"B"
"VNM","13:36:11",67.7,-0.8,100,2777200,"B"
"VNM","13:36:09",67.8,-0.7,900,2777100,"S"
"VNM","13:36:08",67.8,-0.7,3100,2776200,"S"
"VNM","13:36:01",67.7,-0.8,100,2773100,"B"
"VNM","13:35:51",67.7,-0.8,100,2773000,"B"
"VNM","13:35:42",67.7,-0.8,100,2772900,"B"
"VNM","13:35:33",67.7,-0.8,100,2772800,"B"
"VNM","13:35:26",67.7,-0.8,100,2772700,"B"
"VNM","13:35:23",67.7,-0.8,100,2772600,"B"
"VNM","13:35:14",67.7,-0.8,100,2772500,"B"
"VNM","13:35:14",67.7,-0.8,100,2772400,"B"
"VNM","13:35:06",67.7,-0.8,200,2772300,"B"
"VNM","13:35:05",67.7,-0.8,100,2772100,"B"
"VNM","13:34:55",67.7,-0.8,100,2772000,"B"
"VNM","13:34:46",67.7,-0.8,100,2771900,"B"
"VNM","13:34:36",67.7,-0.8,100,2771800,"B"
"VNM","13:34:27",67.7,-0.8,100,2771700,"B"
"VNM","13:34:17",67.7,-0.8,100,2771600,"B"
"VNM","13:34:08",67.7,-0.8,100,2771500,"B"
"VNM","13:34:03",67.7,-0.8,100,2771400,"B"
"VNM","13:33:58",67.7,-0.8,100,2771300,"B"
"VNM","13:33:49",67.7,-0.8,100,2771200,"B"
"VNM","13:33:49",67.7,-0.8,100,2771100,"B"
"VNM","13:33:39",67.7,-0.8,100,2771000,"B"
"VNM","13:33:30",67.7,-0.8,100,2770900,"B"
"VNM","13:33:20",67.7,-0.8,100,2770800,"B"
"VNM","13:33:11",67.7,-0.8,100,2770700,"B"
"VNM","13:33:09",67.8,-0.7,100,2770600,"S"
"VNM","13:33:02",67.7,-0.8,100,2770500,"B"
"VNM","13:32:52",67.7,-0.8,100,2770400,"B"
"VNM","13:32:44",67.7,-0.8,100,2770300,"B"
"VNM","13:32:34",67.8,-0.7,300,2770200,"S"
"VNM","13:32:34",67.7,-0.8,100,2769900,"B"
"VNM","13:32:33",67.7,-0.8,100,2769800,"B"
"VNM","13:32:24",67.8,-0.7,1100,2769700,"B"
"VNM","13:32:23",67.8,-0.7,100,2768600,"B"
"VNM","13:32:17",67.8,-0.7,1600,2768500,"B"
"VNM","13:32:15",67.8,-0.7,100,2766900,"B"
"VNM","13:32:11",67.8,-0.7,10000,2766800,"B"
"VNM","13:32:05",67.8,-0.7,100,2756800,"B"
"VNM","13:31:57",67.8,-0.7,100,2756700,"B"
"VNM","13:31:47",67.8,-0.7,100,2756600,"B"
"VNM","13:31:37",67.8,-0.7,100,2756500,"B"
"VNM","13:31:28",67.8,-0.7,100,2756400,"B"
"VNM","13:31:19",67.8,-0.7,100,2756300,"B"
"VNM","13:31:17",67.8,-0.7,100,2756200,"B"
"VNM","13:31:09",67.8,-0.7,100,2756100,"B"
"VNM","13:31:00",67.8,-0.7,100,2756000,"B"
"VNM","13:30:58",67.8,-0.7,100,2755900,"B"
"VNM","13:30:54",67.8,-0.7,10000,2755800,"B"
"VNM","13:30:50",67.8,-0.7,100,2745800,"B"
"VNM","13:30:41",67.8,-0.7,100,2745700,"B"
"VNM","13:30:32",67.8,-0.7,100,2745600,"B"
"VNM","13:30:25",67.9,-0.6,100,2745500,"S"
"VNM","13:30:22",67.8,-0.7,100,2745400,"B"
"VNM","13:30:13",67.8,-0.7,100,2745300,"B"
"VNM","13:30:05",67.8,-0.7,100,2745200,"B"
"VNM","13:29:54",67.8,-0.7,100,2745100,"B"
"VNM","13:29:49",67.9,-0.6,2100,2745000,"S"
"VNM","13:29:47",67.9,-0.6,200,2742900,"B"
"VNM","13:29:45",67.9,-0.6,100,2742700,"B"
"VNM","13:29:40",67.9,-0.6,4000,2742600,"B"
"VNM","13:29:37",67.9,-0.6,100,2738600,"B"
"VNM","13:29:36",67.9,-0.6,100,2738500,"B"
"VNM","13:29:33",67.9,-0.6,100,2738400,"B"
"VNM","13:29:31",67.9,-0.6,100,2738300,"B"
"VNM","13:29:29",67.9,-0.6,4000,2738200,"B"
"VNM","13:29:27",67.9,-0.6,100,2734200,"B"
"VNM","13:29:19",67.9,-0.6,100,2734100,"B"
"VNM","13:29:12",67.9,-0.6,300,2734000,"B"
"VNM","13:29:09",67.9,-0.6,1400,2733700,"B"
"VNM","13:29:08",67.9,-0.6,100,2732300,"B"
"VNM","13:28:49",67.9,-0.6,2600,2732200,"S"
"VNM","13:28:47",67.8,-0.7,100,2729600,"B"
"VNM","13:28:39",67.8,-0.7,100,2729500,"B"
"VNM","13:28:34",67.8,-0.7,700,2729400,"B"
"VNM","13:28:30",67.8,-0.7,100,2728700,"B"
"VNM","13:28:29",67.8,-0.7,100,2728600,"B"
"VNM","13:28:19",67.8,-0.7,100,2728500,"B"
"VNM","13:28:14",67.9,-0.6,100,2728400,"B"
"VNM","13:28:10",67.9,-0.6,100,2728300,"B"
"VNM","13:28:07",67.9,-0.6,100,2728200,"B"
"VNM","13:28:01",67.9,-0.6,100,2728100,"B"
"VNM","13:27:58",67.9,-0.6,1000,2728000,"B"
"VNM","13:27:52",67.9,-0.6,10100,2727000,"B"
"VNM","13:27:42",67.9,-0.6,100,2716900,"B"
"VNM","13:27:33",67.9,-0.6,100,2716800,"B"
"VNM","13:27:28",68,-0.5,200,2716700,"S"
"VNM","13:27:23",67.9,-0.6,100,2716500,"B"
"VNM","13:27:14",67.9,-0.6,100,2716400,"B"
"VNM","13:27:10",67.9,-0.6,700,2716300,"B"
"VNM","13:27:07",67.9,-0.6,100,2715600,"B"
"VNM","13:27:05",67.9,-0.6,100,2715500,"B"
"VNM","13:27:02",67.9,-0.6,100,2715400,"B"
"VNM","13:27:01",67.9,-0.6,1400,2715300,"B"
"VNM","13:26:57",67.9,-0.6,100,2713900,"B"
"VNM","13:26:46",67.9,-0.6,100,2713800,"B"
"VNM","13:26:42",67.9,-0.6,100,2713700,"B"
"VNM","13:26:40",67.9,-0.6,300,2713600,"B"
"VNM","13:26:38",67.9,-0.6,100,2713300,"B"
"VNM","13:26:36",67.9,-0.6,2200,2713200,"B"
"VNM","13:26:34",67.9,-0.6,1400,2711000,"B"
"VNM","13:26:28",67.9,-0.6,100,2709600,"B"
"VNM","13:26:18",67.9,-0.6,100,2709500,"B"
"VNM","13:26:09",67.9,-0.6,100,2709400,"B"
"VNM","13:26:01",67.9,-0.6,1400,2709300,"B"
"VNM","13:26:00",67.9,-0.6,100,2707900,"B"
"VNM","13:25:51",67.9,-0.6,100,2707800,"B"
"VNM","13:25:45",67.9,-0.6,100,2707700,"B"
"VNM","13:25:41",67.9,-0.6,100,2707600,"B"
"VNM","13:25:35",67.9,-0.6,100,2707500,"B"
"VNM","13:25:23",67.9,-0.6,100,2707400,"B"
"VNM","13:25:23",67.9,-0.6,600,2707300,"B"
"VNM","13:25:23",68,-0.5,200,2706700,"S"
"VNM","13:25:16",67.9,-0.6,100,2706500,"B"
"VNM","13:25:14",67.9,-0.6,200,2706400,"B"
"VNM","13:25:14",67.9,-0.6,100,2706200,"B"
"VNM","13:25:13",67.9,-0.6,300,2706100,"B"
"VNM","13:25:04",67.9,-0.6,100,2705800,"B"
"VNM","13:24:55",67.9,-0.6,100,2705700,"B"
"VNM","13:24:47",67.9,-0.6,100,2705600,"B"
"VNM","13:24:44",67.9,-0.6,1000,2705500,"B"
"VNM","13:24:37",67.9,-0.6,100,2704500,"B"
"VNM","13:24:27",67.9,-0.6,100,2704400,"B"
"VNM","13:24:22",67.9,-0.6,100,2704300,"B"
"VNM","13:24:19",67.9,-0.6,100,2704200,"B"
"VNM","13:24:09",67.9,-0.6,100,2704100,"B"
"VNM","13:24:07",68,-0.5,100,2704000,"S"
"VNM","13:24:00",67.9,-0.6,100,2703900,"B"
"VNM","13:23:54",68,-0.5,200,2703800,"S"
"VNM","13:23:52",67.9,-0.6,100,2703600,"B"
"VNM","13:23:50",67.9,-0.6,100,2703500,"B"
"VNM","13:23:41",67.9,-0.6,100,2703400,"B"
"VNM","13:23:32",67.9,-0.6,100,2703300,"B"
"VNM","13:23:22",67.9,-0.6,100,2703200,"B"
"VNM","13:23:13",67.9,-0.6,100,2703100,"B"
"VNM","13:23:04",67.9,-0.6,100,2703000,"B"
"VNM","13:22:58",67.9,-0.6,100,2702900,"B"
"VNM","13:22:55",67.9,-0.6,100,2702800,"B"
"VNM","13:22:48",67.9,-0.6,600,2702700,"B"
"VNM","13:22:47",67.9,-0.6,100,2702100,"B"
"VNM","13:22:36",67.9,-0.6,100,2702000,"B"
"VNM","13:22:35",68,-0.5,100,2701900,"S"
"VNM","13:22:27",67.9,-0.6,100,2701800,"B"
"VNM","13:22:20",68,-0.5,1400,2701700,"S"
"VNM","13:22:18",67.9,-0.6,100,2700300,"B"
"VNM","13:22:08",67.9,-0.6,100,2700200,"B"
"VNM","13:21:59",67.9,-0.6,100,2700100,"B"
"VNM","13:21:54",68,-0.5,1400,2700000,"S"
"VNM","13:21:51",67.9,-0.6,1500,2698600,"B"
"VNM","13:21:50",67.9,-0.6,100,2697100,"B"
"VNM","13:21:41",67.9,-0.6,100,2697000,"B"
"VNM","13:21:35",67.9,-0.6,100,2696900,"B"
"VNM","13:21:32",67.9,-0.6,100,2696800,"B"
"VNM","13:21:32",68,-0.5,1400,2696700,"S"
"VNM","13:21:22",67.9,-0.6,100,2695300,"B"
"VNM","13:21:13",67.9,-0.6,100,2695200,"B"
"VNM","13:21:04",67.9,-0.6,100,2695100,"B"
"VNM","13:21:00",67.9,-0.6,100,2695000,"B"
"VNM","13:20:55",67.9,-0.6,100,2694900,"B"
"VNM","13:20:46",67.9,-0.6,100,2694800,"B"
"VNM","13:20:32",67.9,-0.6,200,2694700,"S"
"VNM","13:20:27",67.8,-0.7,100,2694500,"B"
"VNM","13:20:18",67.8,-0.7,100,2694400,"B"
"VNM","13:20:09",67.9,-0.6,100,2694300,"B"
"VNM","13:19:59",67.9,-0.6,100,2694200,"B"
"VNM","13:19:51",67.8,-0.7,100,2694100,"B"
"VNM","13:19:41",67.8,-0.7,100,2694000,"B"
"VNM","13:19:35",67.8,-0.7,100,2693900,"B"
"VNM","13:19:32",67.8,-0.7,100,2693800,"B"
"VNM","13:19:26",68,-0.5,1600,2693700,"B"
"VNM","13:19:23",68,-0.5,100,2692100,"B"
"VNM","13:19:17",68,-0.5,1000,2692000,"B"
"VNM","13:19:17",68,-0.5,100,2691000,"B"
"VNM","13:19:14",68,-0.5,100,2690900,"B"
"VNM","13:19:12",68,-0.5,100,2690800,"B"
"VNM","13:19:11",68,-0.5,100,2690700,"B"
"VNM","13:19:07",68,-0.5,200,2690600,"B"
"VNM","13:19:05",68,-0.5,3400,2690400,"B"
"VNM","13:18:50",68,-0.5,100,2687000,"B"
"VNM","13:18:46",68,-0.5,3900,2686900,"S"
"VNM","13:18:37",67.8,-0.7,100,2683000,"B"
"VNM","13:18:21",68,-0.5,300,2682900,"S"
"VNM","13:18:21",67.9,-0.6,1700,2682600,"S"
"VNM","13:18:17",67.8,-0.7,100,2680900,"B"
"VNM","13:18:00",68,-0.5,14600,2680800,"S"
"VNM","13:18:00",67.9,-0.6,400,2666200,"S"
"VNM","13:17:58",67.8,-0.7,100,2665800,"B"
"VNM","13:17:48",67.8,-0.7,100,2665700,"B"
"VNM","13:17:40",67.8,-0.7,100,2665600,"B"
"VNM","13:17:32",67.8,-0.7,100,2665500,"B"
"VNM","13:17:17",68,-0.5,100,2665400,"B"
"VNM","13:17:15",67.9,-0.6,1900,2665300,"S"
"VNM","13:17:01",68,-0.5,200,2663400,"B"
"VNM","13:16:59",68,-0.5,9600,2663200,"S"
"VNM","13:16:59",67.9,-0.6,200,2653600,"S"
"VNM","13:16:59",67.7,-0.8,100,2653400,"B"
"VNM","13:16:50",67.8,-0.7,100,2653300,"B"
"VNM","13:16:41",67.9,-0.6,100,2653200,"B"
"VNM","13:16:38",68,-0.5,1600,2653100,"B"
"VNM","13:16:35",68,-0.5,3000,2651500,"B"
"VNM","13:16:31",68,-0.5,300,2648500,"B"
"VNM","13:16:20",68,-0.5,600,2648200,"B"
"VNM","13:16:19",68,-0.5,800,2647600,"S"
"VNM","13:16:19",67.8,-0.7,5000,2646800,"B"
"VNM","13:16:12",68,-0.5,500,2641800,"S"
"VNM","13:16:12",67.9,-0.6,700,2641300,"S"
"VNM","13:16:11",67.8,-0.7,100,2640600,"B"
"VNM","13:16:00",68,-0.5,9600,2640500,"S"
"VNM","13:15:53",67.8,-0.7,100,2630900,"B"
"VNM","13:15:35",68,-0.5,23400,2630800,"S"
"VNM","13:15:34",68,-0.5,18900,2607400,"S"
"VNM","13:15:34",67.9,-0.6,2700,2588500,"S"
"VNM","13:15:34",67.8,-0.7,100,2585800,"B"
"VNM","13:15:25",67.8,-0.7,100,2585700,"B"
"VNM","13:15:21",67.9,-0.6,400,2585600,"S"
"VNM","13:15:19",67.8,-0.7,100,2585200,"B"
"VNM","13:15:15",67.8,-0.7,100,2585100,"B"
"VNM","13:15:06",67.8,-0.7,100,2585000,"B"
"VNM","13:15:00",67.8,-0.7,100,2584900,"B"
"VNM","13:14:49",67.8,-0.7,100,2584800,"B"
"VNM","13:14:46",67.9,-0.6,200,2584700,"S"
"VNM","13:14:41",67.8,-0.7,100,2584500,"B"
"VNM","13:14:39",67.8,-0.7,100,2584400,"B"
"VNM","13:14:30",67.8,-0.7,100,2584300,"B"
"VNM","13:14:21",67.8,-0.7,100,2584200,"B"
"VNM","13:14:12",67.9,-0.6,200,2584100,"B"
"VNM","13:14:01",67.9,-0.6,100,2583900,"B"
"VNM","13:14:00",67.9,-0.6,200,2583800,"S"
"VNM","13:13:55",67.9,-0.6,200,2583600,"B"
"VNM","13:13:54",67.9,-0.6,100,2583400,"B"
"VNM","13:13:43",67.9,-0.6,200,2583300,"S"
"VNM","13:13:41",67.8,-0.7,100,2583100,"B"
"VNM","13:13:35",67.9,-0.6,100,2583000,"S"
"VNM","13:13:31",67.8,-0.7,100,2582900,"B"
"VNM","13:13:23",67.8,-0.7,100,2582800,"B"
"VNM","13:13:18",67.8,-0.7,100,2582700,"B"
"VNM","13:13:13",67.8,-0.7,100,2582600,"B"
"VNM","13:13:05",67.8,-0.7,100,2582500,"B"
"VNM","13:12:55",67.8,-0.7,100,2582400,"B"
"VNM","13:12:46",67.8,-0.7,100,2582300,"B"
"VNM","13:12:37",67.8,-0.7,100,2582200,"B"
"VNM","13:12:28",67.8,-0.7,100,2582100,"B"
"VNM","13:12:28",67.8,-0.7,100,2582000,"B"
"VNM","13:12:19",67.8,-0.7,100,2581900,"B"
"VNM","13:12:10",67.8,-0.7,100,2581800,"B"
"VNM","13:12:09",67.9,-0.6,200,2581700,"S"
"VNM","13:12:07",67.9,-0.6,500,2581500,"B"
"VNM","13:12:03",67.9,-0.6,300,2581000,"B"
"VNM","13:12:01",67.9,-0.6,100,2580700,"B"
"VNM","13:11:55",67.9,-0.6,100,2580600,"B"
"VNM","13:11:54",67.9,-0.6,500,2580500,"B"
"VNM","13:11:52",67.9,-0.6,100,2580000,"B"
"VNM","13:11:42",67.9,-0.6,100,2579900,"B"
"VNM","13:11:34",67.9,-0.6,100,2579800,"B"
"VNM","13:11:25",67.9,-0.6,100,2579700,"B"
"VNM","13:11:16",67.9,-0.6,100,2579600,"B"
"VNM","13:11:07",68,-0.5,4400,2579500,"S"
"VNM","13:11:04",67.9,-0.6,100,2575100,"B"
"VNM","13:11:02",67.9,-0.6,55700,2575000,"S"
"VNM","13:11:02",67.8,-0.7,2600,2519300,"S"
"VNM","13:10:56",67.7,-0.8,100,2516700,"B"
"VNM","13:10:54",67.8,-0.7,2700,2516600,"S"
"VNM","13:10:46",67.7,-0.8,100,2513900,"B"
"VNM","13:10:37",67.7,-0.8,100,2513800,"B"
"VNM","13:10:32",67.7,-0.8,100,2513700,"B"
"VNM","13:10:28",67.7,-0.8,100,2513600,"B"
"VNM","13:10:19",67.7,-0.8,100,2513500,"B"
"VNM","13:10:13",67.7,-0.8,4000,2513400,"B"
"VNM","13:10:10",67.7,-0.8,100,2509400,"B"
"VNM","13:10:01",67.7,-0.8,100,2509300,"B"
"VNM","13:09:53",67.7,-0.8,2000,2509200,"B"
"VNM","13:09:52",67.7,-0.8,100,2507200,"B"
"VNM","13:09:42",67.7,-0.8,100,2507100,"B"
"VNM","13:09:41",67.8,-0.7,400,2507000,"S"
"VNM","13:09:40",67.8,-0.7,600,2506600,"S"
"VNM","13:09:37",67.7,-0.8,100,2506000,"B"
"VNM","13:09:34",67.7,-0.8,100,2505900,"B"
"VNM","13:09:27",67.7,-0.8,2000,2505800,"B"
"VNM","13:09:24",67.7,-0.8,100,2503800,"B"
"VNM","13:09:15",67.7,-0.8,100,2503700,"B"
"VNM","13:09:09",67.7,-0.8,100,2503600,"B"
"VNM","13:09:06",67.7,-0.8,100,2503500,"B"
"VNM","13:08:58",67.7,-0.8,100,2503400,"B"
"VNM","13:08:46",67.7,-0.8,600,2503300,"S"
"VNM","13:08:40",67.7,-0.8,200,2502700,"S"
"VNM","13:08:39",67.6,-0.9,100,2502500,"B"
"VNM","13:08:29",67.6,-0.9,100,2502400,"B"
"VNM","13:08:19",67.6,-0.9,100,2502300,"B"
"VNM","13:08:09",67.8,-0.7,900,2502200,"S"
"VNM","13:08:09",67.7,-0.8,100,2501300,"S"
"VNM","13:08:04",67.7,-0.8,100,2501200,"S"
"VNM","13:08:02",67.6,-0.9,100,2501100,"B"
"VNM","13:07:53",67.7,-0.8,100,2501000,"B"
"VNM","13:07:51",67.7,-0.8,1000,2500900,"B"
"VNM","13:07:46",67.7,-0.8,100,2499900,"B"
"VNM","13:07:45",67.7,-0.8,3000,2499800,"B"
"VNM","13:07:43",67.7,-0.8,100,2496800,"B"
"VNM","13:07:34",67.7,-0.8,100,2496700,"B"
"VNM","13:07:25",67.7,-0.8,100,2496600,"B"
"VNM","13:07:16",67.7,-0.8,100,2496500,"B"
"VNM","13:07:09",67.7,-0.8,100,2496400,"B"
"VNM","13:07:08",67.7,-0.8,100,2496300,"B"
"VNM","13:06:58",67.7,-0.8,100,2496200,"B"
"VNM","13:06:49",67.7,-0.8,100,2496100,"B"
"VNM","13:06:47",67.7,-0.8,100,2496000,"B"
"VNM","13:06:40",67.7,-0.8,100,2495900,"B"
"VNM","13:06:35",67.8,-0.7,1400,2495800,"S"
"VNM","13:06:30",67.8,-0.7,100,2494400,"S"
"VNM","13:06:28",67.8,-0.7,1400,2494300,"S"
"VNM","13:06:23",67.7,-0.8,1700,2492900,"B"
"VNM","13:06:22",67.7,-0.8,2600,2491200,"S"
"VNM","13:06:21",67.6,-0.9,100,2488600,"B"
"VNM","13:06:19",67.7,-0.8,1400,2488500,"S"
"VNM","13:06:16",67.7,-0.8,100,2487100,"S"
"VNM","13:06:12",67.6,-0.9,100,2487000,"B"
"VNM","13:06:12",67.7,-0.8,1400,2486900,"S"
"VNM","13:06:09",67.7,-0.8,1400,2485500,"S"
"VNM","13:06:05",67.7,-0.8,1000,2484100,"S"
"VNM","13:06:02",67.6,-0.9,100,2483100,"B"
"VNM","13:06:02",67.7,-0.8,300,2483000,"S"
"VNM","13:05:58",67.7,-0.8,800,2482700,"S"
"VNM","13:05:54",67.6,-0.9,100,2481900,"B"
"VNM","13:05:45",67.6,-0.9,100,2481800,"B"
"VNM","13:05:42",67.6,-0.9,1500,2481700,"B"
"VNM","13:05:36",67.6,-0.9,100,2480200,"B"
"VNM","13:05:26",67.6,-0.9,100,2480100,"B"
"VNM","13:05:21",67.6,-0.9,100,2480000,"B"
"VNM","13:05:17",67.6,-0.9,100,2479900,"B"
"VNM","13:05:09",67.6,-0.9,100,2479800,"B"
"VNM","13:05:00",67.6,-0.9,200,2479700,"B"
"VNM","13:04:50",67.6,-0.9,100,2479500,"B"
"VNM","13:04:41",67.6,-0.9,100,2479400,"B"
"VNM","13:04:38",67.6,-0.9,100,2479300,"B"
"VNM","13:04:38",67.7,-0.8,300,2479200,"S"
"VNM","13:04:32",67.6,-0.9,100,2478900,"B"
"VNM","13:04:23",67.6,-0.9,100,2478800,"B"
"VNM","13:04:21",67.6,-0.9,100,2478700,"B"
"VNM","13:04:06",67.6,-0.9,18600,2478600,"S"
"VNM","13:04:04",67.5,-1,100,2460000,"B"
"VNM","13:03:56",67.5,-1,100,2459900,"B"
"VNM","13:03:55",67.5,-1,100,2459800,"B"
"VNM","13:03:46",67.5,-1,100,2459700,"B"
"VNM","13:03:45",67.6,-0.9,100,2459600,"S"
"VNM","13:03:41",67.6,-0.9,1400,2459500,"B"
"VNM","13:03:37",67.6,-0.9,100,2458100,"B"
"VNM","13:03:37",67.6,-0.9,100,2458000,"B"
"VNM","13:03:28",67.6,-0.9,100,2457900,"B"
"VNM","13:03:24",67.7,-0.8,200,2457800,"S"
"VNM","13:03:12",67.6,-0.9,1200,2457600,"S"
"VNM","13:03:10",67.6,-0.9,400,2456400,"S"
"VNM","13:03:08",67.6,-0.9,500,2456000,"S"
"VNM","13:03:07",67.6,-0.9,100,2455500,"S"
"VNM","13:03:06",67.6,-0.9,1000,2455400,"S"
"VNM","13:02:59",67.6,-0.9,2200,2454400,"S"
"VNM","13:02:58",67.6,-0.9,100,2452100,"S"
"VNM","13:02:56",67.6,-0.9,100,2452000,"S"
"VNM","13:02:50",67.5,-1,100,2451900,"B"
"VNM","13:02:47",67.6,-0.9,500,2451800,"S"
"VNM","13:02:44",67.6,-0.9,900,2451300,"S"
"VNM","13:02:41",67.5,-1,100,2450400,"B"
"VNM","13:02:40",67.5,-1,400,2450300,"B"
"VNM","13:02:32",67.6,-0.9,500,2449900,"S"
"VNM","13:02:32",67.5,-1,100,2449400,"B"
"VNM","13:02:30",67.5,-1,100,2449300,"B"
"VNM","13:02:23",67.5,-1,100,2449200,"B"
"VNM","13:02:18",67.6,-0.9,1000,2449100,"S"
"VNM","13:02:14",67.5,-1,100,2448100,"B"
"VNM","13:02:10",67.6,-0.9,1400,2448000,"S"
"VNM","13:02:07",67.5,-1,1200,2446600,"B"
"VNM","13:02:07",67.6,-0.9,100,2445400,"S"
"VNM","13:02:05",67.5,-1,100,2445300,"B"
"VNM","13:02:04",67.6,-0.9,100,2445200,"S"
"VNM","13:02:01",67.6,-0.9,300,2445100,"S"
"VNM","13:01:56",67.5,-1,100,2444800,"B"
"VNM","13:01:55",67.6,-0.9,1000,2444700,"S"
"VNM","13:01:53",67.6,-0.9,1400,2443700,"S"
"VNM","13:01:47",67.5,-1,100,2442300,"B"
"VNM","13:01:44",67.6,-0.9,200,2442200,"S"
"VNM","13:01:38",67.5,-1,100,2442000,"B"
"VNM","13:01:29",67.5,-1,100,2441900,"B"
"VNM","13:01:20",67.5,-1,100,2441800,"B"
"VNM","13:01:11",67.5,-1,100,2441700,"B"
"VNM","13:01:04",67.6,-0.9,100,2441600,"S"
"VNM","13:00:59",67.6,-0.9,1400,2441500,"S"
"VNM","13:00:42",67.6,-0.9,2000,2440100,"S"
"VNM","13:00:39",67.6,-0.9,1500,2438100,"S"
"VNM","13:00:35",67.6,-0.9,500,2436600,"S"
"VNM","13:00:35",67.5,-1,300,2436100,"B"
"VNM","13:00:32",67.6,-0.9,100,2435800,"S"
"VNM","13:00:28",67.6,-0.9,200,2435700,"S"
"VNM","13:00:27",67.6,-0.9,100,2435500,"S"
"VNM","13:00:22",67.6,-0.9,300,2435300,"S"
"VNM","13:00:19",67.6,-0.9,300,2434800,"S"
"VNM","13:00:15",67.6,-0.9,700,2432400,"S"
"VNM","13:00:13",67.6,-0.9,100,2431700,"S"
"VNM","13:00:12",67.6,-0.9,600,2431600,"S"
"VNM","13:00:10",67.6,-0.9,200,2431000,"S"
"VNM","13:00:08",67.6,-0.9,500,2430800,"S"
"VNM","13:00:07",67.6,-0.9,1400,2430300,"S"
"VNM","13:00:06",67.6,-0.9,300,2428900,"S"
"VNM","13:00:05",67.5,-1,1000,2428600,"B"
"VNM","13:00:03",67.6,-0.9,5200,2427500,"S"
"VNM","13:00:02",67.6,-0.9,600,2422300,"S"
"VNM","13:00:02",67.6,-0.9,1800,2418700,"S"
"VNM","13:00:00",67.6,-0.9,1200,2416600,"S"
"VNM","11:29:53",67.6,-0.9,500,2415400,"S"
"VNM","11:29:52",67.6,-0.9,100,2414900,"S"
"VNM","11:29:51",67.6,-0.9,100,2414800,"S"
"VNM","11:29:48",67.6,-0.9,200,2414700,"S"
"VNM","11:29:36",67.6,-0.9,100,2414500,"S"
"VNM","11:29:32",67.6,-0.9,100,2414400,"S"
"VNM","11:29:27",67.6,-0.9,100,2414300,"S"
"VNM","11:29:22",67.6,-0.9,1400,2414200,"S"
"VNM","11:29:17",67.6,-0.9,100,2412800,"S"
"VNM","11:29:15",67.6,-0.9,1200,2412700,"S"
"VNM","11:29:08",67.6,-0.9,100,2411500,"S"
"VNM","11:29:07",67.6,-0.9,200,2411400,"S"
"VNM","11:29:05",67.6,-0.9,100,2411200,"S"
"VNM","11:28:59",67.6,-0.9,300,2411100,"S"
"VNM","11:28:55",67.6,-0.9,100,2410800,"S"
"VNM","11:28:51",67.6,-0.9,100,2410700,"S"
"VNM","11:28:49",67.5,-1,100,2410600,"B"
"VNM","11:28:31",67.6,-0.9,200,2410500,"S"
"VNM","11:28:30",67.5,-1,100,2410300,"B"
"VNM","11:28:25",67.6,-0.9,100,2410200,"S"
"VNM","11:28:21",67.5,-1,100,2410100,"B"
"VNM","11:28:16",67.6,-0.9,300,2410000,"S"
"VNM","11:28:14",67.5,-1,100,2409700,"B"
"VNM","11:28:12",67.5,-1,100,2409600,"B"
"VNM","11:28:10",67.6,-0.9,100,2409500,"S"
"VNM","11:28:09",67.6,-0.9,200,2409400,"S"
"VNM","11:28:05",67.6,-0.9,300,2409200,"S"
"VNM","11:28:04",67.5,-1,100,2408900,"B"
"VNM","11:28:03",67.5,-1,100,2408800,"B"
"VNM","11:27:55",67.5,-1,100,2408700,"B"
"VNM","11:27:54",67.6,-0.9,200,2408600,"S"
"VNM","11:27:45",67.5,-1,1100,2408400,"B"
"VNM","11:27:44",67.6,-0.9,1000,2407300,"S"
"VNM","11:27:41",67.6,-0.9,100,2406300,"S"
"VNM","11:27:37",67.6,-0.9,100,2406200,"S"
"VNM","11:27:36",67.5,-1,100,2406100,"B"
"VNM","11:27:27",67.5,-1,100,2406000,"B"
"VNM","11:27:25",67.6,-0.9,300,2405900,"S"
"VNM","11:27:18",67.5,-1,100,2405600,"B"
"VNM","11:27:15",67.6,-0.9,100,2405500,"S"
"VNM","11:27:13",67.5,-1,2000,2405400,"B"
"VNM","11:27:09",67.5,-1,100,2403400,"B"
"VNM","11:26:50",67.5,-1,100,2403300,"B"
"VNM","11:26:49",67.5,-1,100,2403200,"B"
"VNM","11:26:41",67.5,-1,100,2403100,"B"
"VNM","11:26:40",67.5,-1,100,2403000,"B"
"VNM","11:26:36",67.5,-1,3000,2402900,"B"
"VNM","11:26:33",67.5,-1,100,2399900,"B"
"VNM","11:26:32",67.6,-0.9,200,2399800,"S"
"VNM","11:26:23",67.5,-1,100,2399600,"B"
"VNM","11:26:20",67.6,-0.9,100,2399500,"S"
"VNM","11:26:14",67.5,-1,100,2399400,"B"
"VNM","11:26:10",67.6,-0.9,1000,2399300,"S"
"VNM","11:26:06",67.6,-0.9,500,2398300,"S"
"VNM","11:26:05",67.5,-1,100,2397800,"B"
"VNM","11:26:04",67.6,-0.9,100,2397700,"S"
"VNM","11:25:58",67.6,-0.9,100,2397600,"S"
"VNM","11:25:57",67.5,-1,100,2397500,"B"
"VNM","11:25:48",67.6,-0.9,1400,2397400,"S"
"VNM","11:25:47",67.5,-1,100,2396000,"B"
"VNM","11:25:40",67.6,-0.9,1000,2395900,"S"
"VNM","11:25:38",67.5,-1,100,2394900,"B"
"VNM","11:25:37",67.6,-0.9,100,2394800,"S"
"VNM","11:25:35",67.6,-0.9,1400,2394700,"S"
"VNM","11:25:22",67.6,-0.9,1400,2393300,"S"
"VNM","11:25:20",67.5,-1,100,2391900,"B"
"VNM","11:25:13",67.6,-0.9,1400,2391800,"S"
"VNM","11:25:11",67.5,-1,100,2390400,"B"
"VNM","11:25:06",67.6,-0.9,1400,2390300,"S"
"VNM","11:25:02",67.5,-1,100,2388900,"B"
"VNM","11:24:55",67.6,-0.9,100,2388800,"S"
"VNM","11:24:53",67.5,-1,100,2388700,"B"
"VNM","11:24:45",67.6,-0.9,1900,2388600,"S"
"VNM","11:24:44",67.6,-0.9,100,2386700,"S"
"VNM","11:24:44",67.5,-1,100,2386600,"B"
"VNM","11:24:39",67.6,-0.9,1400,2386500,"S"
"VNM","11:24:37",67.6,-0.9,100,2385100,"S"
"VNM","11:24:35",67.5,-1,100,2385000,"B"
"VNM","11:24:27",67.5,-1,100,2384900,"B"
"VNM","11:24:17",67.5,-1,100,2384800,"B"
"VNM","11:24:08",67.5,-1,600,2384700,"B"
"VNM","11:24:07",67.6,-0.9,2100,2384100,"S"
"VNM","11:24:06",67.6,-0.9,200,2382000,"S"
"VNM","11:24:00",67.6,-0.9,100,2381800,"S"
"VNM","11:23:58",67.5,-1,100,2381700,"B"
"VNM","11:23:54",67.5,-1,100,2381600,"B"
"VNM","11:23:51",67.5,-1,100,2381500,"B"
"VNM","11:23:47",67.6,-0.9,100,2381400,"S"
"VNM","11:23:43",67.6,-0.9,100,2381300,"S"
"VNM","11:23:41",67.5,-1,100,2381200,"B"
"VNM","11:23:38",67.6,-0.9,200,2381100,"S"
"VNM","11:23:36",67.6,-0.9,100,2380900,"S"
"VNM","11:23:32",67.5,-1,100,2380800,"B"
"VNM","11:23:23",67.5,-1,100,2380700,"B"
"VNM","11:23:16",67.6,-0.9,500,2380600,"S"
"VNM","11:23:14",67.5,-1,100,2380100,"B"
"VNM","11:23:05",67.5,-1,100,2379900,"B"
"VNM","11:23:00",67.6,-0.9,100,2379800,"S"
"VNM","11:22:59",67.5,-1,20000,2379700,"B"
"VNM","11:22:56",67.5,-1,100,2359700,"B"
"VNM","11:22:52",67.6,-0.9,200,2359600,"S"
"VNM","11:22:48",67.5,-1,500,2359400,"B"
"VNM","11:22:46",67.5,-1,100,2358900,"B"
"VNM","11:22:40",67.6,-0.9,100,2358800,"S"
"VNM","11:22:38",67.6,-0.9,200,2358700,"S"
"VNM","11:22:38",67.5,-1,100,2358500,"B"
"VNM","11:22:23",67.6,-0.9,100,2358400,"S"
"VNM","11:22:22",67.6,-0.9,100,2358300,"S"
"VNM","11:22:20",67.6,-0.9,100,2358200,"S"
"VNM","11:22:20",67.5,-1,100,2358100,"B"
"VNM","11:22:14",67.6,-0.9,2000,2358000,"S"
"VNM","11:22:11",67.5,-1,100,2356000,"B"
"VNM","11:22:05",67.5,-1,100,2355900,"B"
"VNM","11:22:02",67.5,-1,100,2355800,"B"
"VNM","11:21:58",67.6,-0.9,1000,2355700,"S"
"VNM","11:21:53",67.5,-1,100,2354700,"B"
"VNM","11:21:44",67.5,-1,100,2354600,"B"
"VNM","11:21:37",67.6,-0.9,900,2354500,"S"
"VNM","11:21:34",67.5,-1,100,2353600,"B"
"VNM","11:21:26",67.5,-1,100,2353500,"B"
"VNM","11:21:25",67.6,-0.9,100,2353400,"S"
"VNM","11:21:19",67.6,-0.9,200,2353300,"S"
"VNM","11:21:17",67.5,-1,100,2353100,"B"
"VNM","11:21:16",67.6,-0.9,300,2353000,"S"
"VNM","11:21:13",67.6,-0.9,1000,2352700,"S"
"VNM","11:21:09",67.6,-0.9,100,2351700,"S"
"VNM","11:21:08",67.5,-1,100,2351600,"B"
"VNM","11:21:08",67.5,-1,100,2351500,"B"
"VNM","11:20:57",67.6,-0.9,2100,2351400,"S"
"VNM","11:20:50",67.5,-1,100,2349300,"B"
"VNM","11:20:46",67.6,-0.9,5800,2349200,"B"
"VNM","11:20:45",67.6,-0.9,2000,2343400,"B"
"VNM","11:20:43",67.6,-0.9,2000,2341400,"B"
"VNM","11:20:42",67.6,-0.9,2000,2339400,"B"
"VNM","11:20:41",67.6,-0.9,100,2337400,"B"
"VNM","11:20:40",67.6,-0.9,2000,2337300,"B"
"VNM","11:20:32",67.6,-0.9,100,2335300,"B"
"VNM","11:20:23",67.6,-0.9,100,2335200,"B"
"VNM","11:20:20",67.6,-0.9,300,2334900,"B"
"VNM","11:20:14",67.6,-0.9,100,2334600,"B"
"VNM","11:20:05",67.6,-0.9,100,2334500,"B"
"VNM","11:19:56",67.6,-0.9,100,2334400,"B"
"VNM","11:19:55",67.6,-0.9,7600,2334300,"B"
"VNM","11:19:50",67.7,-0.8,100,2326700,"S"
"VNM","11:19:47",67.6,-0.9,100,2326600,"B"
"VNM","11:19:42",67.7,-0.8,200,2326500,"S"
"VNM","11:19:42",67.6,-0.9,100,2326300,"B"
"VNM","11:19:40",67.6,-0.9,100,2326200,"B"
"VNM","11:19:35",67.7,-0.8,100,2326100,"S"
"VNM","11:19:31",67.6,-0.9,1300,2326000,"B"
"VNM","11:19:20",67.6,-0.9,100,2324700,"B"
"VNM","11:19:15",67.7,-0.8,100,2324600,"S"
"VNM","11:19:13",67.6,-0.9,9300,2324500,"B"
"VNM","11:19:11",67.6,-0.9,100,2315200,"B"
"VNM","11:19:02",67.6,-0.9,100,2315100,"B"
"VNM","11:19:00",67.6,-0.9,2200,2315000,"B"
"VNM","11:18:53",67.6,-0.9,100,2312800,"B"
"VNM","11:18:52",67.6,-0.9,1000,2312700,"B"
"VNM","11:18:44",67.6,-0.9,100,2311700,"B"
"VNM","11:18:43",67.6,-0.9,3500,2311600,"B"
"VNM","11:18:40",67.6,-0.9,3500,2308100,"B"
"VNM","11:18:35",67.6,-0.9,100,2304600,"B"
"VNM","11:18:32",67.6,-0.9,500,2304500,"B"
"VNM","11:18:32",67.7,-0.8,5000,2304000,"S"
"VNM","11:18:26",67.6,-0.9,100,2299000,"B"
"VNM","11:18:22",67.6,-0.9,100,2298900,"B"
"VNM","11:18:20",67.6,-0.9,7200,2298800,"B"
"VNM","11:18:17",67.6,-0.9,200,2291600,"B"
"VNM","11:18:01",67.6,-0.9,26400,2291400,"S"
"VNM","11:18:00",67.5,-1,300,2265000,"B"
"VNM","11:17:58",67.5,-1,100,2264700,"B"
"VNM","11:17:55",67.6,-0.9,200,2264600,"S"
"VNM","11:17:42",67.6,-0.9,1000,2264400,"S"
"VNM","11:17:40",67.5,-1,100,2263400,"B"
"VNM","11:17:34",67.6,-0.9,3000,2263300,"S"
"VNM","11:17:32",67.5,-1,100,2260300,"B"
"VNM","11:17:22",67.5,-1,100,2260200,"B"
"VNM","11:17:20",67.5,-1,1500,2260100,"B"
"VNM","11:17:18",67.5,-1,5000,2258600,"B"
"VNM","11:17:13",67.5,-1,100,2253600,"B"
"VNM","11:17:06",67.5,-1,100,2253500,"B"
"VNM","11:17:00",67.5,-1,400,2253400,"B"
"VNM","11:16:59",67.5,-1,100,2253000,"B"
"VNM","11:16:55",67.5,-1,100,2252900,"B"
"VNM","11:16:51",67.6,-0.9,200,2252800,"S"
"VNM","11:16:51",67.5,-1,100,2252600,"B"
"VNM","11:16:46",67.5,-1,100,2252500,"B"
"VNM","11:16:42",67.6,-0.9,100,2252400,"S"
"VNM","11:16:39",67.6,-0.9,1000,2252300,"S"
"VNM","11:16:35",67.6,-0.9,100,2251300,"S"
"VNM","11:16:33",67.6,-0.9,1000,2251200,"S"
"VNM","11:16:31",67.6,-0.9,100,2250200,"S"
"VNM","11:16:30",67.6,-0.9,100,2250100,"S"
"VNM","11:16:28",67.6,-0.9,100,2250000,"S"
"VNM","11:16:27",67.5,-1,100,2249900,"B"
"VNM","11:16:20",67.6,-0.9,600,2249800,"B"
"VNM","11:16:19",67.6,-0.9,100,2249200,"B"
"VNM","11:16:02",67.7,-0.8,1700,2249100,"S"
"VNM","11:16:02",67.6,-0.9,400,2247400,"S"
"VNM","11:16:00",67.6,-0.9,600,2247000,"B"
"VNM","11:16:00",67.6,-0.9,1000,2246400,"B"
"VNM","11:15:51",67.6,-0.9,100,2245400,"B"
"VNM","11:15:43",67.6,-0.9,100,2245300,"B"
"VNM","11:15:42",67.6,-0.9,1400,2245200,"B"
"VNM","11:15:40",67.6,-0.9,5200,2243800,"B"
"VNM","11:15:36",67.6,-0.9,100,2238600,"B"
"VNM","11:15:33",67.6,-0.9,100,2238500,"B"
"VNM","11:15:33",67.7,-0.8,100,2238400,"S"
"VNM","11:15:33",67.6,-0.9,1400,2238300,"B"
"VNM","11:15:26",67.6,-0.9,100,2236900,"B"
"VNM","11:15:25",67.6,-0.9,100,2236800,"B"
"VNM","11:15:20",67.6,-0.9,2000,2236700,"B"
"VNM","11:15:16",67.6,-0.9,100,2234700,"B"
"VNM","11:15:15",67.6,-0.9,400,2234600,"B"
"VNM","11:15:11",67.6,-0.9,1400,2234200,"B"
"VNM","11:15:11",67.6,-0.9,900,2232800,"B"
"VNM","11:15:10",67.6,-0.9,500,2231900,"B"
"VNM","11:15:07",67.6,-0.9,2000,2231400,"B"
"VNM","11:15:06",67.6,-0.9,100,2229400,"B"
"VNM","11:15:06",67.7,-0.8,100,2229300,"S"
"VNM","11:15:02",67.6,-0.9,2000,2229200,"B"
"VNM","11:14:57",67.6,-0.9,100,2227200,"B"
"VNM","11:14:40",67.6,-0.9,100,2227100,"B"
"VNM","11:14:34",67.7,-0.8,100,2227000,"S"
"VNM","11:14:32",67.6,-0.9,100,2226900,"B"
"VNM","11:14:22",67.6,-0.9,100,2226800,"B"
"VNM","11:14:20",67.6,-0.9,2100,2226700,"B"
"VNM","11:14:19",67.7,-0.8,500,2224600,"S"
"VNM","11:14:15",67.6,-0.9,500,2224100,"B"
"VNM","11:14:14",67.6,-0.9,3700,2223600,"B"
"VNM","11:14:13",67.6,-0.9,100,2219900,"B"
"VNM","11:14:06",67.7,-0.8,300,2219800,"S"
"VNM","11:14:04",67.6,-0.9,100,2219500,"B"
"VNM","11:14:01",67.6,-0.9,100,2219400,"B"
"VNM","11:14:00",67.6,-0.9,3000,2219300,"B"
"VNM","11:13:55",67.6,-0.9,100,2216300,"B"
"VNM","11:13:48",67.7,-0.8,2600,2216200,"S"
"VNM","11:13:47",67.7,-0.8,7400,2213600,"S"
"VNM","11:13:46",67.6,-0.9,100,2206200,"B"
"VNM","11:13:40",67.6,-0.9,1100,2206100,"B"
"VNM","11:13:37",67.6,-0.9,100,2205000,"B"
"VNM","11:13:26",67.6,-0.9,4000,2204900,"B"
"VNM","11:13:20",67.6,-0.9,100,2200900,"B"
"VNM","11:13:11",67.6,-0.9,100,2200800,"B"
"VNM","11:13:02",67.6,-0.9,100,2200700,"B"
"VNM","11:12:58",67.7,-0.8,100,2200600,"S"
"VNM","11:12:53",67.6,-0.9,100,2200500,"B"
"VNM","11:12:50",67.6,-0.9,100,2200400,"B"
"VNM","11:12:44",67.6,-0.9,100,2200300,"B"
"VNM","11:12:42",67.7,-0.8,100,2200200,"S"
"VNM","11:12:40",67.6,-0.9,6700,2200100,"B"
"VNM","11:12:35",67.6,-0.9,100,2193400,"B"
"VNM","11:12:34",67.6,-0.9,500,2193300,"B"
"VNM","11:12:28",67.6,-0.9,1600,2192800,"S"
"VNM","11:12:28",67.6,-0.9,300,2191200,"S"
"VNM","11:12:27",67.6,-0.9,10000,2190900,"S"
"VNM","11:12:26",67.6,-0.9,500,2180900,"S"
"VNM","11:12:25",67.6,-0.9,800,2180400,"S"
"VNM","11:12:25",67.5,-1,100,2179600,"B"
"VNM","11:12:24",67.6,-0.9,10000,2179500,"S"
"VNM","11:12:22",67.6,-0.9,1200,2169500,"S"
"VNM","11:12:19",67.6,-0.9,1000,2168300,"S"
"VNM","11:12:19",67.5,-1,400,2167300,"B"
"VNM","11:12:16",67.5,-1,100,2166900,"B"
"VNM","11:12:14",67.6,-0.9,900,2166800,"S"
"VNM","11:12:12",67.6,-0.9,100,2165900,"S"
"VNM","11:12:10",67.6,-0.9,200,2165800,"S"
"VNM","11:12:07",67.5,-1,100,2165600,"B"
"VNM","11:12:04",67.6,-0.9,300,2165500,"S"
"VNM","11:12:00",67.5,-1,1100,2165200,"B"
"VNM","11:11:57",67.5,-1,100,2164100,"B"
"VNM","11:11:55",67.6,-0.9,700,2164000,"S"
"VNM","11:11:53",67.6,-0.9,200,2163300,"S"
"VNM","11:11:50",67.6,-0.9,1000,2163100,"S"
"VNM","11:11:43",67.6,-0.9,100,2162100,"S"
"VNM","11:11:40",67.5,-1,100,2162000,"B"
"VNM","11:11:40",67.6,-0.9,2000,2161900,"S"
"VNM","11:11:33",67.6,-0.9,400,2159900,"S"
"VNM","11:11:31",67.5,-1,100,2159500,"B"
"VNM","11:11:27",67.6,-0.9,300,2159400,"S"
"VNM","11:11:23",67.6,-0.9,500,2159100,"S"
"VNM","11:11:23",67.5,-1,100,2158600,"B"
"VNM","11:11:20",67.5,-1,1500,2158500,"B"
"VNM","11:11:17",67.5,-1,1500,2157000,"B"
"VNM","11:11:13",67.5,-1,100,2155500,"B"
"VNM","11:11:10",67.5,-1,100,2155400,"B"
"VNM","11:11:07",67.5,-1,1000,2155300,"B"
"VNM","11:11:04",67.5,-1,100,2154300,"B"
"VNM","11:11:03",67.6,-0.9,500,2154200,"S"
"VNM","11:11:00",67.6,-0.9,100,2153700,"S"
"VNM","11:11:00",67.5,-1,2200,2153600,"B"
"VNM","11:10:55",67.5,-1,100,2151400,"B"
"VNM","11:10:50",67.6,-0.9,100,2151300,"S"
"VNM","11:10:46",67.5,-1,100,2151200,"B"
"VNM","11:10:44",67.6,-0.9,4100,2151100,"S"
"VNM","11:10:41",67.6,-0.9,100,2147000,"S"
"VNM","11:10:40",67.6,-0.9,3300,2146900,"B"
"VNM","11:10:39",67.6,-0.9,6000,2143600,"B"
"VNM","11:10:37",67.7,-0.8,100,2137600,"S"
"VNM","11:10:34",67.6,-0.9,50000,2137500,"B"
"VNM","11:10:33",67.6,-0.9,700,2087500,"B"
"VNM","11:10:32",67.6,-0.9,4200,2086800,"B"
"VNM","11:10:29",67.6,-0.9,100,2082600,"B"
"VNM","11:10:27",67.6,-0.9,200,2082500,"B"
"VNM","11:10:20",67.6,-0.9,500,2082300,"B"
"VNM","11:10:15",67.6,-0.9,100,2081800,"B"
"VNM","11:10:13",67.7,-0.8,700,2081700,"S"
"VNM","11:10:04",67.6,-0.9,100,2080900,"B"
"VNM","11:10:00",67.6,-0.9,1100,2080800,"B"
"VNM","11:10:00",67.7,-0.8,100,2079700,"S"
"VNM","11:09:55",67.6,-0.9,100,2079600,"B"
"VNM","11:09:44",67.6,-0.9,100,2079500,"B"
"VNM","11:09:40",67.6,-0.9,4200,2079400,"B"
"VNM","11:09:39",67.6,-0.9,100,2075200,"B"
"VNM","11:09:39",67.7,-0.8,1100,2075100,"S"
"VNM","11:09:38",67.7,-0.8,4200,2074000,"S"
"VNM","11:09:36",67.7,-0.8,400,2069800,"S"
"VNM","11:09:30",67.7,-0.8,5000,2069400,"S"
"VNM","11:09:28",67.7,-0.8,200,2064400,"S"
"VNM","11:09:26",67.7,-0.8,4200,2064200,"S"
"VNM","11:09:24",67.7,-0.8,100,2060000,"S"
"VNM","11:09:23",67.7,-0.8,200,2059900,"S"
"VNM","11:09:22",67.6,-0.9,100,2059700,"B"
"VNM","11:09:14",67.7,-0.8,4200,2059600,"S"
"VNM","11:09:11",67.7,-0.8,200,2055400,"S"
"VNM","11:09:10",67.7,-0.8,100,2055200,"S"
"VNM","11:09:08",67.6,-0.9,100,2055100,"B"
"VNM","11:09:03",67.7,-0.8,1100,2055000,"S"
"VNM","11:09:00",67.6,-0.9,1000,2053900,"B"
"VNM","11:08:58",67.6,-0.9,100,2052900,"B"
"VNM","11:08:54",67.7,-0.8,2000,2052800,"S"
"VNM","11:08:50",67.6,-0.9,1000,2050800,"B"
"VNM","11:08:48",67.6,-0.9,100,2049800,"B"
"VNM","11:08:41",67.6,-0.9,100,2049700,"B"
"VNM","11:08:40",67.6,-0.9,500,2049600,"B"
"VNM","11:08:40",67.7,-0.8,100,2049100,"S"
"VNM","11:08:31",67.6,-0.9,100,2049000,"B"
"VNM","11:08:29",67.6,-0.9,400,2048900,"B"
"VNM","11:08:22",67.6,-0.9,500,2048500,"B"
"VNM","11:08:20",67.6,-0.9,900,2048000,"B"
"VNM","11:08:19",67.6,-0.9,100,2047100,"B"
"VNM","11:08:14",67.6,-0.9,100,2047000,"B"
"VNM","11:08:05",67.6,-0.9,1000,2046900,"B"
"VNM","11:08:02",67.6,-0.9,2000,2045900,"B"
"VNM","11:08:00",67.6,-0.9,300,2043900,"B"
"VNM","11:07:57",67.6,-0.9,100,2043600,"B"
"VNM","11:07:50",67.6,-0.9,1200,2043500,"B"
"VNM","11:07:41",67.6,-0.9,100,2042300,"B"
"VNM","11:07:35",67.7,-0.8,3200,2042200,"S"
"VNM","11:07:28",67.6,-0.9,100,2039000,"B"
"VNM","11:07:28",67.7,-0.8,4200,2038900,"S"
"VNM","11:07:25",67.7,-0.8,100,2034700,"S"
"VNM","11:07:24",67.6,-0.9,100,2034600,"B"
"VNM","11:07:23",67.6,-0.9,100,2034500,"B"
"VNM","11:07:22",67.7,-0.8,2000,2034400,"S"
"VNM","11:07:14",67.7,-0.8,400,2032400,"S"
"VNM","11:07:07",67.6,-0.9,100,2032000,"B"
"VNM","11:07:00",67.6,-0.9,2600,2031900,"B"
"VNM","11:06:58",67.6,-0.9,200,2029300,"B"
"VNM","11:06:54",67.6,-0.9,100,2029100,"B"
"VNM","11:06:53",67.6,-0.9,6300,2029000,"B"
"VNM","11:06:50",67.6,-0.9,100,2022700,"B"
"VNM","11:06:42",67.7,-0.8,500,2022600,"S"
"VNM","11:06:40",67.6,-0.9,2200,2022100,"B"
"VNM","11:06:39",67.6,-0.9,300,2019900,"B"
"VNM","11:06:38",67.6,-0.9,600,2019600,"B"
"VNM","11:06:34",67.7,-0.8,5000,2019000,"S"
"VNM","11:06:33",67.6,-0.9,100,2014000,"B"
"VNM","11:06:20",67.6,-0.9,2500,2013900,"B"
"VNM","11:06:19",67.6,-0.9,3000,2011400,"B"
"VNM","11:06:16",67.6,-0.9,100,2008400,"B"
"VNM","11:06:00",67.6,-0.9,3100,2008300,"B"
"VNM","11:05:59",67.6,-0.9,100,2005200,"B"
"VNM","11:05:58",67.6,-0.9,12100,2005100,"B"
"VNM","11:05:55",67.6,-0.9,100,1993000,"B"
"VNM","11:05:53",67.6,-0.9,1600,1992900,"B"
"VNM","11:05:50",67.7,-0.8,500,1991300,"S"
"VNM","11:05:46",67.7,-0.8,500,1990800,"S"
"VNM","11:05:38",67.7,-0.8,100,1990300,"S"
"VNM","11:05:34",67.7,-0.8,2800,1990200,"B"
"VNM","11:05:31",67.7,-0.8,7300,1987400,"S"
"VNM","11:05:28",67.6,-0.9,100,1980100,"B"
"VNM","11:05:25",67.6,-0.9,100,1980000,"B"
"VNM","11:05:24",67.7,-0.8,3000,1979900,"B"
"VNM","11:05:23",67.7,-0.8,2000,1976900,"B"
"VNM","11:05:22",67.7,-0.8,42000,1974900,"B"
"VNM","11:05:20",67.7,-0.8,10000,1932900,"B"
"VNM","11:05:20",67.7,-0.8,9000,1922900,"B"
"VNM","11:05:16",67.7,-0.8,20000,1913900,"B"
"VNM","11:05:10",67.7,-0.8,2000,1893900,"B"
"VNM","11:05:08",67.7,-0.8,100,1891900,"B"
"VNM","11:05:07",67.7,-0.8,10000,1891800,"B"
"VNM","11:05:06",67.7,-0.8,2000,1881800,"B"
"VNM","11:05:00",67.8,-0.7,300,1879800,"S"
"VNM","11:05:00",67.7,-0.8,2100,1879500,"B"
"VNM","11:04:56",67.7,-0.8,2000,1877400,"B"
"VNM","11:04:51",67.7,-0.8,600,1875400,"B"
"VNM","11:04:50",67.8,-0.7,100,1874800,"S"
"VNM","11:04:50",67.7,-0.8,2000,1874700,"B"
"VNM","11:04:39",67.8,-0.7,3100,1872700,"S"
"VNM","11:04:37",67.8,-0.7,100,1869600,"S"
"VNM","11:04:36",67.7,-0.8,100,1869500,"B"
"VNM","11:04:23",67.8,-0.7,4200,1869400,"S"
"VNM","11:04:20",67.7,-0.8,3500,1865200,"B"
"VNM","11:04:18",67.7,-0.8,2400,1861700,"B"
"VNM","11:04:13",67.7,-0.8,10000,1859300,"B"
"VNM","11:04:11",67.7,-0.8,100,1849300,"B"
"VNM","11:04:07",67.7,-0.8,200,1849200,"B"
"VNM","11:04:03",67.7,-0.8,100,1849000,"B"
"VNM","11:04:01",67.7,-0.8,100,1848900,"B"
"VNM","11:04:00",67.7,-0.8,400,1848800,"B"
"VNM","11:03:50",67.7,-0.8,300,1848400,"B"
"VNM","11:03:44",67.7,-0.8,100,1848100,"B"
"VNM","11:03:40",67.7,-0.8,1400,1848000,"B"
"VNM","11:03:27",67.7,-0.8,100,1846600,"B"
"VNM","11:03:26",67.7,-0.8,2000,1846500,"B"
"VNM","11:03:23",67.7,-0.8,2000,1844500,"B"
"VNM","11:03:20",67.8,-0.7,100,1842500,"S"
"VNM","11:03:20",67.7,-0.8,1100,1842400,"B"
"VNM","11:03:10",67.7,-0.8,100,1841300,"B"
"VNM","11:03:09",67.7,-0.8,100,1841200,"B"
"VNM","11:02:59",67.8,-0.7,4200,1841100,"S"
"VNM","11:02:55",67.8,-0.7,1500,1836900,"S"
"VNM","11:02:54",67.7,-0.8,100,1835400,"B"
"VNM","11:02:52",67.7,-0.8,600,1835300,"B"
"VNM","11:02:50",67.8,-0.7,300,1834700,"S"
"VNM","11:02:40",67.7,-0.8,700,1834400,"B"
"VNM","11:02:38",67.7,-0.8,100,1833700,"B"
"VNM","11:02:37",67.7,-0.8,100,1833600,"B"
"VNM","11:02:28",67.7,-0.8,1500,1833500,"B"
"VNM","11:02:27",67.7,-0.8,500,1832000,"B"
"VNM","11:02:26",67.8,-0.7,300,1831500,"S"
"VNM","11:02:21",67.7,-0.8,100,1831200,"B"
"VNM","11:02:20",67.7,-0.8,100,1831100,"B"
"VNM","11:02:03",67.7,-0.8,100,1831000,"B"
"VNM","11:01:57",67.8,-0.7,200,1830800,"S"
"VNM","11:01:56",67.7,-0.8,7200,1830600,"B"
"VNM","11:01:54",67.8,-0.7,600,1823400,"S"
"VNM","11:01:48",67.8,-0.7,300,1822800,"S"
"VNM","11:01:46",67.7,-0.8,100,1822500,"B"
"VNM","11:01:40",67.7,-0.8,200,1822400,"B"
"VNM","11:01:29",67.7,-0.8,100,1822200,"B"
"VNM","11:01:20",67.7,-0.8,700,1822100,"B"
"VNM","11:01:12",67.7,-0.8,100,1821400,"B"
"VNM","11:01:09",67.8,-0.7,100,1821300,"S"
"VNM","11:01:00",67.7,-0.8,2700,1821200,"B"
"VNM","11:00:55",67.7,-0.8,100,1818500,"B"
"VNM","11:00:54",67.8,-0.7,1400,1818400,"S"
"VNM","11:00:53",67.8,-0.7,1400,1817000,"S"
"VNM","11:00:53",67.8,-0.7,2800,1815600,"S"
"VNM","11:00:52",67.8,-0.7,2800,1812800,"S"
"VNM","11:00:52",67.8,-0.7,1400,1810000,"S"
"VNM","11:00:40",67.7,-0.8,400,1808600,"B"
"VNM","11:00:38",67.7,-0.8,100,1808200,"B"
"VNM","11:00:23",67.7,-0.8,100,1808100,"B"
"VNM","11:00:21",67.7,-0.8,1500,1808000,"B"
"VNM","11:00:05",67.7,-0.8,100,1806500,"B"
"VNM","10:59:54",67.8,-0.7,100,1806400,"S"
"VNM","10:59:51",67.8,-0.7,500,1806300,"S"
"VNM","10:59:48",67.7,-0.8,100,1805800,"B"
"VNM","10:59:47",67.7,-0.8,100,1805700,"B"
"VNM","10:59:42",67.7,-0.8,1500,1805600,"B"
"VNM","10:59:40",67.7,-0.8,400,1804100,"B"
"VNM","10:59:38",67.7,-0.8,1000,1803700,"B"
"VNM","10:59:31",67.7,-0.8,100,1802700,"B"
"VNM","10:59:24",67.8,-0.7,300,1802600,"S"
"VNM","10:59:22",67.8,-0.7,200,1802300,"S"
"VNM","10:59:16",67.8,-0.7,1000,1802100,"S"
"VNM","10:59:15",67.7,-0.8,100,1801100,"B"
"VNM","10:59:13",67.8,-0.7,4200,1801000,"S"
"VNM","10:59:12",67.8,-0.7,5000,1796800,"S"
"VNM","10:59:06",67.8,-0.7,100,1791800,"S"
"VNM","10:59:00",67.7,-0.8,100,1791700,"B"
"VNM","10:59:00",67.7,-0.8,200,1791600,"B"
"VNM","10:58:57",67.7,-0.8,100,1791400,"B"
"VNM","10:58:54",67.8,-0.7,300,1791300,"S"
"VNM","10:58:52",67.8,-0.7,300,1791000,"S"
"VNM","10:58:40",67.7,-0.8,100,1790700,"B"
"VNM","10:58:24",67.7,-0.8,100,1790600,"B"
"VNM","10:58:12",67.8,-0.7,4200,1790500,"S"
"VNM","10:58:07",67.7,-0.8,100,1786300,"B"
"VNM","10:58:00",67.7,-0.8,2200,1786200,"B"
"VNM","10:57:50",67.7,-0.8,100,1784000,"B"
"VNM","10:57:47",67.8,-0.7,1800,1783900,"S"
"VNM","10:57:45",67.8,-0.7,4200,1782100,"S"
"VNM","10:57:41",67.7,-0.8,100,1777900,"B"
"VNM","10:57:40",67.7,-0.8,2100,1777800,"B"
"VNM","10:57:37",67.7,-0.8,100,1775700,"B"
"VNM","10:57:34",67.7,-0.8,100,1775600,"B"
"VNM","10:57:30",67.8,-0.7,100,1775500,"S"
"VNM","10:57:29",67.8,-0.7,4200,1775400,"S"
"VNM","10:57:22",67.7,-0.8,600,1771200,"B"
"VNM","10:57:20",67.7,-0.8,1100,1770600,"B"
"VNM","10:57:18",67.7,-0.8,2000,1769500,"B"
"VNM","10:57:17",67.7,-0.8,100,1767500,"B"
"VNM","10:57:13",67.7,-0.8,500,1767400,"B"
"VNM","10:57:09",67.8,-0.7,200,1766900,"S"
"VNM","10:57:00",67.7,-0.8,300,1766700,"B"
"VNM","10:56:59",67.7,-0.8,1000,1766400,"B"
"VNM","10:56:56",67.7,-0.8,100,1765400,"B"
"VNM","10:56:54",67.7,-0.8,500,1765300,"B"
"VNM","10:56:54",67.8,-0.7,100,1764800,"S"
"VNM","10:56:43",67.7,-0.8,100,1764700,"B"
"VNM","10:56:27",67.8,-0.7,7400,1764600,"S"
"VNM","10:56:26",67.7,-0.8,100,1757200,"B"
"VNM","10:56:24",67.8,-0.7,1100,1757100,"S"
"VNM","10:56:14",67.7,-0.8,100,1756000,"B"
"VNM","10:56:09",67.7,-0.8,100,1755900,"B"
"VNM","10:56:03",67.8,-0.7,100,1755800,"S"
"VNM","10:55:58",67.8,-0.7,200,1755700,"S"
"VNM","10:55:52",67.7,-0.8,100,1755500,"B"
"VNM","10:55:50",67.8,-0.7,4200,1755400,"S"
"VNM","10:55:39",67.8,-0.7,100,1751200,"S"
"VNM","10:55:36",67.7,-0.8,100,1751100,"B"
"VNM","10:55:29",67.8,-0.7,3000,1751000,"S"
"VNM","10:55:20",67.7,-0.8,300,1748000,"B"
"VNM","10:55:19",67.7,-0.8,100,1747700,"B"
"VNM","10:55:06",67.7,-0.8,300,1747600,"B"
"VNM","10:55:05",67.8,-0.7,300,1747300,"S"
"VNM","10:55:02",67.7,-0.8,100,1747000,"B"
"VNM","10:55:00",67.7,-0.8,500,1746900,"B"
"VNM","10:54:51",67.7,-0.8,100,1746400,"B"
"VNM","10:54:48",67.7,-0.8,500,1746300,"B"
"VNM","10:54:46",67.7,-0.8,100,1745800,"B"
"VNM","10:54:40",67.7,-0.8,400,1745700,"B"
"VNM","10:54:29",67.7,-0.8,100,1745300,"B"
"VNM","10:54:22",67.7,-0.8,100,1745200,"B"
"VNM","10:54:20",67.7,-0.8,1600,1745100,"B"
"VNM","10:54:19",67.7,-0.8,4200,1743500,"B"
"VNM","10:54:12",67.7,-0.8,100,1739300,"B"
"VNM","10:54:05",67.7,-0.8,100,1739200,"B"
"VNM","10:54:00",67.7,-0.8,300,1739100,"B"
"VNM","10:53:55",67.7,-0.8,100,1738800,"B"
"VNM","10:53:55",67.8,-0.7,300,1738700,"S"
"VNM","10:53:47",67.8,-0.7,400,1738400,"S"
"VNM","10:53:46",67.8,-0.7,200,1738000,"S"
"VNM","10:53:40",67.7,-0.8,300,1737800,"B"
"VNM","10:53:38",67.7,-0.8,100,1737500,"B"
"VNM","10:53:34",67.7,-0.8,600,1737400,"B"
"VNM","10:53:30",67.7,-0.8,200,1736800,"B"
"VNM","10:53:28",67.7,-0.8,100,1736600,"B"
"VNM","10:53:28",67.8,-0.7,100,1736500,"S"
"VNM","10:53:28",67.7,-0.8,100,1736400,"B"
"VNM","10:53:24",67.7,-0.8,100,1736300,"B"
"VNM","10:53:05",67.7,-0.8,100,1736200,"B"
"VNM","10:53:04",67.8,-0.7,100,1736100,"S"
"VNM","10:52:55",67.8,-0.7,100,1736000,"S"
"VNM","10:52:50",67.8,-0.7,500,1735900,"S"
"VNM","10:52:48",67.7,-0.8,400,1735400,"B"
"VNM","10:52:27",67.8,-0.7,200,1735000,"S"
"VNM","10:52:20",67.8,-0.7,100,1734800,"B"
"VNM","10:52:20",67.8,-0.7,1700,1734700,"B"
"VNM","10:52:18",67.8,-0.7,300,1733000,"S"
"VNM","10:52:18",67.8,-0.7,1000,1732700,"S"
"VNM","10:52:17",67.8,-0.7,3000,1731700,"S"
"VNM","10:52:15",67.8,-0.7,1000,1728700,"S"
"VNM","10:52:14",67.7,-0.8,100,1727700,"B"
"VNM","10:52:14",67.8,-0.7,200,1727600,"S"
"VNM","10:52:12",67.8,-0.7,10000,1727400,"S"
"VNM","10:52:11",67.8,-0.7,400,1717400,"S"
"VNM","10:52:01",67.8,-0.7,100,1717000,"S"
"VNM","10:51:58",67.7,-0.8,100,1716900,"B"
"VNM","10:51:41",67.7,-0.8,100,1716800,"B"
"VNM","10:51:38",67.8,-0.7,100,1716700,"S"
"VNM","10:51:28",67.7,-0.8,100,1716600,"B"
"VNM","10:51:26",67.7,-0.8,1100,1716500,"B"
"VNM","10:51:24",67.7,-0.8,100,1715400,"B"
"VNM","10:51:20",67.7,-0.8,600,1705300,"B"
"VNM","10:51:18",67.7,-0.8,100,1704700,"B"
"VNM","10:51:16",67.7,-0.8,1000,1704600,"B"
"VNM","10:51:12",67.8,-0.7,1000,1703600,"S"
"VNM","10:51:11",67.8,-0.7,100,1702600,"S"
"VNM","10:51:07",67.7,-0.8,100,1702500,"B"
"VNM","10:50:58",67.8,-0.7,200,1702400,"S"
"VNM","10:50:52",67.7,-0.8,200,1702200,"B"
"VNM","10:50:51",67.7,-0.8,100,1702000,"B"
"VNM","10:50:50",67.8,-0.7,2000,1701900,"S"
"VNM","10:50:47",67.8,-0.7,1000,1699900,"S"
"VNM","10:50:44",67.8,-0.7,200,1698900,"S"
"VNM","10:50:36",67.8,-0.7,2000,1698700,"S"
"VNM","10:50:34",67.7,-0.8,100,1696700,"B"
"VNM","10:50:28",67.7,-0.8,200,1696600,"B"
"VNM","10:50:26",67.7,-0.8,2500,1696400,"B"
"VNM","10:50:22",67.7,-0.8,200,1693900,"B"
"VNM","10:50:20",67.7,-0.8,1900,1693700,"B"
"VNM","10:50:18",67.7,-0.8,500,1691800,"B"
"VNM","10:50:17",67.7,-0.8,100,1691300,"B"
"VNM","10:50:16",67.8,-0.7,5000,1691200,"S"
"VNM","10:50:06",67.7,-0.8,100,1686200,"B"
"VNM","10:50:05",67.7,-0.8,500,1686100,"B"
"VNM","10:50:04",67.8,-0.7,300,1685100,"S"
"VNM","10:50:00",67.7,-0.8,100,1684800,"B"
"VNM","10:50:00",67.7,-0.8,200,1684700,"B"
"VNM","10:49:59",67.7,-0.8,400,1684500,"B"
"VNM","10:49:51",67.8,-0.7,200,1684100,"S"
"VNM","10:49:47",67.8,-0.7,200,1683900,"S"
"VNM","10:49:44",67.7,-0.8,100,1683700,"B"
"VNM","10:49:34",67.8,-0.7,100,1683600,"S"
"VNM","10:49:27",67.7,-0.8,100,1683500,"B"
"VNM","10:49:25",67.8,-0.7,100,1683400,"S"
"VNM","10:49:13",67.8,-0.7,5000,1683300,"S"
"VNM","10:49:10",67.7,-0.8,100,1678300,"B"
"VNM","10:49:09",67.8,-0.7,100,1678200,"S"
"VNM","10:48:57",67.8,-0.7,200,1678100,"S"
"VNM","10:48:54",67.7,-0.8,100,1677900,"B"
"VNM","10:48:40",67.7,-0.8,200,1677800,"B"
"VNM","10:48:39",67.8,-0.7,200,1677600,"S"
"VNM","10:48:37",67.7,-0.8,100,1677400,"B"
"VNM","10:48:35",67.8,-0.7,500,1677300,"S"
"VNM","10:48:24",67.7,-0.8,100,1676800,"B"
"VNM","10:48:20",67.7,-0.8,100,1676700,"B"
"VNM","10:48:20",67.8,-0.7,100,1676600,"S"
"VNM","10:48:03",67.7,-0.8,100,1676500,"B"
"VNM","10:47:51",67.8,-0.7,600,1676400,"S"
"VNM","10:47:49",67.8,-0.7,10000,1675800,"S"
"VNM","10:47:49",67.8,-0.7,1000,1665800,"S"
"VNM","10:47:46",67.7,-0.8,100,1664800,"B"
"VNM","10:47:42",67.8,-0.7,100,1664700,"S"
"VNM","10:47:40",67.8,-0.7,500,1664600,"S"
"VNM","10:47:34",67.8,-0.7,200,1664100,"S"
"VNM","10:47:30",67.7,-0.8,100,1663900,"B"
"VNM","10:47:25",67.8,-0.7,1000,1663800,"S"
"VNM","10:47:21",67.8,-0.7,100,1662800,"S"
"VNM","10:47:20",67.8,-0.7,900,1662700,"S"
"VNM","10:47:19",67.8,-0.7,2000,1661800,"S"
"VNM","10:47:15",67.8,-0.7,100,1659800,"S"
"VNM","10:47:13",67.7,-0.8,100,1659700,"B"
"VNM","10:47:13",67.8,-0.7,100,1659600,"S"
"VNM","10:46:59",67.8,-0.7,100,1659500,"S"
"VNM","10:46:58",67.7,-0.8,100,1659400,"B"
"VNM","10:46:56",67.7,-0.8,100,1659300,"B"
"VNM","10:46:52",67.8,-0.7,1600,1659200,"S"
"VNM","10:46:49",67.8,-0.7,1000,1657600,"S"
"VNM","10:46:40",67.7,-0.8,100,1656600,"B"
"VNM","10:46:38",67.8,-0.7,200,1656500,"S"
"VNM","10:46:27",67.8,-0.7,100,1656300,"S"
"VNM","10:46:23",67.7,-0.8,100,1656200,"B"
"VNM","10:46:22",67.8,-0.7,100,1656100,"S"
"VNM","10:46:17",67.8,-0.7,100,1656000,"S"
"VNM","10:46:16",67.8,-0.7,200,1655900,"S"
"VNM","10:46:15",67.8,-0.7,100,1655700,"S"
"VNM","10:46:13",67.8,-0.7,100,1655600,"S"
"VNM","10:46:06",67.7,-0.8,100,1655500,"B"
"VNM","10:46:02",67.8,-0.7,100,1655400,"S"
"VNM","10:46:01",67.8,-0.7,500,1655300,"S"
"VNM","10:45:58",67.8,-0.7,1900,1654800,"S"
"VNM","10:45:49",67.7,-0.8,100,1652900,"B"
"VNM","10:45:48",67.8,-0.7,100,1652800,"S"
"VNM","10:45:42",67.7,-0.8,200,1652700,"B"
"VNM","10:45:40",67.7,-0.8,2500,1652500,"B"
"VNM","10:45:33",67.7,-0.8,200,1650000,"B"
"VNM","10:45:30",67.7,-0.8,800,1649800,"B"
"VNM","10:45:28",67.7,-0.8,8000,1649000,"B"
"VNM","10:45:20",67.7,-0.8,400,1641000,"B"
"VNM","10:45:16",67.7,-0.8,100,1640600,"B"
"VNM","10:45:06",67.8,-0.7,1000,1640500,"S"
"VNM","10:45:02",67.7,-0.8,500,1639500,"B"
"VNM","10:44:59",67.7,-0.8,100,1639000,"B"
"VNM","10:44:58",67.8,-0.7,500,1638900,"S"
"VNM","10:44:43",67.7,-0.8,100,1638400,"B"
"VNM","10:44:37",67.8,-0.7,1500,1638300,"S"
"VNM","10:44:29",67.7,-0.8,800,1636800,"B"
"VNM","10:44:26",67.7,-0.8,100,1636000,"B"
"VNM","10:44:09",67.7,-0.8,100,1635900,"B"
"VNM","10:44:07",67.8,-0.7,200,1635800,"S"
"VNM","10:43:55",67.8,-0.7,500,1635600,"S"
"VNM","10:43:52",67.7,-0.8,100,1635100,"B"
"VNM","10:43:33",67.8,-0.7,500,1635000,"S"
"VNM","10:43:27",67.8,-0.7,1000,1634500,"S"
"VNM","10:43:24",67.7,-0.8,100,1633500,"B"
"VNM","10:43:22",67.7,-0.8,1000,1633400,"B"
"VNM","10:43:20",67.7,-0.8,500,1632400,"B"
"VNM","10:43:20",67.7,-0.8,9000,1631900,"B"
"VNM","10:43:19",67.7,-0.8,100,1622900,"B"
"VNM","10:43:19",67.8,-0.7,5000,1622800,"S"
"VNM","10:43:14",67.8,-0.7,100,1617800,"S"
"VNM","10:43:13",67.8,-0.7,5000,1617700,"S"
"VNM","10:43:09",67.8,-0.7,1400,1612700,"S"
"VNM","10:43:07",67.8,-0.7,500,1611300,"S"
"VNM","10:43:04",67.8,-0.7,700,1610800,"S"
"VNM","10:43:02",67.8,-0.7,99800,1610100,"B"
"VNM","10:43:01",67.9,-0.6,500,1510300,"S"
"VNM","10:42:54",67.9,-0.6,1400,1509800,"S"
"VNM","10:42:48",67.9,-0.6,1400,1508400,"S"
"VNM","10:42:46",67.8,-0.7,100,1507000,"B"
"VNM","10:42:43",67.9,-0.6,200,1506900,"S"
"VNM","10:42:43",67.9,-0.6,1000,1506700,"S"
"VNM","10:42:33",67.9,-0.6,300,1505700,"S"
"VNM","10:42:29",67.8,-0.7,100,1505400,"B"
"VNM","10:42:25",67.9,-0.6,1400,1505300,"S"
"VNM","10:42:23",67.9,-0.6,100,1503900,"S"
"VNM","10:42:19",67.9,-0.6,100,1503800,"S"
"VNM","10:42:16",67.9,-0.6,1400,1503700,"S"
"VNM","10:42:14",67.9,-0.6,500,1502300,"S"
"VNM","10:42:13",67.8,-0.7,100,1501800,"B"
"VNM","10:41:56",67.8,-0.7,100,1501700,"B"
"VNM","10:41:55",67.9,-0.6,1400,1501600,"S"
"VNM","10:41:40",67.9,-0.6,1400,1500200,"S"
"VNM","10:41:40",67.8,-0.7,400,1498800,"B"
"VNM","10:41:39",67.8,-0.7,100,1498400,"B"
"VNM","10:41:38",67.9,-0.6,4200,1498300,"S"
"VNM","10:41:34",67.9,-0.6,1400,1494100,"S"
"VNM","10:41:25",67.9,-0.6,800,1492700,"S"
"VNM","10:41:22",67.8,-0.7,100,1491900,"B"
"VNM","10:41:15",67.9,-0.6,1400,1491800,"S"
"VNM","10:41:13",67.9,-0.6,4200,1490400,"S"
"VNM","10:41:08",67.9,-0.6,1400,1486200,"S"
"VNM","10:41:06",67.8,-0.7,100,1484800,"B"
"VNM","10:41:02",67.8,-0.7,100,1484700,"B"
"VNM","10:41:01",67.8,-0.7,1400,1484600,"B"
"VNM","10:40:57",67.8,-0.7,800,1483200,"B"
"VNM","10:40:52",67.9,-0.6,200,1482400,"S"
"VNM","10:40:51",67.9,-0.6,1200,1482200,"S"
"VNM","10:40:51",67.8,-0.7,1000,1481000,"B"
"VNM","10:40:49",67.8,-0.7,100,1480000,"B"
"VNM","10:40:46",67.8,-0.7,500,1479900,"B"
"VNM","10:40:43",67.9,-0.6,1400,1479400,"S"
"VNM","10:40:41",67.8,-0.7,400,1478000,"B"
"VNM","10:40:39",67.9,-0.6,100,1477600,"S"
"VNM","10:40:32",67.8,-0.7,100,1477500,"B"
"VNM","10:40:22",67.8,-0.7,300,1477400,"B"
"VNM","10:40:20",67.8,-0.7,3000,1477100,"B"
"VNM","10:40:16",67.8,-0.7,100,1474100,"B"
"VNM","10:40:06",67.8,-0.7,100,1474000,"B"
"VNM","10:40:04",67.8,-0.7,1100,1473900,"B"
"VNM","10:40:02",67.8,-0.7,10000,1472800,"B"
"VNM","10:39:59",67.8,-0.7,100,1462800,"B"
"VNM","10:39:56",67.8,-0.7,100,1462700,"B"
"VNM","10:39:54",67.8,-0.7,1000,1462600,"B"
"VNM","10:39:48",67.9,-0.6,1400,1461600,"S"
"VNM","10:39:43",67.8,-0.7,100,1460200,"B"
"VNM","10:39:38",67.9,-0.6,5900,1460100,"B"
"VNM","10:39:30",67.9,-0.6,200,1454200,"B"
"VNM","10:39:28",67.9,-0.6,2000,1454000,"B"
"VNM","10:39:26",67.9,-0.6,100,1452000,"B"
"VNM","10:39:22",67.9,-0.6,400,1451900,"B"
"VNM","10:39:20",67.9,-0.6,4500,1451500,"B"
"VNM","10:39:17",68,-0.5,1400,1447000,"S"
"VNM","10:39:16",67.9,-0.6,1000,1445600,"B"
"VNM","10:39:11",67.9,-0.6,500,1444600,"B"
"VNM","10:39:09",67.9,-0.6,100,1444100,"B"
"VNM","10:39:08",67.9,-0.6,200,1444000,"B"
"VNM","10:39:07",67.9,-0.6,2000,1443800,"B"
"VNM","10:39:02",67.9,-0.6,400,1441800,"B"
"VNM","10:39:00",67.9,-0.6,4500,1441400,"B"
"VNM","10:38:53",67.9,-0.6,100,1436900,"B"
"VNM","10:38:48",67.9,-0.6,100,1436800,"B"
"VNM","10:38:46",67.9,-0.6,200,1436700,"B"
"VNM","10:38:45",67.9,-0.6,2000,1436500,"B"
"VNM","10:38:42",67.9,-0.6,100,1434500,"B"
"VNM","10:38:40",67.9,-0.6,1700,1434400,"B"
"VNM","10:38:36",67.9,-0.6,100,1432700,"B"
"VNM","10:38:35",68,-0.5,2700,1432600,"S"
"VNM","10:38:34",67.9,-0.6,2200,1429900,"B"
"VNM","10:38:32",67.9,-0.6,500,1427700,"B"
"VNM","10:38:32",67.9,-0.6,20000,1427200,"B"
"VNM","10:38:31",67.9,-0.6,5000,1407200,"B"
"VNM","10:38:30",67.9,-0.6,100,1402200,"B"
"VNM","10:38:28",67.9,-0.6,1100,1402100,"B"
"VNM","10:38:27",67.9,-0.6,3600,1401000,"B"
"VNM","10:38:27",67.9,-0.6,6400,1397400,"B"
"VNM","10:38:26",67.9,-0.6,100,1391000,"B"
"VNM","10:38:22",67.9,-0.6,100,1390900,"B"
"VNM","10:38:20",67.9,-0.6,800,1390800,"B"
"VNM","10:38:15",67.9,-0.6,400,1390000,"B"
"VNM","10:38:06",67.9,-0.6,500,1389600,"B"
"VNM","10:38:04",67.9,-0.6,100,1389100,"B"
"VNM","10:38:03",67.9,-0.6,100,1389000,"B"
"VNM","10:38:02",67.9,-0.6,400,1388900,"B"
"VNM","10:38:01",67.9,-0.6,3000,1388500,"B"
"VNM","10:38:00",67.9,-0.6,1000,1385500,"B"
"VNM","10:37:50",67.9,-0.6,100,1384500,"B"
"VNM","10:37:48",67.9,-0.6,1000,1384400,"B"
"VNM","10:37:46",67.9,-0.6,400,1383400,"B"
"VNM","10:37:45",67.9,-0.6,3000,1383000,"B"
"VNM","10:37:42",67.9,-0.6,100,1380000,"B"
"VNM","10:37:40",67.9,-0.6,1500,1379900,"B"
"VNM","10:37:34",67.9,-0.6,100,1378400,"B"
"VNM","10:37:32",67.9,-0.6,1000,1378300,"B"
"VNM","10:37:29",67.9,-0.6,400,1377300,"B"
"VNM","10:37:22",68,-0.5,200,1376900,"S"
"VNM","10:37:22",67.9,-0.6,200,1376700,"B"
"VNM","10:37:21",67.9,-0.6,1600,1376500,"B"
"VNM","10:37:20",67.9,-0.6,300,1374900,"B"
"VNM","10:37:18",67.9,-0.6,100,1374600,"B"
"VNM","10:37:04",67.9,-0.6,500,1374500,"B"
"VNM","10:37:02",67.9,-0.6,5000,1374000,"B"
"VNM","10:37:01",67.9,-0.6,100,1369000,"B"
"VNM","10:36:56",67.9,-0.6,100,1368900,"B"
"VNM","10:36:52",67.9,-0.6,100,1368800,"B"
"VNM","10:36:41",67.9,-0.6,100,1368700,"B"
"VNM","10:36:36",68,-0.5,100,1368600,"S"
"VNM","10:36:31",67.9,-0.6,100,1368500,"B"
"VNM","10:36:25",67.9,-0.6,100,1368400,"B"
"VNM","10:36:23",67.9,-0.6,100,1368300,"B"
"VNM","10:36:06",67.9,-0.6,100,1368200,"B"
"VNM","10:35:56",68,-0.5,100,1368100,"S"
"VNM","10:35:49",67.9,-0.6,100,1368000,"B"
"VNM","10:35:48",67.9,-0.6,200,1367900,"B"
"VNM","10:35:45",68,-0.5,1000,1367700,"S"
"VNM","10:35:37",68,-0.5,1000,1366700,"S"
"VNM","10:35:35",67.9,-0.6,100,1365700,"B"
"VNM","10:35:33",67.9,-0.6,100,1365600,"B"
"VNM","10:35:24",68,-0.5,100,1365500,"S"
"VNM","10:35:20",67.9,-0.6,500,1365400,"B"
"VNM","10:35:17",67.9,-0.6,100,1364900,"B"
"VNM","10:35:06",68,-0.5,2000,1364800,"S"
"VNM","10:34:59",67.9,-0.6,100,1362800,"B"
"VNM","10:34:52",68,-0.5,1600,1362700,"S"
"VNM","10:34:43",67.9,-0.6,100,1361100,"B"
"VNM","10:34:40",67.9,-0.6,500,1361000,"B"
"VNM","10:34:30",67.9,-0.6,100,1360500,"B"
"VNM","10:34:28",68,-0.5,200,1360400,"S"
"VNM","10:34:23",68,-0.5,500,1360200,"S"
"VNM","10:34:22",67.9,-0.6,100,1359700,"B"
"VNM","10:34:20",67.9,-0.6,1000,1359600,"B"
"VNM","10:34:16",67.9,-0.6,100,1358600,"B"
"VNM","10:34:14",67.9,-0.6,300,1358500,"B"
"VNM","10:34:13",67.9,-0.6,2900,1358200,"B"
"VNM","10:34:10",67.9,-0.6,100,1355300,"B"
"VNM","10:34:09",68,-0.5,100,1355200,"S"
"VNM","10:34:06",67.9,-0.6,100,1355100,"B"
"VNM","10:34:00",67.9,-0.6,300,1355000,"B"
"VNM","10:33:54",67.9,-0.6,100,1354700,"B"
"VNM","10:33:53",67.9,-0.6,100,1354600,"B"
"VNM","10:33:53",68,-0.5,1000,1354500,"S"
"VNM","10:33:47",68,-0.5,100,1353500,"S"
"VNM","10:33:37",68,-0.5,1000,1353400,"S"
"VNM","10:33:37",67.9,-0.6,100,1352400,"B"
"VNM","10:33:32",68,-0.5,300,1352300,"S"
"VNM","10:33:32",68,-0.5,3200,1352000,"S"
"VNM","10:33:23",68,-0.5,500,1348800,"S"
"VNM","10:33:20",67.9,-0.6,100,1348300,"B"
"VNM","10:33:18",68,-0.5,500,1348200,"S"
"VNM","10:33:07",68,-0.5,5000,1347700,"S"
"VNM","10:33:03",67.9,-0.6,100,1342700,"B"
"VNM","10:32:59",68,-0.5,1000,1342600,"S"
"VNM","10:32:59",68,-0.5,100,1341600,"S"
"VNM","10:32:57",67.9,-0.6,100,1341500,"B"
"VNM","10:32:46",68,-0.5,1000,1341400,"S"
"VNM","10:32:38",68,-0.5,100,1340400,"S"
"VNM","10:32:30",67.9,-0.6,100,1340300,"B"
"VNM","10:32:20",67.9,-0.6,400,1340200,"B"
"VNM","10:32:13",67.9,-0.6,100,1339800,"B"
"VNM","10:32:02",68,-0.5,1000,1339700,"S"
"VNM","10:32:00",67.9,-0.6,500,1338700,"B"
"VNM","10:31:57",67.9,-0.6,100,1338200,"B"
"VNM","10:31:52",68,-0.5,1800,1338100,"S"
"VNM","10:31:45",68,-0.5,100,1336300,"S"
"VNM","10:31:40",67.9,-0.6,100,1336200,"B"
"VNM","10:31:40",67.9,-0.6,100,1336100,"B"
"VNM","10:31:23",67.9,-0.6,100,1336000,"B"
"VNM","10:31:22",67.9,-0.6,400,1335900,"B"
"VNM","10:31:20",67.9,-0.6,100,1335500,"B"
"VNM","10:31:19",67.9,-0.6,100,1335400,"B"
"VNM","10:31:07",67.9,-0.6,100,1335300,"B"
"VNM","10:31:05",68,-0.5,100,1335200,"S"
"VNM","10:30:51",67.9,-0.6,100,1335100,"B"
"VNM","10:30:34",67.9,-0.6,100,1335000,"B"
"VNM","10:30:20",67.9,-0.6,100,1334900,"B"
"VNM","10:30:17",67.9,-0.6,100,1334800,"B"
"VNM","10:30:14",67.9,-0.6,500,1334700,"B"
"VNM","10:30:01",67.9,-0.6,100,1334200,"B"
"VNM","10:29:57",67.9,-0.6,100,1334100,"B"
"VNM","10:29:54",67.9,-0.6,100,1334000,"B"
"VNM","10:29:44",67.9,-0.6,100,1333900,"B"
"VNM","10:29:34",68,-0.5,100,1333800,"S"
"VNM","10:29:28",67.9,-0.6,100,1333700,"B"
"VNM","10:29:16",68,-0.5,100,1333600,"S"
"VNM","10:29:11",67.9,-0.6,100,1333500,"B"
"VNM","10:29:07",68,-0.5,500,1333300,"S"
"VNM","10:28:59",68,-0.5,100,1332800,"S"
"VNM","10:28:54",67.9,-0.6,100,1332700,"B"
"VNM","10:28:40",67.9,-0.6,900,1332600,"B"
"VNM","10:28:38",67.9,-0.6,100,1331700,"B"
"VNM","10:28:30",68,-0.5,1000,1331600,"S"
"VNM","10:28:25",68,-0.5,2000,1330600,"S"
"VNM","10:28:24",68,-0.5,200,1328600,"S"
"VNM","10:28:21",67.9,-0.6,100,1328400,"B"
"VNM","10:28:14",68,-0.5,1000,1328300,"S"
"VNM","10:28:13",68,-0.5,600,1327300,"S"
"VNM","10:28:05",67.9,-0.6,100,1326700,"B"
"VNM","10:28:00",67.9,-0.6,600,1326600,"B"
"VNM","10:27:48",67.9,-0.6,100,1326000,"B"
"VNM","10:27:41",68,-0.5,100,1325900,"S"
"VNM","10:27:40",67.9,-0.6,2200,1325800,"B"
"VNM","10:27:31",67.9,-0.6,100,1323600,"B"
"VNM","10:27:29",68,-0.5,1000,1323500,"S"
"VNM","10:27:23",68,-0.5,7300,1322500,"S"
"VNM","10:27:19",68,-0.5,200,1315200,"S"
"VNM","10:27:15",67.9,-0.6,100,1315000,"B"
"VNM","10:27:01",68,-0.5,14700,1314900,"S"
"VNM","10:27:00",67.9,-0.6,100,1300200,"B"
"VNM","10:26:59",67.9,-0.6,100,1300100,"B"
"VNM","10:26:56",67.9,-0.6,300,1300000,"B"
"VNM","10:26:42",67.9,-0.6,100,1299700,"B"
"VNM","10:26:40",67.9,-0.6,200,1299600,"B"
"VNM","10:26:25",67.9,-0.6,100,1299400,"B"
"VNM","10:26:20",67.9,-0.6,700,1299300,"B"
"VNM","10:26:09",67.9,-0.6,100,1298600,"B"
"VNM","10:26:02",67.9,-0.6,200,1298500,"B"
"VNM","10:26:00",67.9,-0.6,2500,1298300,"B"
"VNM","10:25:52",67.9,-0.6,100,1295800,"B"
"VNM","10:25:47",68,-0.5,200,1295700,"S"
"VNM","10:25:42",67.9,-0.6,900,1295500,"B"
"VNM","10:25:40",67.9,-0.6,8200,1294600,"B"
"VNM","10:25:38",67.9,-0.6,100,1286400,"B"
"VNM","10:25:35",67.9,-0.6,100,1286300,"B"
"VNM","10:25:31",68,-0.5,100,1286200,"S"
"VNM","10:25:31",67.9,-0.6,5600,1286100,"B"
"VNM","10:25:30",67.9,-0.6,15900,1280500,"B"
"VNM","10:25:30",67.9,-0.6,2800,1264600,"B"
"VNM","10:25:29",67.9,-0.6,5600,1261800,"B"
"VNM","10:25:22",68,-0.5,200,1256200,"S"
"VNM","10:25:19",67.9,-0.6,100,1256000,"B"
"VNM","10:25:02",67.9,-0.6,100,1255900,"B"
"VNM","10:24:46",67.9,-0.6,100,1255800,"B"
"VNM","10:24:29",67.9,-0.6,100,1255700,"B"
"VNM","10:24:24",67.9,-0.6,100,1255600,"B"
"VNM","10:24:20",67.9,-0.6,100,1255500,"B"
"VNM","10:24:13",67.9,-0.6,100,1255400,"B"
"VNM","10:24:12",67.9,-0.6,100,1255300,"B"
"VNM","10:24:00",67.9,-0.6,200,1255200,"B"
"VNM","10:23:56",67.9,-0.6,100,1255000,"B"
"VNM","10:23:40",67.9,-0.6,400,1254900,"B"
"VNM","10:23:40",67.9,-0.6,400,1254500,"B"
"VNM","10:23:32",67.9,-0.6,400,1254100,"B"
"VNM","10:23:27",67.9,-0.6,100,1253700,"B"
"VNM","10:23:23",67.9,-0.6,100,1253600,"B"
"VNM","10:23:20",68,-0.5,2300,1253500,"S"
"VNM","10:23:09",68,-0.5,500,1251200,"S"
"VNM","10:23:07",67.9,-0.6,100,1250700,"B"
"VNM","10:23:02",67.9,-0.6,100,1250600,"B"
"VNM","10:23:00",67.9,-0.6,1200,1250400,"B"
"VNM","10:22:50",67.9,-0.6,100,1249200,"B"
"VNM","10:22:48",67.9,-0.6,400,1249100,"B"
"VNM","10:22:47",67.9,-0.6,4100,1248700,"B"
"VNM","10:22:33",67.9,-0.6,100,1244600,"B"
"VNM","10:22:20",67.9,-0.6,200,1244500,"B"
"VNM","10:22:17",67.9,-0.6,100,1244300,"B"
"VNM","10:22:10",68,-0.5,100,1244200,"S"
"VNM","10:22:01",67.9,-0.6,100,1244100,"B"
"VNM","10:22:00",67.9,-0.6,600,1244000,"B"
"VNM","10:21:50",67.9,-0.6,200,1243400,"B"
"VNM","10:21:48",67.9,-0.6,2000,1243200,"B"
"VNM","10:21:44",67.9,-0.6,100,1241200,"B"
"VNM","10:21:38",67.9,-0.6,100,1241100,"B"
"VNM","10:21:27",67.9,-0.6,100,1241000,"B"
"VNM","10:21:15",68,-0.5,100,1240900,"S"
"VNM","10:21:14",68,-0.5,100,1240800,"S"
"VNM","10:21:11",67.9,-0.6,100,1240700,"B"
"VNM","10:20:58",68,-0.5,500,1240600,"S"
"VNM","10:20:54",67.9,-0.6,100,1240100,"B"
"VNM","10:20:51",68,-0.5,500,1240000,"S"
"VNM","10:20:38",67.9,-0.6,100,1239500,"B"
"VNM","10:20:22",67.9,-0.6,100,1239400,"B"
"VNM","10:20:16",68,-0.5,200,1239300,"S"
"VNM","10:20:10",68,-0.5,5000,1239100,"S"
"VNM","10:20:05",67.9,-0.6,100,1234100,"B"
"VNM","10:20:01",68,-0.5,100,1234000,"S"
"VNM","10:19:54",68,-0.5,2000,1233900,"S"
"VNM","10:19:50",68,-0.5,500,1231900,"S"
"VNM","10:19:49",68,-0.5,100,1231400,"S"
"VNM","10:19:48",67.9,-0.6,100,1231300,"B"
"VNM","10:19:41",68,-0.5,5000,1231200,"S"
"VNM","10:19:38",68,-0.5,200,1226200,"S"
"VNM","10:19:32",67.9,-0.6,100,1226000,"B"
"VNM","10:19:18",68,-0.5,100,1225900,"S"
"VNM","10:19:16",67.9,-0.6,100,1225800,"B"
"VNM","10:19:15",67.9,-0.6,200,1225700,"B"
"VNM","10:19:15",67.9,-0.6,700,1225500,"B"
"VNM","10:19:10",68,-0.5,100,1224800,"S"
"VNM","10:19:06",67.9,-0.6,400,1224700,"B"
"VNM","10:19:04",67.9,-0.6,4200,1224300,"B"
"VNM","10:19:00",67.9,-0.6,400,1220100,"B"
"VNM","10:18:59",67.9,-0.6,100,1219700,"B"
"VNM","10:18:56",68,-0.5,600,1219600,"S"
"VNM","10:18:52",67.9,-0.6,100,1219000,"B"
"VNM","10:18:51",67.9,-0.6,600,1218900,"B"
"VNM","10:18:42",67.9,-0.6,100,1218300,"B"
"VNM","10:18:40",67.9,-0.6,100,1218200,"B"
"VNM","10:18:31",67.9,-0.6,100,1218100,"B"
"VNM","10:18:26",67.9,-0.6,100,1218000,"B"
"VNM","10:18:20",67.9,-0.6,300,1217900,"B"
"VNM","10:18:12",67.9,-0.6,100,1217600,"B"
"VNM","10:18:10",67.9,-0.6,100,1217500,"B"
"VNM","10:18:10",68,-0.5,1000,1217400,"S"
"VNM","10:17:53",67.9,-0.6,100,1216400,"B"
"VNM","10:17:36",67.9,-0.6,100,1216300,"B"
"VNM","10:17:23",68,-0.5,100,1216200,"S"
"VNM","10:17:20",67.9,-0.6,100,1216100,"B"
"VNM","10:17:06",67.9,-0.6,100,1216000,"B"
"VNM","10:17:03",67.9,-0.6,100,1215900,"B"
"VNM","10:17:00",67.9,-0.6,100,1215800,"B"
"VNM","10:16:56",67.9,-0.6,300,1215700,"B"
"VNM","10:16:47",67.9,-0.6,100,1215400,"B"
"VNM","10:16:40",67.9,-0.6,200,1215300,"B"
"VNM","10:16:31",67.9,-0.6,100,1215100,"B"
"VNM","10:16:26",67.9,-0.6,300,1215000,"B"
"VNM","10:16:20",67.9,-0.6,500,1214600,"B"
"VNM","10:16:14",67.9,-0.6,100,1214100,"B"
"VNM","10:16:08",68,-0.5,1000,1214000,"S"
"VNM","10:16:06",67.9,-0.6,100,1213000,"B"
"VNM","10:16:00",67.9,-0.6,800,1212900,"B"
"VNM","10:15:58",67.9,-0.6,100,1212100,"B"
"VNM","10:15:45",68,-0.5,300,1212000,"S"
"VNM","10:15:42",67.9,-0.6,200,1211700,"B"
"VNM","10:15:41",67.9,-0.6,100,1211500,"B"
"VNM","10:15:40",67.9,-0.6,2600,1211400,"B"
"VNM","10:15:36",67.9,-0.6,300,1208800,"B"
"VNM","10:15:34",67.9,-0.6,3000,1208500,"B"
"VNM","10:15:24",67.9,-0.6,100,1205500,"B"
"VNM","10:15:22",67.9,-0.6,600,1205400,"B"
"VNM","10:15:20",67.9,-0.6,5600,1204800,"B"
"VNM","10:15:18",67.9,-0.6,300,1199200,"B"
"VNM","10:15:11",67.9,-0.6,700,1195400,"B"
"VNM","10:15:08",67.9,-0.6,100,1194700,"B"
"VNM","10:15:00",67.9,-0.6,700,1194600,"B"
"VNM","10:14:52",67.9,-0.6,100,1193900,"B"
"VNM","10:14:50",68,-0.5,500,1193800,"S"
"VNM","10:14:44",67.9,-0.6,100,1193300,"B"
"VNM","10:14:43",67.9,-0.6,200,1193200,"B"
"VNM","10:14:40",67.9,-0.6,1700,1193000,"B"
"VNM","10:14:35",67.9,-0.6,100,1191300,"B"
"VNM","10:14:26",67.9,-0.6,400,1191200,"B"
"VNM","10:14:25",67.9,-0.6,4200,1190800,"B"
"VNM","10:14:21",68,-0.5,100,1186600,"S"
"VNM","10:14:20",67.9,-0.6,1500,1186500,"B"
"VNM","10:14:19",67.9,-0.6,100,1185000,"B"
"VNM","10:14:06",68,-0.5,5400,1184900,"S"
"VNM","10:14:02",67.9,-0.6,100,1179500,"B"
"VNM","10:13:46",67.9,-0.6,100,1179400,"B"
"VNM","10:13:37",68,-0.5,5000,1179300,"S"
"VNM","10:13:33",68,-0.5,100,1174300,"S"
"VNM","10:13:29",67.9,-0.6,100,1174200,"B"
"VNM","10:13:25",68,-0.5,100,1174100,"S"
"VNM","10:13:20",67.9,-0.6,200,1174000,"B"
"VNM","10:13:13",67.9,-0.6,100,1173800,"B"
"VNM","10:13:00",68,-0.5,200,1173700,"S"
"VNM","10:13:00",67.9,-0.6,100,1173500,"B"
"VNM","10:12:56",67.9,-0.6,100,1173400,"B"
"VNM","10:12:51",68,-0.5,100,1173300,"S"
"VNM","10:12:40",68,-0.5,100,1173200,"S"
"VNM","10:12:40",67.9,-0.6,100,1173100,"B"
"VNM","10:12:25",68,-0.5,100,1173000,"S"
"VNM","10:12:23",68,-0.5,200,1172900,"S"
"VNM","10:12:23",67.9,-0.6,100,1172700,"B"
"VNM","10:12:16",68,-0.5,700,1172600,"S"
"VNM","10:12:07",67.9,-0.6,100,1171900,"B"
"VNM","10:12:02",67.9,-0.6,100,1171800,"B"
"VNM","10:12:00",67.9,-0.6,1400,1171700,"B"
"VNM","10:11:57",67.9,-0.6,100,1170300,"B"
"VNM","10:11:56",67.9,-0.6,400,1170200,"B"
"VNM","10:11:55",67.9,-0.6,4200,1169800,"B"
"VNM","10:11:50",67.9,-0.6,100,1165600,"B"
"VNM","10:11:41",67.9,-0.6,700,1165500,"B"
"VNM","10:11:34",67.9,-0.6,100,1164800,"B"
"VNM","10:11:24",67.9,-0.6,100,1164700,"B"
"VNM","10:11:22",67.9,-0.6,200,1164600,"B"
"VNM","10:11:21",67.9,-0.6,400,1164400,"B"
"VNM","10:11:20",67.9,-0.6,1800,1164000,"B"
"VNM","10:11:18",67.9,-0.6,100,1162200,"B"
"VNM","10:11:15",68,-0.5,200,1162100,"S"
"VNM","10:11:12",67.9,-0.6,400,1161900,"B"
"VNM","10:11:11",67.9,-0.6,4200,1161500,"B"
"VNM","10:11:02",67.9,-0.6,100,1157300,"B"
"VNM","10:11:01",67.9,-0.6,100,1157200,"B"
"VNM","10:11:00",67.9,-0.6,1600,1157100,"B"
"VNM","10:10:45",67.9,-0.6,100,1155500,"B"
"VNM","10:10:42",67.9,-0.6,500,1155400,"B"
"VNM","10:10:41",67.9,-0.6,1200,1154900,"B"
"VNM","10:10:40",67.9,-0.6,4200,1153700,"B"
"VNM","10:10:34",67.9,-0.6,100,1149500,"B"
"VNM","10:10:28",67.9,-0.6,100,1149400,"B"
"VNM","10:10:24",67.9,-0.6,400,1149300,"B"
"VNM","10:10:22",67.9,-0.6,4200,1148900,"B"
"VNM","10:10:12",67.9,-0.6,100,1144700,"B"
"VNM","10:10:00",67.9,-0.6,200,1144600,"B"
"VNM","10:09:55",67.9,-0.6,100,1144400,"B"
"VNM","10:09:50",68,-0.5,100,1144300,"S"
"VNM","10:09:41",67.9,-0.6,400,1144200,"B"
"VNM","10:09:39",67.9,-0.6,100,1143800,"B"
"VNM","10:09:23",68,-0.5,200,1143700,"S"
"VNM","10:09:23",67.9,-0.6,800,1143500,"B"
"VNM","10:09:22",67.9,-0.6,100,1142700,"B"
"VNM","10:09:20",68,-0.5,200,1142600,"S"
"VNM","10:09:20",67.9,-0.6,100,1142400,"B"
"VNM","10:09:14",67.9,-0.6,300,1142300,"B"
"VNM","10:09:11",67.9,-0.6,100,1142000,"B"
"VNM","10:09:06",67.9,-0.6,100,1141900,"B"
"VNM","10:09:04",68,-0.5,200,1141800,"S"
"VNM","10:08:43",68,-0.5,2000,1141600,"S"
"VNM","10:08:39",68,-0.5,2000,1139600,"S"
"VNM","10:08:38",67.9,-0.6,2500,1137600,"B"
"VNM","10:08:37",67.9,-0.6,22800,1135100,"S"
"VNM","10:08:34",67.9,-0.6,100,1112300,"S"
"VNM","10:08:33",67.8,-0.7,100,1112200,"B"
"VNM","10:08:13",67.9,-0.6,100,1112100,"S"
"VNM","10:08:04",67.9,-0.6,5000,1112000,"S"
"VNM","10:08:00",67.8,-0.7,100,1107000,"B"
"VNM","10:07:57",67.9,-0.6,200,1106900,"B"
"VNM","10:07:56",67.9,-0.6,1500,1106700,"B"
"VNM","10:07:55",67.9,-0.6,2000,1105200,"B"
"VNM","10:07:50",67.9,-0.6,400,1103200,"B"
"VNM","10:07:49",67.9,-0.6,4200,1102800,"B"
"VNM","10:07:48",67.9,-0.6,100,1098600,"B"
"VNM","10:07:44",67.9,-0.6,100,1098500,"B"
"VNM","10:07:42",68,-0.5,100,1098400,"S"
"VNM","10:07:39",68,-0.5,300,1098300,"S"
"VNM","10:07:27",67.9,-0.6,100,1098000,"B"
"VNM","10:07:26",67.9,-0.6,100,1097900,"B"
"VNM","10:07:17",68,-0.5,300,1097800,"S"
"VNM","10:07:14",67.9,-0.6,400,1097500,"B"
"VNM","10:07:12",67.9,-0.6,1000,1097100,"B"
"VNM","10:07:12",67.9,-0.6,500,1096100,"B"
"VNM","10:07:11",67.9,-0.6,4300,1095600,"B"
"VNM","10:07:08",67.9,-0.6,500,1091300,"B"
"VNM","10:07:06",67.9,-0.6,3800,1090800,"B"
"VNM","10:07:04",67.9,-0.6,1000,1087000,"B"
"VNM","10:07:02",67.9,-0.6,100,1086000,"B"
"VNM","10:07:00",67.9,-0.6,1800,1085900,"B"
"VNM","10:06:58",67.9,-0.6,1000,1084100,"B"
"VNM","10:06:55",67.9,-0.6,600,1083100,"B"
"VNM","10:06:55",67.9,-0.6,100,1082500,"B"
"VNM","10:06:54",67.9,-0.6,100,1082400,"B"
"VNM","10:06:52",67.9,-0.6,1000,1082300,"B"
"VNM","10:06:50",67.9,-0.6,200,1081300,"B"
"VNM","10:06:49",67.9,-0.6,2000,1081100,"B"
"VNM","10:06:42",67.9,-0.6,100,1079100,"B"
"VNM","10:06:40",67.9,-0.6,1200,1079000,"B"
"VNM","10:06:38",67.9,-0.6,100,1077800,"B"
"VNM","10:06:34",67.9,-0.6,300,1077700,"B"
"VNM","10:06:26",67.9,-0.6,100,1077400,"B"
"VNM","10:06:25",67.9,-0.6,100,1077300,"B"
"VNM","10:06:22",67.9,-0.6,400,1077200,"B"
"VNM","10:06:21",67.9,-0.6,1000,1076800,"B"
"VNM","10:06:20",67.9,-0.6,2600,1075800,"B"
"VNM","10:06:18",67.9,-0.6,100,1073200,"B"
"VNM","10:06:17",67.9,-0.6,1000,1073100,"B"
"VNM","10:06:08",67.9,-0.6,300,1072100,"B"
"VNM","10:06:07",67.9,-0.6,3000,1071800,"B"
"VNM","10:06:05",67.9,-0.6,100,1068800,"B"
"VNM","10:06:02",67.9,-0.6,400,1068700,"B"
"VNM","10:06:00",67.9,-0.6,4500,1068300,"B"
"VNM","10:05:59",68,-0.5,300,1063800,"S"
"VNM","10:05:50",67.9,-0.6,100,1063500,"B"
"VNM","10:05:49",67.9,-0.6,100,1063400,"B"
"VNM","10:05:48",67.9,-0.6,1400,1063300,"B"
"VNM","10:05:47",67.9,-0.6,400,1061900,"B"
"VNM","10:05:44",67.9,-0.6,200,1061500,"B"
"VNM","10:05:43",67.9,-0.6,1000,1061300,"B"
"VNM","10:05:42",67.9,-0.6,1000,1060300,"B"
"VNM","10:05:40",67.9,-0.6,9300,1059300,"B"
"VNM","10:05:36",67.9,-0.6,300,1050000,"B"
"VNM","10:05:34",67.9,-0.6,3200,1049700,"B"
"VNM","10:05:33",67.9,-0.6,100,1046500,"B"
"VNM","10:05:32",67.9,-0.6,100,1046400,"B"
"VNM","10:05:32",68,-0.5,500,1046300,"S"
"VNM","10:05:31",67.9,-0.6,1200,1045800,"B"
"VNM","10:05:30",67.9,-0.6,400,1044600,"B"
"VNM","10:05:28",67.9,-0.6,4200,1044200,"B"
"VNM","10:05:26",67.9,-0.6,200,1040000,"B"
"VNM","10:05:24",67.9,-0.6,500,1039800,"B"
"VNM","10:05:24",68,-0.5,1900,1039300,"S"
"VNM","10:05:23",67.9,-0.6,3300,1037400,"B"
"VNM","10:05:22",67.9,-0.6,1600,1034100,"B"
"VNM","10:05:20",67.9,-0.6,4500,1032500,"B"
"VNM","10:05:18",67.9,-0.6,3100,1028000,"B"
"VNM","10:05:16",67.9,-0.6,3100,1024900,"B"
"VNM","10:05:16",67.9,-0.6,400,1021800,"B"
"VNM","10:05:15",67.9,-0.6,4200,1021400,"B"
"VNM","10:05:14",67.9,-0.6,100,1017200,"B"
"VNM","10:05:12",67.9,-0.6,300,1017100,"B"
"VNM","10:05:11",67.9,-0.6,4000,1016800,"B"
"VNM","10:05:08",67.9,-0.6,400,1012800,"B"
"VNM","10:05:06",67.9,-0.6,3900,1012400,"B"
"VNM","10:05:05",67.9,-0.6,2800,1008500,"B"
"VNM","10:05:05",67.9,-0.6,4200,1005700,"B"
"VNM","10:05:02",67.9,-0.6,100,1001500,"B"
"VNM","10:05:02",67.9,-0.6,500,1001400,"B"
"VNM","10:05:00",67.9,-0.6,1300,1000900,"B"
"VNM","10:05:00",67.9,-0.6,3600,999600,"B"
"VNM","10:04:58",67.9,-0.6,300,996000,"B"
"VNM","10:04:57",67.9,-0.6,3300,995700,"B"
"VNM","10:04:52",67.9,-0.6,300,992400,"B"
"VNM","10:04:51",67.9,-0.6,2800,992100,"B"
"VNM","10:04:50",67.9,-0.6,400,989300,"B"
"VNM","10:04:48",67.9,-0.6,4100,988900,"B"
"VNM","10:04:43",67.9,-0.6,100,984800,"B"
"VNM","10:04:42",67.9,-0.6,200,984700,"B"
"VNM","10:04:40",67.9,-0.6,1700,984500,"B"
"VNM","10:04:40",68,-0.5,400,982800,"S"
"VNM","10:04:39",67.9,-0.6,3200,982400,"B"
"VNM","10:04:30",68,-0.5,1000,979200,"S"
"VNM","10:04:27",68,-0.5,200,978200,"S"
"VNM","10:04:24",68,-0.5,1000,978000,"S"
"VNM","10:04:18",68,-0.5,100,977000,"S"
"VNM","10:04:17",68,-0.5,100,976900,"S"
"VNM","10:04:12",68,-0.5,300,976800,"S"
"VNM","10:04:11",68,-0.5,5900,976500,"S"
"VNM","10:04:10",68,-0.5,2000,970600,"S"
"VNM","10:04:04",68,-0.5,2500,968600,"S"
"VNM","10:04:03",68,-0.5,3000,966100,"S"
"VNM","10:04:01",68,-0.5,300,963100,"S"
"VNM","10:04:01",68,-0.5,200,962800,"S"
"VNM","10:03:59",68,-0.5,1100,962600,"S"
"VNM","10:03:55",68,-0.5,400,961500,"S"
"VNM","10:03:54",67.9,-0.6,100,961100,"B"
"VNM","10:03:52",68,-0.5,300,961000,"S"
"VNM","10:03:49",68,-0.5,100,960700,"S"
"VNM","10:03:48",67.9,-0.6,100,960600,"B"
"VNM","10:03:46",67.9,-0.6,1000,960500,"B"
"VNM","10:03:44",68,-0.5,100,959500,"S"
"VNM","10:03:40",67.9,-0.6,900,959400,"B"
"VNM","10:03:39",67.9,-0.6,100,958500,"B"
"VNM","10:03:39",68,-0.5,3400,958400,"S"
"VNM","10:03:39",68,-0.5,4600,955000,"S"
"VNM","10:03:38",67.9,-0.6,100,950400,"B"
"VNM","10:03:35",68,-0.5,100,950300,"S"
"VNM","10:03:34",68,-0.5,1000,950200,"S"
"VNM","10:03:31",68,-0.5,10000,949200,"S"
"VNM","10:03:21",67.9,-0.6,100,939200,"B"
"VNM","10:03:20",67.9,-0.6,400,939100,"B"
"VNM","10:03:14",67.9,-0.6,500,938700,"B"
"VNM","10:03:10",68,-0.5,1000,938200,"S"
"VNM","10:03:05",67.9,-0.6,100,937200,"B"
"VNM","10:03:05",68,-0.5,100,937100,"S"
"VNM","10:02:56",68,-0.5,200,937000,"S"
"VNM","10:02:55",68,-0.5,300,936800,"S"
"VNM","10:02:55",67.9,-0.6,100,936500,"B"
"VNM","10:02:49",68,-0.5,3000,936400,"S"
"VNM","10:02:49",67.9,-0.6,100,933400,"B"
"VNM","10:02:46",68,-0.5,200,933300,"S"
"VNM","10:02:39",68,-0.5,300,933100,"S"
"VNM","10:02:37",68,-0.5,200,932800,"S"
"VNM","10:02:36",68,-0.5,10100,932600,"S"
"VNM","10:02:32",67.9,-0.6,100,922500,"B"
"VNM","10:02:28",68,-0.5,100,922400,"S"
"VNM","10:02:26",67.9,-0.6,100,922300,"B"
"VNM","10:02:23",67.9,-0.6,500,922200,"B"
"VNM","10:02:20",67.9,-0.6,800,921700,"B"
"VNM","10:02:16",67.9,-0.6,200,920900,"B"
"VNM","10:02:00",67.9,-0.6,200,920700,"B"
"VNM","10:02:00",67.9,-0.6,2600,920500,"B"
"VNM","10:01:59",67.9,-0.6,100,917900,"B"
"VNM","10:01:50",67.9,-0.6,300,917800,"B"
"VNM","10:01:49",67.9,-0.6,3000,917500,"B"
"VNM","10:01:44",67.9,-0.6,300,914500,"B"
"VNM","10:01:43",67.9,-0.6,100,914200,"B"
"VNM","10:01:42",67.9,-0.6,2800,914100,"B"
"VNM","10:01:40",68,-0.5,500,911300,"S"
"VNM","10:01:40",67.9,-0.6,2900,910800,"B"
"VNM","10:01:35",67.9,-0.6,300,907900,"B"
"VNM","10:01:32",67.9,-0.6,2800,907600,"B"
"VNM","10:01:30",67.9,-0.6,400,904800,"B"
"VNM","10:01:28",67.9,-0.6,4200,904400,"B"
"VNM","10:01:27",67.9,-0.6,100,900200,"B"
"VNM","10:01:24",67.9,-0.6,1400,900000,"B"
"VNM","10:01:22",67.9,-0.6,100,898600,"B"
"VNM","10:01:20",67.9,-0.6,1400,898500,"B"
"VNM","10:01:15",67.9,-0.6,900,897100,"B"
"VNM","10:01:10",67.9,-0.6,100,896200,"B"
"VNM","10:01:10",68,-0.5,800,896100,"S"
"VNM","10:01:09",67.9,-0.6,200,895300,"B"
"VNM","10:01:02",67.9,-0.6,300,895100,"B"
"VNM","10:01:01",67.9,-0.6,2800,894800,"B"
"VNM","10:00:54",67.9,-0.6,100,892000,"B"
"VNM","10:00:51",68,-0.5,1800,891900,"B"
"VNM","10:00:50",68,-0.5,200,890100,"B"
"VNM","10:00:49",68,-0.5,7600,889900,"B"
"VNM","10:00:48",68,-0.5,300,882300,"B"
"VNM","10:00:47",68,-0.5,3000,882000,"B"
"VNM","10:00:44",68,-0.5,700,879000,"B"
"VNM","10:00:43",68,-0.5,4200,878300,"B"
"VNM","10:00:42",68,-0.5,2900,874100,"B"
"VNM","10:00:40",68,-0.5,26700,871200,"B"
"VNM","10:00:39",68,-0.5,6200,841300,"B"
"VNM","10:00:38",68.1,-0.4,200,835100,"S"
"VNM","10:00:38",68,-0.5,22900,834900,"B"
"VNM","10:00:37",68,-0.5,20000,812000,"B"
"VNM","10:00:36",68,-0.5,6200,792000,"B"
"VNM","10:00:35",68,-0.5,2800,785800,"B"
"VNM","10:00:35",68,-0.5,3200,783000,"B"
"VNM","10:00:32",68,-0.5,4200,779800,"B"
"VNM","10:00:30",68,-0.5,300,775600,"B"
"VNM","10:00:28",68,-0.5,2900,775300,"B"
"VNM","10:00:27",68,-0.5,1200,772400,"B"
"VNM","10:00:22",68,-0.5,100,771200,"B"
"VNM","10:00:22",68,-0.5,200,771100,"B"
"VNM","10:00:20",68,-0.5,2400,770900,"B"
"VNM","10:00:18",68,-0.5,2900,768500,"B"
"VNM","10:00:17",68,-0.5,100,765600,"B"
"VNM","10:00:17",68.1,-0.4,100,765500,"S"
"VNM","10:00:14",68.1,-0.4,100,765400,"S"
"VNM","10:00:11",68,-0.5,100,765300,"B"
"VNM","10:00:05",68,-0.5,100,765200,"B"
"VNM","10:00:02",68,-0.5,400,765100,"B"
"VNM","10:00:00",68,-0.5,4200,764700,"B"
"VNM","09:59:58",68,-0.5,1200,760500,"B"
"VNM","09:59:56",68,-0.5,6900,759300,"B"
"VNM","09:59:55",68.1,-0.4,100,752400,"S"
"VNM","09:59:45",68.1,-0.4,1100,752300,"S"
"VNM","09:59:43",68,-0.5,4200,751200,"B"
"VNM","09:59:40",68.1,-0.4,500,747000,"S"
"VNM","09:59:38",68,-0.5,100,745000,"B"
"VNM","09:59:38",68.1,-0.4,500,744900,"S"
"VNM","09:59:36",68,-0.5,1200,744400,"B"
"VNM","09:59:33",68.1,-0.4,1000,743200,"S"
"VNM","09:59:32",68,-0.5,100,742200,"B"
"VNM","09:59:30",68.1,-0.4,500,742100,"S"
"VNM","09:59:27",68.1,-0.4,1000,741600,"S"
"VNM","09:59:21",68.1,-0.4,900,740600,"B"
"VNM","09:59:20",68.1,-0.4,400,739700,"B"
"VNM","09:59:16",68.1,-0.4,100,739300,"B"
"VNM","09:59:04",68.1,-0.4,100,739200,"B"
"VNM","09:59:02",68.1,-0.4,1000,739100,"B"
"VNM","09:59:00",68.1,-0.4,400,738100,"B"
"VNM","09:58:59",68.1,-0.4,100,737700,"B"
"VNM","09:58:43",68.1,-0.4,100,737600,"B"
"VNM","09:58:42",68.1,-0.4,100,737500,"B"
"VNM","09:58:40",68.1,-0.4,1000,736900,"B"
"VNM","09:58:27",68.1,-0.4,100,735900,"B"
