"price","change","match_qtty","side","time","total_vol"
32850,-50,6600,"sd","09:15:03",6600
32850,-50,700,"bu","09:16:22",7300
32850,-50,1100,"sd","09:16:22",8400
32900,0,100,"bu","09:17:58",8500
32900,0,400,"bu","09:18:06",8900
32900,0,100,"bu","09:18:06",9000
32900,0,400,"sd","09:18:17",9400
32900,0,200,"sd","09:18:28",9600
32900,0,100,"bu","09:18:30",9700
32900,0,1100,"bu","09:18:36",10800
32900,0,1000,"sd","09:18:40",12800
32900,0,1400,"bu","09:19:43",14200
32900,0,200,"bu","09:20:10",14400
32900,0,1000,"bu","09:20:22",15400
32950,50,200,"bu","09:21:19",15600
32950,50,300,"sd","09:21:20",15900
32950,50,1100,"bu","09:22:29",17000
32950,50,600,"sd","09:23:01",17600
33000,100,10000,"sd","09:23:11",27600
33000,100,300,"bu","09:23:36",27900
33000,100,100,"sd","09:23:59",28000
33000,100,5400,"sd","09:24:22",33400
33050,150,6500,"sd","09:25:04",39900
33050,150,1000,"sd","09:25:12",40900
33050,150,200,"bu","09:25:24",41100
33050,150,400,"sd","09:25:28",41500
33000,100,2000,"sd","09:25:35",43500
33050,150,100,"sd","09:25:39",43600
33050,150,300,"sd","09:26:03",43900
33050,150,600,"sd","09:26:08",44500
33100,200,100,"sd","09:26:41",44600
33100,200,5000,"sd","09:26:43",49600
33100,200,100,"bu","09:26:53",49700
33100,200,2000,"sd","09:27:20",51700
33100,200,4200,"bu","09:28:12",55900
33100,200,1400,"sd","09:28:30",57300
33100,200,100,"sd","09:28:32",57400
33100,200,1000,"bu","09:29:06",58400
33050,150,1900,"sd","09:30:38",60300
33050,150,2000,"sd","09:30:58",62300
33050,150,100,"sd","09:31:09",62400
33050,150,2700,"bu","09:31:32",65100
33050,150,5000,"sd","09:31:54",70100
33050,150,2500,"bu","09:33:40",72600
33050,150,900,"sd","09:33:54",73500
33000,100,1000,"bu","09:35:28",74500
33000,100,2000,"bu","09:35:36",76500
33000,100,500,"sd","09:35:46",77000
33000,100,200,"bu","09:36:20",77200
33000,100,300,"sd","09:37:26",77500
33000,100,100,"sd","09:37:53",77600
33000,100,1000,"sd","09:38:49",78600
33000,100,2000,"sd","09:39:09",80600
33050,150,3800,"sd","09:40:35",84400
33050,150,100,"sd","09:41:04",84500
33050,150,900,"sd","09:41:07",85400
33050,150,1000,"sd","09:41:12",86400
33050,150,3100,"sd","09:41:31",89500
33050,150,100,"bu","09:41:52",89600
33050,150,800,"bu","09:41:56",90400
33050,150,5500,"bu","09:42:15",95900
33100,200,13500,"sd","09:42:39",109400
33150,250,10000,"sd","09:42:50",119400
33150,250,1000,"bu","09:42:55",120400
33150,250,1200,"bu","09:43:07",121600
33150,250,4200,"sd","09:43:26",125800
33150,250,600,"sd","09:43:33",126400
33150,250,1600,"sd","09:44:07",128000
33200,300,300,"bu","09:44:20",128500
33300,400,24800,"bu","09:44:41",153300
33300,400,300,"sd","09:44:48",153600
33250,350,500,"sd","09:45:19",154100
33250,350,5500,"sd","09:45:35",159600
33250,350,200,"sd","09:45:54",159800
33250,350,1000,"sd","09:45:58",160800
33250,350,200,"sd","09:46:00",161000
33250,350,2000,"sd","09:46:09",163000
33200,300,200,"bu","09:46:10",163200
33250,350,700,"sd","09:46:16",163900
33250,350,1500,"bu","09:46:29",165400
33250,350,400,"bu","09:46:50",165800
33250,350,100,"bu","09:46:51",165900
33250,350,1500,"bu","09:47:11",167400
33200,300,5000,"sd","09:47:16",172400
33200,300,600,"sd","09:47:37",173000
33200,300,2000,"bu","09:47:42",175000
33250,350,2200,"sd","09:47:49",177200
33250,350,200,"sd","09:47:50",177400
33200,300,8000,"bu","09:47:56",185400
33200,300,100,"sd","09:48:08",185500
33200,300,1500,"bu","09:48:10",187000
33200,300,2000,"bu","09:48:36",189000
33200,300,3000,"sd","09:48:58",192000
33200,300,3700,"bu","09:49:08",195700
33200,300,500,"bu","09:49:09",196200
33200,300,3400,"sd","09:49:14",199600
33200,300,1200,"bu","09:49:49",200800
33200,300,100,"sd","09:50:09",200900
33200,300,300,"sd","09:50:14",201200
33200,300,600,"bu","09:50:35",201800
33200,300,1000,"sd","09:50:43",202800
33250,350,100,"sd","09:50:59",202900
33250,350,2000,"bu","09:51:20",204900
33250,350,10000,"sd","09:51:24",214900
33250,350,5000,"bu","09:51:35",219900
33250,350,600,"sd","09:51:40",220500
33250,350,6700,"sd","09:51:49",227200
33250,350,200,"bu","09:52:18",227400
33250,350,100,"bu","09:52:41",227500
33250,350,5400,"bu","09:54:46",232900
33250,350,500,"bu","09:55:00",233400
33250,350,500,"bu","09:55:02",233900
33250,350,600,"bu","09:55:06",234500
33250,350,100,"bu","09:55:10",234600
33250,350,1900,"sd","09:55:52",236500
33250,350,500,"bu","09:56:08",237000
33200,300,47700,"bu","09:56:35",284700
33200,300,300,"sd","09:57:11",285000
33200,300,100,"sd","09:57:44",285100
33200,300,3500,"bu","09:59:34",288600
33150,250,7800,"bu","09:59:48",296400
33150,250,1100,"sd","10:00:21",297500
33150,250,100,"sd","10:00:24",297600
33200,300,1000,"sd","10:01:15",298600
33150,250,1800,"sd","10:01:21",300400
33150,250,200,"bu","10:01:29",300600
33200,300,2000,"sd","10:01:44",302600
33200,300,1400,"bu","10:02:18",304000
33150,250,5000,"sd","10:02:27",309000
33150,250,600,"sd","10:03:32",309600
33200,300,100,"sd","10:04:06",309700
33200,300,200,"bu","10:04:21",309900
33150,250,100,"sd","10:06:36",310000
33150,250,300,"sd","10:07:26",310300
33150,250,3000,"bu","10:12:02",313300
33200,300,1000,"sd","10:12:18",314300
33200,300,100,"sd","10:12:38",314400
33200,300,9900,"sd","10:12:55",324300
33200,300,600,"bu","10:12:59",324900
33200,300,500,"bu","10:14:50",325400
33200,300,3100,"bu","10:16:08",328500
33200,300,400,"sd","10:16:32",328900
33200,300,1100,"sd","10:16:40",330000
33200,300,2100,"bu","10:18:30",332100
33200,300,200,"bu","10:18:49",332300
33200,300,700,"bu","10:19:05",333000
33250,350,900,"sd","10:19:07",333900
33250,350,300,"sd","10:21:39",334200
33200,300,1200,"bu","10:22:02",335400
33250,350,1700,"sd","10:22:15",337100
33200,300,2100,"bu","10:22:40",339200
33200,300,100,"bu","10:22:45",339300
33200,300,7700,"sd","10:23:01",347000
33200,300,200,"sd","10:23:16",347200
33200,300,2000,"sd","10:23:32",349200
33200,300,700,"sd","10:25:14",349900
33200,300,600,"sd","10:27:17",350500
33150,250,1200,"bu","10:29:07",351700
33200,300,100,"bu","10:31:09",351800
33200,300,5700,"sd","10:34:38",357500
33150,250,1000,"bu","10:35:33",358500
33150,250,100,"bu","10:36:19",358600
33150,250,500,"bu","10:36:43",359100
33150,250,300,"sd","10:36:46",359400
33150,250,100,"bu","10:39:00",359500
33150,250,10000,"bu","10:39:03",369500
33150,250,4000,"bu","10:39:04",373500
33150,250,500,"sd","10:39:06",374000
33100,200,200,"bu","10:40:50",374200
33100,200,500,"sd","10:42:35",374700
33100,200,14100,"sd","10:44:28",388800
33100,200,5700,"bu","10:44:32",394500
33100,200,100,"bu","10:45:14",394600
33050,150,800,"sd","10:45:23",395400
33100,200,1000,"sd","10:45:50",396400
33100,200,3000,"bu","10:47:48",399400
33100,200,300,"sd","10:47:58",399700
33100,200,700,"sd","10:48:00",400400
33100,200,500,"bu","10:48:01",400900
33100,200,1700,"bu","10:48:10",402600
33100,200,100,"bu","10:48:13",402700
33100,200,4000,"bu","10:51:18",406700
33100,200,1200,"bu","10:51:22",407900
33100,200,300,"bu","10:51:51",408200
33100,200,1000,"sd","10:52:00",409200
33100,200,1000,"bu","10:52:09",410200
33100,200,1600,"sd","10:52:51",411800
33100,200,3000,"bu","10:53:42",414800
33100,200,600,"bu","10:53:45",415400
33100,200,600,"bu","10:54:02",416000
33100,200,300,"bu","10:55:14",416300
33100,200,600,"sd","10:55:30",416900
33100,200,100,"sd","10:55:41",417000
33100,200,1100,"sd","10:56:15",418100
33100,200,1000,"bu","10:57:24",419100
33100,200,400,"sd","10:59:55",419500
33100,200,400,"sd","10:59:57",419900
33100,200,400,"sd","11:02:00",420300
33150,250,5000,"bu","11:02:26",425300
33150,250,2500,"sd","11:02:49",427800
33150,250,400,"bu","11:02:51",428200
33150,250,1000,"bu","11:03:49",429200
33150,250,400,"sd","11:05:47",429600
33150,250,1600,"sd","11:09:13",431200
33100,200,400,"bu","11:09:25",431600
33150,250,300,"bu","11:10:02",431900
33200,300,1200,"sd","11:12:04",433100
33150,250,400,"sd","11:14:15",433500
33150,250,400,"bu","11:15:04",433900
33150,250,200,"bu","11:15:29",434100
33150,250,5700,"sd","11:16:31",439800
33150,250,200,"sd","11:16:40",440000
33150,250,2000,"sd","11:17:30",442000
33150,250,1000,"bu","11:17:41",443000
33100,200,400,"bu","11:17:50",443400
33150,250,2400,"bu","11:19:37",445800
33150,250,400,"bu","11:20:15",446200
33150,250,1000,"sd","11:21:28",447200
33150,250,200,"bu","11:22:06",447400
33150,250,200,"sd","11:23:06",447600
33150,250,500,"sd","11:23:10",448100
33150,250,100,"bu","11:23:17",448200
33100,200,1000,"bu","11:26:16",449200
33150,250,600,"sd","11:29:01",449800
33150,250,600,"bu","13:00:13",450400
33150,250,100,"bu","13:00:15",450500
33100,200,500,"bu","13:00:23",451000
33150,250,1000,"sd","13:00:29",452000
33150,250,300,"sd","13:00:32",452300
33100,200,1000,"bu","13:00:32",453300
33100,200,7100,"sd","13:00:36",460400
33100,200,1000,"bu","13:00:53",463000
33100,200,500,"sd","13:02:27",463500
33100,200,400,"sd","13:02:43",463900
33100,200,100,"bu","13:02:51",464000
33100,200,800,"sd","13:04:55",464800
33100,200,200,"sd","13:04:56",465000
33100,200,5200,"bu","13:05:54",470200
33050,150,900,"sd","13:06:14",471100
33050,150,800,"bu","13:07:20",471900
33050,150,10000,"sd","13:07:45",481900
33050,150,100,"bu","13:07:53",482000
33100,200,400,"bu","13:09:26",482400
33100,200,200,"sd","13:10:11",482600
33050,150,5000,"sd","13:10:14",487600
33100,200,200,"bu","13:10:43",487800
33100,200,100,"bu","13:11:00",487900
33100,200,5000,"sd","13:12:54",492900
33100,200,1000,"sd","13:13:07",493900
33100,200,1400,"bu","13:13:12",495300
33100,200,100,"bu","13:13:45",495400
33100,200,200,"bu","13:13:51",495600
33100,200,400,"sd","13:14:03",496000
33100,200,400,"sd","13:15:08",496400
33100,200,100,"bu","13:16:28",496500
33100,200,2000,"sd","13:16:44",498500
33100,200,300,"sd","13:16:51",498800
33100,200,3000,"sd","13:17:38",501800
33100,200,1000,"sd","13:17:49",502800
33100,200,1100,"bu","13:18:29",503900
33100,200,700,"sd","13:18:35",504600
33100,200,200,"sd","13:18:42",504800
33100,200,1000,"bu","13:18:57",505800
33100,200,1300,"sd","13:18:58",507100
33150,250,300,"bu","13:19:31",507400
33150,250,15000,"sd","13:19:52",522400
33150,250,200,"sd","13:20:14",522600
33100,200,300,"bu","13:20:33",522900
33150,250,5000,"bu","13:21:06",527900
33150,250,3000,"bu","13:21:41",530900
33150,250,100,"bu","13:22:56",531000
33150,250,400,"sd","13:23:07",531400
33150,250,100,"bu","13:23:31",531500
33150,250,500,"bu","13:23:48",532000
33150,250,100,"sd","13:24:06",532100
33150,250,1300,"sd","13:24:16",533400
33150,250,1000,"bu","13:24:26",534400
33150,250,300,"bu","13:24:28",534700
33150,250,2000,"sd","13:24:53",536700
33150,250,200,"bu","13:24:59",536900
33150,250,100,"bu","13:25:08",537000
33150,250,800,"bu","13:25:25",537800
33150,250,300,"sd","13:25:52",538100
33150,250,700,"bu","13:26:28",538800
33150,250,400,"bu","13:26:52",539200
33150,250,2800,"bu","13:28:06",542000
33150,250,2600,"sd","13:28:17",544600
33150,250,100,"bu","13:28:20",544700
33150,250,1500,"bu","13:30:06",546200
33150,250,500,"sd","13:30:38",546700
33150,250,1000,"sd","13:31:02",547700
33150,250,1600,"bu","13:31:10",549300
33150,250,300,"sd","13:31:22",549600
33150,250,5600,"sd","13:32:16",555200
33150,250,700,"sd","13:32:30",555900
33150,250,5000,"bu","13:33:05",560900
33150,250,14500,"sd","13:33:13",575400
33100,200,500,"sd","13:33:42",575900
33100,200,400,"sd","13:34:16",576300
33100,200,200,"bu","13:35:12",576500
33100,200,2000,"sd","13:35:28",578500
33150,250,100,"bu","13:36:06",578600
33150,250,500,"bu","13:36:38",579100
33150,250,100,"sd","13:36:47",579200
33150,250,200,"sd","13:38:42",579400
33150,250,4600,"bu","13:39:10",584000
33150,250,5000,"bu","13:39:29",589000
33150,250,300,"sd","13:39:53",589300
33150,250,500,"bu","13:40:15",589800
33150,250,700,"sd","13:40:26",590500
33100,200,400,"sd","13:41:02",590900
33150,250,1000,"bu","13:41:21",591900
33100,200,100,"bu","13:42:06",592000
33100,200,500,"sd","13:42:27",592500
33100,200,400,"bu","13:44:19",592900
33100,200,5000,"bu","13:44:54",597900
33150,250,500,"bu","13:45:36",598400
33100,200,2000,"bu","13:45:42",600400
33150,250,7300,"bu","13:46:28",607700
33150,250,500,"bu","13:46:56",608200
33150,250,1000,"bu","13:47:41",609200
33100,200,200,"sd","13:48:14",609400
33150,250,2000,"bu","13:48:16",611400
33150,250,200,"sd","13:48:55",611600
33150,250,100,"bu","13:49:17",611700
33150,250,1100,"bu","13:49:27",612800
33150,250,200,"sd","13:50:12",613000
33150,250,500,"bu","13:52:09",613500
33150,250,3700,"sd","13:53:12",617200
33150,250,100,"bu","13:54:25",617300
33150,250,1000,"sd","13:54:43",618300
33150,250,200,"sd","13:54:52",618500
33150,250,900,"sd","13:55:08",619400
33150,250,1000,"sd","13:55:14",620400
33150,250,6000,"bu","13:55:19",626400
33150,250,5200,"sd","13:55:34",631600
33150,250,1000,"sd","13:55:43",632600
33150,250,100,"sd","13:57:01",632700
33150,250,1000,"bu","13:57:06",633700
33150,250,7500,"bu","13:57:12",641200
33150,250,1500,"sd","13:57:21",642700
33150,250,11000,"bu","13:57:29",653700
33150,250,300,"sd","13:57:32",654000
33150,250,500,"bu","13:58:14",654500
33150,250,2400,"bu","13:59:16",656900
33150,250,100,"bu","14:00:06",657000
33100,200,18000,"bu","14:00:33",675000
33150,250,2000,"sd","14:01:06",677000
33150,250,1000,"bu","14:01:23",678000
33150,250,500,"bu","14:01:26",678500
33150,250,1000,"bu","14:01:41",679500
33100,200,5000,"bu","14:01:45",684500
33150,250,500,"bu","14:02:05",685000
33150,250,700,"sd","14:02:25",685700
33150,250,1000,"bu","14:02:27",686700
33150,250,2000,"sd","14:03:11",688700
33150,250,100,"sd","14:03:39",688800
33150,250,2000,"sd","14:04:29",690800
33100,200,5000,"bu","14:06:49",695800
33150,250,200,"sd","14:06:53",696000
33100,200,2000,"bu","14:07:12",698000
33100,200,900,"sd","14:07:28",698900
33100,200,3300,"sd","14:08:07",702200
33100,200,100,"sd","14:08:18",702300
33100,200,1000,"bu","14:08:21",703300
33100,200,300,"sd","14:08:25",703600
33100,200,200,"sd","14:08:58",703800
33100,200,1000,"bu","14:09:03",704800
33100,200,3000,"bu","14:09:19",707800
33100,200,19900,"sd","14:09:39",727700
33050,150,8600,"sd","14:09:57",736300
33050,150,100,"bu","14:10:10",736400
33050,150,1100,"sd","14:10:22",737500
33000,100,2000,"sd","14:10:36",739500
33050,150,200,"bu","14:10:38",739700
33050,150,100,"sd","14:11:00",739800
33050,150,200,"bu","14:11:40",740000
33050,150,5000,"bu","14:12:09",745000
33000,100,100,"sd","14:12:36",745100
33000,100,500,"bu","14:12:54",745600
33050,150,100,"sd","14:12:56",745700
33000,100,500,"sd","14:13:19",746200
33050,150,200,"bu","14:13:27",746400
33000,100,100,"bu","14:13:41",746500
33050,150,1400,"sd","14:13:58",747900
33050,150,100,"bu","14:14:05",748000
33050,150,800,"bu","14:14:14",748800
33050,150,200,"sd","14:14:23",749000
33050,150,100,"bu","14:14:34",749100
33050,150,600,"bu","14:16:27",749700
33050,150,300,"bu","14:16:30",750000
33100,200,14500,"bu","14:16:38",764500
33100,200,100,"sd","14:17:07",764600
33100,200,7400,"sd","14:17:22",772000
33100,200,300,"sd","14:18:25",772300
33100,200,3000,"bu","14:18:37",775300
33050,150,1000,"sd","14:18:58",776300
33050,150,6000,"bu","14:20:01",782300
33000,100,8000,"sd","14:20:37",790300
33100,200,100,"bu","14:21:29",790400
33050,150,6700,"sd","14:21:42",797100
33050,150,800,"sd","14:21:44",797900
33100,200,1000,"sd","14:22:14",798900
33100,200,200,"sd","14:22:27",799100
33050,150,1500,"bu","14:22:47",800600
33100,200,2000,"bu","14:22:51",802600
33100,200,3000,"bu","14:23:27",805600
33100,200,600,"sd","14:24:12",806200
33100,200,200,"bu","14:25:52",806400
33100,200,20000,"sd","14:25:57",826400
33100,200,800,"bu","14:26:01",827200
33150,250,2000,"sd","14:26:11",829200
33100,200,500,"bu","14:26:42",829700
33100,200,2000,"sd","14:26:57",831700
33100,200,500,"bu","14:27:13",832200
33100,200,1800,"sd","14:28:31",834000
33100,200,400,"bu","14:28:40",834400
33100,200,400,"sd","14:28:56",834800
33150,250,100,"sd","14:29:09",834900
33100,200,800,"sd","14:29:52",835700
33100,200,40700,"bu","14:45:05",876400
