"price","change","match_qtty","side","time","total_vol"
20050,50,41900,"bu","09:15:05",41900
20050,50,400,"bu","09:16:40",42300
20000,0,500,"sd","09:19:14",42800
20000,0,200,"bu","09:22:48",43000
20000,0,5300,"sd","09:22:53",48300
19950,-50,4300,"bu","09:26:20",52600
19950,-50,300,"bu","09:26:50",52900
19950,-50,1000,"bu","09:28:11",53900
19950,-50,2100,"bu","09:36:34",56000
19900,-100,4000,"sd","09:38:46",60000
19900,-100,3500,"sd","09:39:02",63500
19850,-150,4000,"sd","09:42:57",67500
19850,-150,1700,"bu","09:43:11",69200
19800,-200,5600,"bu","09:44:56",74800
19800,-200,100,"bu","09:45:18",74900
19800,-200,900,"sd","09:45:20",75800
19800,-200,400,"sd","09:45:38",76200
19800,-200,400,"sd","09:48:42",76600
19750,-250,14300,"sd","09:51:23",90900
19750,-250,9000,"bu","09:58:57",99900
19900,-100,2000,"bu","10:02:56",101900
19950,-50,9400,"sd","10:03:37",111300
19950,-50,100,"bu","10:04:18",111400
19950,-50,500,"sd","10:04:21",111900
19950,-50,5000,"bu","10:07:59",116900
19950,-50,2400,"bu","10:08:22",119300
19800,-200,7000,"bu","10:09:48",126300
19750,-250,7000,"bu","10:11:08",133300
19750,-250,8000,"bu","10:12:39",141300
19750,-250,600,"bu","10:13:04",141900
19750,-250,500,"bu","10:13:05",142400
19750,-250,200,"sd","10:13:14",142600
19750,-250,500,"bu","10:13:59",143100
19800,-200,2000,"bu","10:16:25",145100
19950,-50,6800,"bu","10:16:37",151900
19950,-50,200,"sd","10:16:48",152100
19750,-250,7900,"sd","10:19:13",160000
19750,-250,600,"sd","10:19:35",160600
19750,-250,100,"bu","10:19:36",160700
19750,-250,1100,"bu","10:19:53",161800
19750,-250,200,"bu","10:20:02",162000
19750,-250,100,"sd","10:20:06",162100
19750,-250,6800,"bu","10:25:50",168900
19750,-250,2200,"bu","10:26:25",171100
19750,-250,8000,"sd","10:31:16",179100
19750,-250,400,"sd","10:32:01",179500
19750,-250,100,"sd","10:32:16",179600
19750,-250,1000,"sd","10:32:28",180600
19750,-250,500,"bu","10:33:01",181100
19950,-50,6100,"sd","10:33:36",187200
19950,-50,200,"sd","10:33:54",187400
19950,-50,300,"sd","10:34:04",187700
19950,-50,400,"sd","10:34:15",188100
19750,-250,100,"bu","10:36:23",188200
19750,-250,600,"bu","10:36:39",188800
19750,-250,100,"bu","10:37:22",188900
19750,-250,500,"bu","10:40:28",189400
19750,-250,1000,"bu","10:40:36",190400
19750,-250,100,"sd","10:40:49",190500
19750,-250,200,"sd","10:41:05",190700
19750,-250,2000,"sd","10:41:27",192700
19750,-250,400,"bu","10:42:08",193100
19750,-250,2100,"bu","10:48:18",195200
19750,-250,600,"sd","10:49:07",195800
19750,-250,2000,"bu","10:49:37",197800
19750,-250,100,"bu","10:49:43",197900
19750,-250,300,"sd","10:51:47",198200
19750,-250,500,"sd","10:55:48",198700
19750,-250,1500,"bu","10:56:46",200200
19750,-250,500,"sd","10:57:47",200700
19750,-250,100,"bu","10:59:15",200800
19750,-250,1600,"bu","11:04:40",202400
19700,-300,1300,"bu","11:08:29",203700
19750,-250,100,"sd","11:15:05",203800
19750,-250,1300,"bu","11:17:43",205100
19700,-300,9000,"sd","11:21:20",214100
19800,-200,100,"bu","13:06:15",214200
19750,-250,2800,"bu","13:12:20",217000
19750,-250,1000,"sd","13:15:56",218000
19700,-300,9000,"sd","13:16:22",227000
19700,-300,6000,"sd","13:17:22",233000
19700,-300,4600,"bu","13:17:54",237600
19700,-300,500,"sd","13:18:11",238100
19700,-300,100,"bu","13:18:20",238200
19700,-300,200,"bu","13:18:21",238400
19700,-300,600,"sd","13:18:27",239000
19700,-300,4100,"bu","13:21:00",243100
19700,-300,1000,"sd","13:21:01",244100
19700,-300,100,"sd","13:21:15",244200
19700,-300,500,"sd","13:21:31",244700
19700,-300,300,"bu","13:21:40",245000
19700,-300,3800,"bu","13:21:52",248800
19700,-300,100,"sd","13:22:18",248900
19700,-300,400,"bu","13:22:23",249300
19700,-300,100,"bu","13:23:08",249400
19700,-300,600,"sd","13:27:33",250000
19700,-300,100,"bu","13:28:00",250100
19700,-300,400,"sd","13:30:19",250500
19700,-300,500,"sd","13:30:21",251000
19700,-300,200,"sd","13:30:59",251200
19700,-300,100,"bu","13:31:59",251300
19700,-300,2700,"sd","13:32:54",254000
19700,-300,300,"sd","13:33:31",254300
19700,-300,100,"bu","13:34:17",254400
19700,-300,600,"sd","13:35:22",255000
19700,-300,1000,"sd","13:36:26",256000
19700,-300,600,"sd","13:37:12",256600
19700,-300,400,"sd","13:37:58",257000
19650,-350,5000,"sd","13:38:26",262000
19700,-300,1900,"bu","13:39:45",263900
19700,-300,2100,"sd","13:43:32",266000
19700,-300,200,"sd","13:46:53",266200
19700,-300,200,"sd","13:49:48",266400
19650,-350,11000,"bu","13:50:38",277400
19700,-300,200,"sd","13:51:10",277600
19650,-350,19300,"sd","13:51:15",296900
19650,-350,100,"bu","13:51:22",297000
19650,-350,500,"sd","13:51:46",297500
19650,-350,100,"bu","13:52:03",297600
19650,-350,400,"sd","13:52:08",298000
19650,-350,100,"bu","13:52:16",298100
19650,-350,1500,"bu","13:52:45",299600
19650,-350,100,"bu","13:54:11",299700
19650,-350,6000,"bu","13:56:45",305700
19650,-350,500,"bu","13:57:21",306200
19650,-350,700,"sd","13:57:47",306900
19650,-350,900,"bu","13:57:55",307800
19650,-350,4000,"sd","14:00:35",311800
19650,-350,3000,"sd","14:02:56",314800
19650,-350,100,"sd","14:03:07",314900
19650,-350,800,"bu","14:04:28",315700
19650,-350,2100,"sd","14:04:36",317800
19650,-350,500,"bu","14:10:04",318300
19650,-350,3700,"bu","14:10:48",322000
19650,-350,300,"bu","14:12:22",322300
19700,-300,2000,"sd","14:15:07",324300
19650,-350,3200,"sd","14:15:43",327500
19650,-350,500,"bu","14:16:15",328000
19650,-350,100,"bu","14:16:16",328100
19650,-350,1100,"bu","14:17:05",329200
19650,-350,100,"bu","14:17:10",329300
19600,-400,8000,"sd","14:17:16",337300
19600,-400,7000,"bu","14:17:44",344300
19600,-400,8000,"sd","14:17:59",352300
19600,-400,8200,"bu","14:18:10",360500
19600,-400,800,"bu","14:18:16",361300
19650,-350,2000,"sd","14:19:48",363300
19650,-350,200,"sd","14:20:06",363500
19650,-350,500,"sd","14:20:08",364000
19650,-350,13300,"bu","14:22:49",377300
19650,-350,500,"bu","14:23:16",377800
19650,-350,500,"sd","14:23:25",378300
19650,-350,100,"bu","14:23:43",378400
19650,-350,600,"sd","14:24:09",379000
19700,-300,4800,"sd","14:25:12",383800
19800,-200,3200,"sd","14:26:50",387000
19800,-200,100,"sd","14:27:35",387100
19800,-200,400,"sd","14:27:54",387500
19900,-100,2000,"bu","14:27:58",389500
19800,-200,300,"bu","14:28:46",389800
19800,-200,400,"sd","14:30:01",390200
20000,0,93800,"sd","14:45:08",484000
