"price","change","match_qtty","side","time","total_vol"
103900,0,17200,"bu","09:15:03",17200
103900,0,100,"bu","09:15:31",17300
103900,0,300,"bu","09:16:05",17600
104000,100,600,"bu","09:16:40",18200
104000,100,100,"bu","09:16:51",18300
104000,100,500,"sd","09:17:54",18800
104100,200,100,"sd","09:17:57",18900
104100,200,600,"sd","09:19:45",19500
104000,100,200,"bu","09:19:48",19700
104000,100,1200,"sd","09:20:00",20900
104000,100,1200,"bu","09:20:41",22100
103800,-100,500,"sd","09:20:52",27800
103800,-100,100,"bu","09:20:55",27900
103800,-100,500,"bu","09:21:22",28400
103800,-100,200,"bu","09:21:40",28600
103900,0,100,"bu","09:22:01",28700
103900,0,1500,"sd","09:23:33",30200
103900,0,500,"sd","09:23:33",29300
103900,0,1200,"sd","09:23:42",30500
103900,0,400,"sd","09:24:02",30900
103800,-100,2400,"sd","09:25:22",33300
104000,100,800,"bu","09:25:26",34100
104000,100,100,"bu","09:25:26",34200
103800,-100,200,"bu","09:25:27",34400
103700,-200,900,"bu","09:25:52",35300
103700,-200,1300,"bu","09:27:20",36600
103800,-100,100,"sd","09:27:43",36700
103800,-100,700,"sd","09:30:29",37400
103800,-100,200,"sd","09:30:53",37600
103700,-200,100,"sd","09:31:05",37700
103800,-100,300,"bu","09:31:17",38000
103800,-100,100,"sd","09:31:21",38100
103800,-100,200,"sd","09:31:36",38300
103800,-100,100,"bu","09:31:49",38400
103800,-100,400,"bu","09:32:52",38800
103700,-200,200,"sd","09:32:59",39000
103700,-200,100,"sd","09:33:02",39100
103700,-200,1300,"sd","09:36:45",40400
103700,-200,100,"bu","09:37:28",40500
103600,-300,2300,"bu","09:37:40",42800
103600,-300,400,"sd","09:37:42",43200
103700,-200,100,"bu","09:38:02",43300
103700,-200,200,"bu","09:38:39",43500
103600,-300,3200,"bu","09:39:54",46700
103700,-200,100,"sd","09:40:02",46800
103500,-400,1700,"sd","09:40:19",48500
103500,-400,1200,"bu","09:40:28",49700
103500,-400,200,"sd","09:40:32",49900
103600,-300,300,"bu","09:41:04",50200
103600,-300,200,"sd","09:41:14",50400
103600,-300,400,"bu","09:41:26",50800
103600,-300,1300,"bu","09:42:16",52100
103500,-400,200,"sd","09:42:22",52300
103500,-400,200,"sd","09:42:24",52500
103500,-400,200,"bu","09:42:25",52700
103500,-400,100,"bu","09:42:32",52800
103600,-300,300,"bu","09:42:42",53100
103600,-300,100,"sd","09:42:48",53200
103500,-400,500,"sd","09:44:03",53700
103500,-400,100,"bu","09:44:12",53800
103500,-400,900,"sd","09:44:33",54700
103400,-500,400,"sd","09:44:42",55100
103300,-600,200,"sd","09:46:11",55600
103500,-400,100,"bu","09:46:13",55700
103500,-400,800,"sd","09:48:04",56500
103500,-400,100,"sd","09:48:10",56600
103300,-600,2300,"bu","09:50:47",58900
103200,-700,300,"sd","09:50:53",59200
103300,-600,600,"sd","09:51:22",59800
103200,-700,100,"sd","09:51:23",59900
103300,-600,1300,"sd","09:51:24",61200
103300,-600,200,"bu","09:51:32",61400
103200,-700,200,"sd","09:51:50",61600
103300,-600,1000,"bu","09:54:11",62600
103300,-600,400,"sd","09:55:36",63000
103300,-600,1300,"sd","09:57:29",64300
103300,-600,100,"sd","09:58:16",64400
103400,-500,1700,"bu","10:03:06",66100
103300,-600,300,"sd","10:03:13",66400
103400,-500,400,"sd","10:03:19",66800
103400,-500,200,"bu","10:03:22",67000
103300,-600,100,"sd","10:03:23",67100
103300,-600,500,"bu","10:05:01",67600
103400,-500,100,"bu","10:05:38",67700
103300,-600,200,"sd","10:06:54",67900
103300,-600,300,"bu","10:09:08",68200
103300,-600,300,"bu","10:10:40",68500
103300,-600,100,"bu","10:11:03",68600
103400,-500,400,"sd","10:11:52",69000
103300,-600,300,"sd","10:14:01",69300
103300,-600,200,"bu","10:14:26",69500
103300,-600,300,"bu","10:16:28",69800
103300,-600,200,"sd","10:18:12",70000
103300,-600,3000,"bu","10:18:20",73000
103200,-700,600,"sd","10:18:23",73600
103200,-700,100,"bu","10:18:33",73700
103300,-600,500,"bu","10:18:52",74200
103300,-600,100,"sd","10:18:53",74300
103200,-700,1000,"sd","10:22:00",75300
103400,-500,100,"bu","10:23:43",75400
103200,-700,300,"sd","10:23:53",75700
103200,-700,400,"sd","10:24:15",76100
103200,-700,200,"bu","10:24:34",76300
103200,-700,1000,"sd","10:24:40",77300
103300,-600,200,"sd","10:24:43",77500
103300,-600,200,"sd","10:25:19",77700
103100,-800,600,"bu","10:27:38",78300
103200,-700,500,"bu","10:27:44",78800
103100,-800,100,"bu","10:27:52",78900
103000,-900,1200,"sd","10:33:17",80100
103000,-900,100,"bu","10:33:31",80200
103000,-900,1400,"bu","10:38:56",81600
103000,-900,500,"sd","10:40:50",82100
103200,-700,1000,"bu","10:40:56",83100
103100,-800,200,"bu","10:41:22",83300
103500,-400,1000,"sd","10:41:23",84300
103400,-500,200,"bu","10:41:36",84500
103600,-300,2300,"bu","10:42:10",86800
103100,-800,100,"bu","10:42:42",86900
103500,-400,400,"bu","10:42:43",87300
103400,-500,100,"sd","10:42:49",87400
102900,-1000,6100,"sd","10:43:14",93500
102900,-1000,100,"sd","10:43:16",93600
103000,-900,1300,"sd","10:43:22",94900
102900,-1000,400,"sd","10:43:23",95300
103000,-900,100,"sd","10:43:30",95400
103000,-900,400,"sd","10:44:03",95800
102900,-1000,500,"bu","10:44:36",96300
103000,-900,100,"bu","10:44:42",96400
103000,-900,1200,"sd","10:46:29",97600
103000,-900,1200,"sd","10:46:54",98800
103000,-900,200,"sd","10:47:03",99000
103100,-800,100,"bu","10:48:03",99100
103000,-900,300,"bu","10:48:21",99400
103000,-900,1500,"bu","10:50:35",100900
103600,-300,5100,"bu","10:52:14",106000
103100,-800,100,"sd","10:52:31",106100
103500,-400,1300,"bu","10:53:23",107400
103100,-800,300,"bu","10:55:27",107700
103100,-800,200,"bu","10:55:54",107900
103600,-300,2000,"bu","10:56:10",109900
103500,-400,900,"bu","10:56:43",110800
103600,-300,300,"bu","10:57:06",111100
103200,-700,300,"bu","10:57:47",111400
103100,-800,1200,"bu","11:03:26",112600
103100,-800,100,"bu","11:05:12",112700
103100,-800,200,"sd","11:05:20",112900
103100,-800,500,"sd","11:06:12",113400
103100,-800,100,"bu","11:06:14",113500
103200,-700,900,"sd","11:10:58",114400
103200,-700,100,"bu","11:12:14",114500
103200,-700,500,"sd","11:12:19",115000
103200,-700,100,"sd","11:12:23",115100
103100,-800,600,"bu","11:14:44",115700
103200,-700,100,"sd","11:14:56",115800
103100,-800,200,"bu","11:16:37",116000
103200,-700,100,"bu","11:17:23",116100
103100,-800,200,"sd","11:18:31",116300
103500,-400,100,"sd","11:19:10",116400
103200,-700,300,"bu","11:20:23",116700
103200,-700,100,"bu","11:22:15",116800
103200,-700,200,"bu","11:22:16",117000
103200,-700,300,"sd","11:24:41",117300
103200,-700,400,"bu","11:26:03",117700
103200,-700,100,"bu","11:27:07",117800
103500,-400,400,"sd","11:27:31",118200
103200,-700,100,"bu","11:27:55",118300
103200,-700,1300,"sd","13:00:26",119600
103300,-600,200,"sd","13:00:29",119800
103300,-600,700,"bu","13:00:51",120500
103300,-600,1700,"sd","13:01:59",122200
103300,-600,100,"sd","13:02:00",122300
103400,-500,300,"sd","13:02:03",122600
103300,-600,200,"bu","13:02:36",122800
103400,-500,100,"sd","13:02:43",122900
103300,-600,200,"bu","13:03:09",123100
103500,-400,100,"sd","13:03:10",123200
103300,-600,400,"sd","13:04:39",123600
103500,-400,3000,"sd","13:05:13",126600
103600,-300,600,"sd","13:05:23",127200
103600,-300,500,"bu","13:06:10",127700
103600,-300,300,"bu","13:06:54",128000
103500,-400,200,"sd","13:08:45",128200
103500,-400,100,"bu","13:09:19",128300
103500,-400,300,"sd","13:10:49",128600
103600,-300,100,"sd","13:11:09",128700
103500,-400,300,"sd","13:12:52",129000
103500,-400,300,"bu","13:14:09",129300
103500,-400,100,"bu","13:14:11",129400
103500,-400,200,"sd","13:14:56",129600
103500,-400,100,"sd","13:15:40",129700
103500,-400,3300,"bu","13:15:48",133000
103400,-500,600,"bu","13:15:53",133600
103500,-400,100,"bu","13:16:03",133700
103500,-400,300,"sd","13:16:35",134000
103500,-400,100,"bu","13:16:39",134100
103500,-400,300,"bu","13:16:57",134400
103500,-400,500,"bu","13:17:16",134900
103500,-400,100,"bu","13:17:23",135000
103400,-500,400,"sd","13:17:54",135400
103500,-400,200,"sd","13:18:02",135600
103500,-400,100,"sd","13:18:03",135700
103400,-500,300,"bu","13:19:01",136000
103400,-500,100,"sd","13:19:05",136100
103400,-500,800,"bu","13:19:58",136900
103400,-500,200,"bu","13:20:04",137100
103400,-500,200,"bu","13:21:04",137300
103400,-500,100,"sd","13:21:31",137400
103400,-500,300,"sd","13:23:07",137700
103400,-500,100,"sd","13:23:56",137800
103500,-400,1100,"bu","13:28:38",138900
103400,-500,200,"bu","13:28:44",139100
103400,-500,300,"sd","13:29:16",139400
103500,-400,100,"sd","13:29:50",139500
103700,-200,800,"bu","13:31:02",140300
103600,-300,100,"sd","13:31:03",140400
103700,-200,1000,"sd","13:35:10",141400
103500,-400,200,"sd","13:35:26",141600
103500,-400,1100,"sd","13:38:59",142700
103400,-500,100,"bu","13:39:03",142800
103300,-600,1100,"bu","13:39:32",143900
103200,-700,1400,"sd","13:39:43",145300
103500,-400,600,"sd","13:40:15",145900
103300,-600,100,"sd","13:40:44",146000
103300,-600,300,"sd","13:40:47",146300
103300,-600,200,"bu","13:41:30",146500
103200,-700,300,"sd","13:43:27",146800
103200,-700,200,"bu","13:43:38",147000
103200,-700,400,"bu","13:43:54",147400
103300,-600,100,"bu","13:44:03",147500
103200,-700,300,"sd","13:45:41",147800
103200,-700,100,"sd","13:45:53",147900
103200,-700,200,"sd","13:47:31",148100
103200,-700,300,"sd","13:48:19",148400
103200,-700,1200,"sd","13:48:38",149600
103200,-700,400,"sd","13:48:43",150000
103200,-700,300,"sd","13:49:15",150300
103200,-700,400,"bu","13:49:48",150700
103200,-700,400,"sd","13:49:55",151100
103200,-700,300,"bu","13:50:28",151400
103100,-800,500,"sd","13:50:45",151900
103200,-700,300,"bu","13:51:10",152200
103100,-800,100,"bu","13:51:15",152300
103200,-700,200,"bu","13:51:28",152500
103100,-800,100,"sd","13:51:34",152600
103100,-800,300,"sd","13:51:51",152900
103100,-800,100,"bu","13:51:56",153000
103200,-700,500,"bu","13:52:22",153500
103200,-700,500,"sd","13:52:36",154000
103300,-600,500,"bu","13:52:48",154500
103100,-800,200,"sd","13:53:03",154700
103100,-800,100,"sd","13:53:06",154800
103200,-700,200,"sd","13:53:28",155000
103200,-700,100,"sd","13:53:35",155100
103200,-700,600,"sd","13:55:57",155700
103200,-700,100,"bu","13:56:05",155800
103300,-600,200,"sd","13:56:08",156000
103200,-700,100,"sd","13:56:16",156100
103200,-700,500,"bu","13:56:41",156600
103200,-700,200,"sd","13:56:45",156800
103300,-600,500,"sd","13:56:49",157300
103200,-700,200,"sd","13:57:29",157500
103100,-800,100,"bu","13:57:35",157600
103100,-800,400,"bu","13:58:01",158000
103100,-800,100,"sd","13:58:04",158100
103200,-700,300,"sd","14:00:04",158400
103200,-700,100,"bu","14:00:06",158500
103000,-900,18100,"sd","14:06:22",176600
103000,-900,100,"bu","14:06:37",176700
103000,-900,200,"bu","14:07:03",176900
103000,-900,300,"sd","14:08:25",177200
102900,-1000,1000,"sd","14:08:30",178200
103000,-900,100,"sd","14:09:07",178300
103000,-900,300,"sd","14:11:16",178600
103000,-900,600,"bu","14:11:33",179200
103000,-900,400,"bu","14:12:34",179600
103000,-900,200,"sd","14:12:43",179800
102900,-1000,100,"sd","14:12:51",179900
102900,-1000,600,"sd","14:12:58",180500
102900,-1000,100,"bu","14:14:07",180600
103000,-900,5200,"sd","14:14:32",185800
103000,-900,100,"bu","14:14:44",185900
103000,-900,500,"sd","14:15:30",186400
103500,-400,1800,"sd","14:17:29",188200
103500,-400,200,"sd","14:18:22",188400
103500,-400,400,"sd","14:18:37",188800
103500,-400,500,"sd","14:18:42",189300
103500,-400,200,"bu","14:19:44",189500
103500,-400,300,"bu","14:20:24",189800
103500,-400,200,"bu","14:20:53",190000
103500,-400,300,"sd","14:21:57",190300
103000,-900,300,"bu","14:24:45",190600
103000,-900,300,"sd","14:25:23",190900
103500,-400,200,"sd","14:25:46",191100
103000,-900,200,"bu","14:26:57",191300
103500,-400,400,"bu","14:27:07",191700
103400,-500,100,"bu","14:28:31",191800
103400,-500,500,"sd","14:28:38",192300
103400,-500,1400,"bu","14:29:11",193700
103400,-500,700,"bu","14:29:29",194400
103400,-500,13400,"sd","14:45:05",207800
