"price","change","match_qtty","side","time","total_vol"
84600,100,21700,"bu","09:15:05",21700
84500,0,100,"sd","09:15:22",21800
84500,0,1600,"bu","09:15:27",23400
84500,0,1000,"bu","09:16:06",25700
84500,0,100,"bu","09:16:16",25800
84500,0,300,"bu","09:16:19",26100
84300,-200,700,"bu","09:16:41",26800
84400,-100,400,"bu","09:17:29",27300
84500,0,500,"sd","09:17:32",27800
84500,0,3200,"sd","09:17:41",31000
84500,0,5900,"sd","09:17:45",36900
84400,-100,2800,"bu","09:17:55",39700
84400,-100,6500,"bu","09:18:02",46200
84400,-100,2600,"bu","09:18:13",48800
84400,-100,1000,"sd","09:18:20",49800
84400,-100,4900,"bu","09:18:27",54700
84500,0,6300,"bu","09:18:34",61000
84400,-100,500,"sd","09:18:37",61500
84500,0,5000,"sd","09:18:46",66500
84500,0,8700,"bu","09:19:00",75200
84500,0,11000,"sd","09:19:09",86200
84600,100,2000,"bu","09:19:22",88300
84500,0,500,"sd","09:19:34",88800
84500,0,3000,"sd","09:19:44",91800
84500,0,2000,"bu","09:19:45",93800
84500,0,500,"sd","09:20:02",94300
84500,0,600,"sd","09:20:08",94900
84400,-100,300,"bu","09:20:12",95200
84500,0,1000,"bu","09:20:12",96200
84400,-100,300,"sd","09:20:21",96500
84400,-100,100,"bu","09:20:27",96600
84400,-100,1100,"sd","09:20:31",97700
84500,0,100,"bu","09:21:39",98100
84500,0,600,"bu","09:22:41",98700
84500,0,1000,"sd","09:23:09",99700
84400,-100,300,"bu","09:23:12",100000
84400,-100,4500,"bu","09:23:25",104500
84500,0,1700,"sd","09:23:31",106200
84400,-100,1800,"bu","09:23:32",108000
84400,-100,500,"sd","09:23:42",108500
84400,-100,100,"sd","09:23:52",108600
84400,-100,1900,"sd","09:23:58",110500
84500,0,1800,"sd","09:24:01",112300
84400,-100,1100,"sd","09:24:02",113400
84400,-100,300,"bu","09:24:12",113700
84400,-100,200,"sd","09:24:13",113900
84500,0,1100,"bu","09:24:31",115000
84500,0,500,"bu","09:24:40",115500
84400,-100,400,"sd","09:24:42",115900
84400,-100,100,"sd","09:24:52",116000
84600,100,13600,"sd","09:25:01",129600
84500,0,200,"bu","09:25:17",129800
84500,0,1100,"bu","09:25:31",130900
84400,-100,300,"bu","09:25:32",131200
84500,0,500,"bu","09:25:46",131700
84400,-100,100,"bu","09:25:51",131800
84500,0,1000,"sd","09:25:59",132800
84400,-100,1200,"sd","09:26:02",134000
84500,0,700,"sd","09:26:31",134700
84400,-100,100,"sd","09:26:41",134800
84500,0,2200,"sd","09:26:49",137000
84500,0,600,"bu","09:26:52",137600
84500,0,1100,"bu","09:26:55",138700
84600,100,1300,"sd","09:27:01",140000
84500,0,900,"sd","09:27:02",140900
84500,0,200,"sd","09:27:03",141100
84500,0,300,"sd","09:27:12",141400
84600,100,600,"sd","09:27:24",142000
84600,100,900,"sd","09:27:31",142900
84500,0,400,"bu","09:27:32",143300
84500,0,100,"bu","09:27:42",143400
84500,0,500,"sd","09:27:49",143900
84500,0,100,"sd","09:27:52",144000
84600,100,600,"sd","09:28:01",144600
84500,0,200,"sd","09:28:02",144800
84600,100,500,"sd","09:28:04",145300
84500,0,200,"bu","09:28:12",145500
84600,100,100,"sd","09:28:22",145600
84600,100,400,"bu","09:28:31",146000
84500,0,100,"sd","09:28:32",146100
84500,0,300,"sd","09:29:27",146400
84500,0,500,"bu","09:30:43",146900
84500,0,100,"bu","09:30:53",147000
84500,0,10000,"sd","09:31:18",157000
84400,-100,2900,"sd","09:31:22",159900
84500,0,1900,"sd","09:31:32",161800
84500,0,500,"bu","09:31:42",162300
84500,0,800,"bu","09:31:52",163100
84600,100,900,"bu","09:32:01",164000
84500,0,200,"sd","09:32:12",164200
84500,0,2000,"bu","09:32:28",166200
84500,0,1500,"bu","09:32:32",167700
84400,-100,400,"sd","09:32:42",168100
84500,0,100,"sd","09:32:52",168200
84400,-100,1000,"bu","09:32:56",169200
84500,0,300,"sd","09:33:02",169500
84500,0,600,"sd","09:33:07",170100
84400,-100,200,"bu","09:33:12",170300
84500,0,300,"sd","09:33:31",170600
84500,0,100,"bu","09:33:39",170700
84500,0,1300,"bu","09:33:57",172000
84600,100,500,"sd","09:34:02",172500
84500,0,600,"sd","09:34:12",173100
84600,100,300,"sd","09:34:31",173400
84500,0,1000,"bu","09:35:13",174400
84500,0,5300,"sd","09:35:22",179700
84500,0,4900,"sd","09:35:32",184600
84500,0,900,"sd","09:35:42",185500
84500,0,200,"bu","09:35:52",185700
84600,100,1500,"sd","09:36:01",187200
84500,0,500,"bu","09:36:02",187700
84500,0,100,"sd","09:36:12",187800
84700,200,1000,"bu","09:36:30",188800
84700,200,2200,"bu","09:36:31",191000
84600,100,300,"sd","09:36:49",191300
84600,100,400,"bu","09:37:01",191700
84500,0,300,"sd","09:37:13",192000
84500,0,300,"bu","09:37:40",192300
84500,0,200,"bu","09:38:01",192500
84600,100,100,"sd","09:38:02",192600
84600,100,500,"sd","09:39:14",193100
84500,0,100,"bu","09:39:22",193200
84600,100,1300,"bu","09:45:25",194500
84600,100,200,"bu","09:45:32",194700
84500,0,300,"bu","09:45:32",195000
84500,0,17100,"sd","09:45:49",212100
84400,-100,5100,"bu","09:45:52",217200
84500,0,6800,"sd","09:46:01",224000
84400,-100,3500,"sd","09:46:02",227500
84400,-100,1000,"bu","09:46:12",228500
84400,-100,300,"bu","09:46:22",228800
84500,0,3100,"sd","09:46:31",231900
84400,-100,1000,"bu","09:46:32",232900
84400,-100,300,"bu","09:46:42",233200
84500,0,500,"bu","09:47:13",233700
84500,0,100,"bu","09:47:22",233800
84500,0,1400,"bu","09:52:40",235200
84400,-100,300,"sd","09:52:42",235500
84500,0,400,"bu","09:53:01",235900
84400,-100,100,"sd","09:53:02",236000
84400,-100,400,"sd","09:54:25",236400
84400,-100,200,"sd","09:54:49",236600
84500,0,500,"sd","09:54:58",237100
84400,-100,600,"bu","09:54:59",237700
84500,0,300,"bu","09:55:01",238000
84400,-100,400,"sd","09:55:02",238400
84500,0,300,"bu","09:55:32",238700
84400,-100,300,"bu","09:57:41",239000
84500,0,300,"sd","09:58:18",239300
84500,0,4000,"sd","09:58:28",243300
84500,0,1200,"bu","09:58:31",244500
84400,-100,1500,"bu","09:58:32",246000
84400,-100,100,"sd","09:58:36",246100
84500,0,1600,"bu","09:59:01",247700
84400,-100,300,"bu","09:59:02",248000
84500,0,2000,"sd","09:59:17",250000
84500,0,600,"bu","09:59:23",250600
84500,0,1600,"sd","09:59:32",252200
84500,0,300,"bu","09:59:34",252500
84500,0,200,"sd","09:59:42",252700
84500,0,300,"sd","09:59:48",253000
84500,0,100,"bu","09:59:52",253100
84500,0,1300,"sd","10:00:02",254400
84500,0,200,"bu","10:00:31",254600
84600,100,300,"sd","10:00:32",254900
84500,0,1100,"bu","10:01:03",256000
84500,0,300,"sd","10:01:10",256300
84400,-100,400,"bu","10:01:12",256700
84400,-100,100,"sd","10:01:23",256800
84500,0,500,"bu","10:01:31",257300
84400,-100,100,"bu","10:01:32",257400
84500,0,500,"sd","10:05:34",257900
84400,-100,1300,"bu","10:05:42",259200
84400,-100,100,"bu","10:05:48",259300
84500,0,600,"bu","10:06:02",259900
84400,-100,100,"sd","10:06:03",260000
84500,0,300,"bu","10:07:05",260300
84500,0,100,"sd","10:07:15",260400
84400,-100,1000,"bu","10:08:13",261400
84400,-100,200,"bu","10:08:23",261600
84500,0,300,"sd","10:08:32",261900
84400,-100,100,"bu","10:08:33",262000
84400,-100,1100,"bu","10:09:09",263100
84400,-100,300,"bu","10:09:12",263400
84500,0,400,"bu","10:09:32",263800
84400,-100,100,"bu","10:09:33",263900
84400,-100,10200,"sd","10:13:43",274100
84300,-200,2400,"bu","10:13:52",276500
84300,-200,600,"sd","10:13:53",277100
84400,-100,900,"bu","10:14:03",278000
84400,-100,3000,"sd","10:14:10",281000
84300,-200,1100,"bu","10:14:13",282100
84300,-200,300,"sd","10:14:23",282400
84400,-100,1000,"sd","10:14:43",283400
84400,-100,600,"sd","10:14:45",284000
84300,-200,400,"sd","10:14:52",284400
84300,-200,700,"bu","10:15:02",285100
84300,-200,200,"sd","10:15:13",285300
84300,-200,100,"bu","10:15:19",285400
84400,-100,300,"sd","10:15:32",285700
84400,-100,100,"bu","10:16:50",285800
84200,-300,3000,"sd","10:17:52",288800
84300,-200,900,"bu","10:18:03",289700
84200,-300,200,"sd","10:18:13",289900
84300,-200,300,"bu","10:18:32",290200
84300,-200,100,"bu","10:19:20",290300
84300,-200,500,"bu","10:19:38",290800
84300,-200,100,"sd","10:19:42",290900
84300,-200,4500,"bu","10:19:54",295400
84400,-100,1500,"sd","10:20:02",296900
84200,-300,1300,"sd","10:20:03",298200
84200,-300,800,"bu","10:20:13",299000
84200,-300,200,"bu","10:20:22",299200
84300,-200,1000,"sd","10:21:03",300200
84300,-200,300,"bu","10:21:13",300500
84400,-100,300,"sd","10:21:32",300800
84300,-200,800,"bu","10:22:13",301600
84200,-300,200,"sd","10:22:23",301800
84300,-200,300,"sd","10:23:11",302100
84200,-300,300,"bu","10:23:58",302400
84200,-300,500,"bu","10:25:09",302900
84200,-300,700,"sd","10:26:01",303600
84000,-500,23600,"bu","10:26:10",327200
84000,-500,2900,"bu","10:26:11",330100
84000,-500,100,"bu","10:26:12",330200
83900,-600,7900,"bu","10:26:13",338100
83800,-700,2400,"sd","10:26:23",340500
83900,-600,2000,"bu","10:26:30",342500
83800,-700,12900,"bu","10:26:33",355400
83800,-700,3800,"sd","10:26:43",359200
83800,-700,1100,"sd","10:26:52",360300
83900,-600,300,"sd","10:27:03",360600
84000,-500,2300,"bu","10:27:05",362900
83900,-600,700,"bu","10:27:13",363600
84000,-500,200,"bu","10:27:17",363800
83900,-600,100,"sd","10:27:18",363900
83900,-600,300,"sd","10:27:22",364200
84000,-500,1000,"sd","10:27:23",365200
84000,-500,4000,"sd","10:27:31",369200
84000,-500,2600,"sd","10:27:32",371800
83900,-600,1500,"sd","10:27:33",373300
84000,-500,100,"sd","10:27:36",373400
84000,-500,2000,"bu","10:27:42",375400
83900,-600,1800,"bu","10:27:43",377200
84000,-500,1700,"sd","10:27:46",378900
84000,-500,1000,"bu","10:27:52",379900
84100,-400,300,"bu","10:28:02",380200
84100,-400,100,"sd","10:28:05",380300
84100,-400,800,"sd","10:28:22",381100
84200,-300,100,"sd","10:28:33",381200
84400,-100,1000,"bu","10:29:20",382200
84300,-200,300,"bu","10:29:32",382500
84200,-300,100,"sd","10:29:37",382600
84300,-200,1600,"bu","10:31:17",384200
84200,-300,100,"sd","10:31:22",384300
84200,-300,200,"sd","10:31:24",384500
84300,-200,200,"bu","10:31:32",384700
84300,-200,400,"sd","10:33:31",385100
84300,-200,100,"sd","10:33:48",385200
84100,-400,10400,"sd","10:38:28",395600
84200,-300,3000,"sd","10:38:33",398600
84100,-400,400,"sd","10:38:40",399000
84000,-500,1000,"bu","10:38:43",400000
84000,-500,300,"sd","10:38:53",400300
84100,-400,5000,"bu","10:38:54",405300
84000,-500,4400,"sd","10:39:03",409700
84000,-500,1300,"bu","10:39:13",411000
84000,-500,10000,"sd","10:39:15",421000
84000,-500,300,"sd","10:39:19",421300
83900,-600,3400,"sd","10:39:23",424700
84000,-500,5000,"bu","10:39:27",429700
84000,-500,500,"sd","10:39:29",430200
84000,-500,400,"sd","10:39:30",430600
84100,-400,5800,"sd","10:39:32",436400
84000,-500,3700,"sd","10:39:38",440100
84000,-500,800,"sd","10:39:42",440900
84000,-500,1300,"bu","10:39:43",442200
84000,-500,300,"sd","10:39:52",442500
84000,-500,100,"bu","10:39:55",442600
84100,-400,400,"bu","10:40:17",443000
84100,-400,600,"bu","10:41:26",443600
84200,-300,100,"bu","10:41:33",443700
84300,-200,1600,"bu","10:46:30",445300
84300,-200,500,"sd","10:46:33",445800
84300,-200,300,"sd","10:47:29",446100
84300,-200,500,"sd","10:48:19",446600
84200,-300,100,"bu","10:48:23",446700
84300,-200,2600,"bu","10:49:20",449300
84200,-300,700,"sd","10:49:22",450000
84200,-300,1100,"sd","10:49:32",451100
84200,-300,300,"sd","10:49:43",451400
84300,-200,100,"sd","10:50:02",451500
84300,-200,300,"sd","10:52:50",451800
84300,-200,200,"bu","10:53:40",452000
84200,-300,500,"sd","10:56:13",452500
84300,-200,1000,"bu","10:59:34",453500
84400,-100,600,"bu","10:59:58",454100
84400,-100,200,"sd","11:00:02",454300
84300,-200,100,"sd","11:00:14",454400
84200,-300,3400,"sd","11:07:20",457800
84200,-300,900,"sd","11:07:23",458700
84300,-200,200,"bu","11:07:33",458900
84300,-200,900,"bu","11:07:45",459800
84200,-300,100,"sd","11:07:53",459900
84300,-200,300,"sd","11:08:03",460200
84400,-100,1300,"bu","11:08:06",461500
84400,-100,400,"sd","11:08:35",461900
84300,-200,300,"bu","11:14:13",462200
84300,-200,100,"bu","11:14:38",462300
84300,-200,1600,"sd","11:16:07",463900
84200,-300,400,"sd","11:16:13",464300
84200,-300,100,"bu","11:16:23",464400
84300,-200,1000,"bu","11:17:32",465400
84300,-200,100,"sd","11:22:35",465500
84300,-200,2800,"bu","11:22:41",468300
84300,-200,800,"sd","11:22:43",469100
84300,-200,200,"bu","11:22:53",469300
84400,-100,1100,"bu","11:23:02",470400
84300,-200,300,"sd","11:23:03",470700
84400,-100,100,"sd","11:23:23",470800
84300,-200,400,"bu","11:23:24",471200
84400,-100,500,"sd","11:23:30",471700
84400,-100,700,"bu","11:23:32",472400
84300,-200,500,"sd","11:23:34",472900
84300,-200,100,"bu","11:23:42",473000
84400,-100,500,"bu","11:24:03",473500
84300,-200,100,"bu","11:24:13",473600
84300,-200,400,"bu","11:24:35",474000
84300,-200,4100,"bu","11:24:42",478100
84300,-200,1300,"bu","11:24:53",479400
84400,-100,1700,"sd","11:25:02",481100
84300,-200,800,"sd","11:25:03",481900
84300,-200,200,"bu","11:25:14",482100
84400,-100,800,"sd","11:25:32",482900
84300,-200,200,"bu","11:25:44",483100
84300,-200,900,"bu","11:25:51",484000
84300,-200,300,"sd","11:25:53",484300
84300,-200,1000,"sd","11:25:56",485300
84300,-200,1500,"sd","11:26:03",486800
84300,-200,100,"sd","11:26:14",486900
84400,-100,400,"sd","11:26:33",487300
84300,-200,6500,"bu","11:26:40",493800
84300,-200,2000,"sd","11:26:43",495800
84300,-200,2100,"sd","11:26:53",497900
84400,-100,3300,"sd","11:27:02",501200
84300,-200,1400,"bu","11:27:04",502600
84500,0,2000,"sd","11:27:11",504600
84500,0,2000,"bu","11:27:33",506600
84400,-100,100,"bu","11:27:39",506700
84500,0,900,"sd","11:28:32",507600
84500,0,100,"sd","11:28:50",507700
84500,0,300,"sd","13:00:13",508000
84400,-100,1300,"bu","13:00:29",509300
84400,-100,100,"sd","13:00:35",509400
84500,0,2000,"sd","13:00:40",511400
84500,0,100,"bu","13:00:41",511500
84500,0,200,"sd","13:00:43",511700
84500,0,500,"sd","13:00:44",512200
84400,-100,200,"bu","13:00:46",512400
84300,-200,900,"sd","13:00:47",513300
84400,-100,500,"sd","13:00:50",513800
84300,-200,1600,"sd","13:00:53",515400
84500,0,100,"bu","13:00:58",515500
84500,0,600,"bu","13:01:02",516100
84400,-100,100,"sd","13:01:22",516200
84400,-100,200,"bu","13:01:33",516400
84400,-100,100,"bu","13:01:47",516500
84400,-100,300,"bu","13:05:16",516800
84400,-100,200,"bu","13:05:44",517000
84400,-100,500,"bu","13:06:10",517500
84300,-200,100,"sd","13:06:13",517600
84200,-300,4000,"sd","13:06:26",521600
84300,-200,1200,"bu","13:06:33",522800
84200,-300,300,"sd","13:06:43",523100
84300,-200,100,"bu","13:07:28",523200
84300,-200,300,"sd","13:07:51",523500
84300,-200,800,"bu","13:08:22",524300
84300,-200,200,"sd","13:08:24",524500
84300,-200,300,"sd","13:08:30",524800
84200,-300,400,"bu","13:08:33",525200
84200,-300,1100,"bu","13:08:46",526300
84200,-300,300,"bu","13:08:53",526600
84300,-200,400,"sd","13:09:03",527000
84200,-300,200,"sd","13:09:04",527200
84200,-300,1500,"sd","13:09:11",528700
84100,-400,1500,"bu","13:09:14",530200
84100,-400,400,"bu","13:09:23",530600
84200,-300,200,"sd","13:09:27",530800
84200,-300,1200,"sd","13:09:32",532000
84100,-400,500,"bu","13:09:34",532500
84200,-300,100,"bu","13:09:37",532600
84200,-300,1000,"sd","13:09:39",533600
84100,-400,400,"sd","13:09:44",534000
84100,-400,100,"bu","13:09:57",534100
84200,-300,200,"sd","13:11:37",534300
84300,-200,2500,"sd","13:12:19",536800
84200,-300,800,"sd","13:12:23",537600
84400,-100,3500,"bu","13:12:32",541100
84200,-300,1300,"bu","13:12:43",542400
84300,-200,200,"bu","13:13:02",542600
84300,-200,100,"sd","13:13:36",542700
84300,-200,500,"sd","13:14:00",543200
84200,-300,200,"bu","13:14:03",543400
84300,-200,200,"bu","13:15:34",543600
84300,-200,500,"sd","13:15:53",544100
84400,-100,200,"sd","13:16:03",544300
84300,-200,300,"bu","13:16:13",544600
84400,-100,600,"sd","13:17:25",545200
84400,-100,100,"sd","13:17:33",545300
84400,-100,3100,"bu","13:18:07",548400
84300,-200,900,"sd","13:18:13",549300
84300,-200,500,"bu","13:18:22",549800
84200,-300,200,"bu","13:18:24",550000
84300,-200,800,"sd","13:18:33",550800
84300,-200,200,"bu","13:18:54",551000
84300,-200,400,"sd","13:19:03",551400
84300,-200,1000,"bu","13:21:21",552400
84300,-200,100,"bu","13:21:23",552500
84400,-100,200,"sd","13:21:33",552700
84400,-100,100,"bu","13:22:25",552800
84400,-100,3600,"bu","13:22:57",556400
84400,-100,1000,"sd","13:23:03",557400
84300,-200,1000,"sd","13:23:04",558400
84400,-100,1500,"sd","13:23:32",559900
84300,-200,200,"sd","13:23:34",560100
84400,-100,300,"sd","13:24:03",560400
84400,-100,800,"bu","13:25:16",561200
84300,-200,200,"bu","13:25:24",561400
84300,-200,400,"bu","13:25:33",561800
84500,0,4000,"sd","13:25:40",565800
84500,0,2600,"bu","13:26:03",568400
84400,-100,500,"bu","13:26:22",568900
84300,-200,100,"sd","13:26:23",569000
84400,-100,200,"bu","13:26:33",569200
84500,0,100,"sd","13:27:00",569300
84500,0,200,"sd","13:27:17",569500
84500,0,300,"bu","13:27:32",569800
84500,0,100,"sd","13:27:42",569900
84500,0,1000,"bu","13:27:49",570900
84400,-100,300,"sd","13:27:53",571200
84500,0,200,"bu","13:27:57",571400
84400,-100,800,"sd","13:28:03",572200
84500,0,20000,"sd","13:28:06",592200
84500,0,100,"sd","13:28:11",592300
84400,-100,3300,"sd","13:28:14",595600
84300,-200,900,"sd","13:28:23",596500
84400,-100,1000,"sd","13:28:26",597500
84500,0,7800,"bu","13:28:33",605300
84400,-100,100,"sd","13:28:45",605400
84400,-100,500,"sd","13:28:51",605900
84400,-100,100,"bu","13:28:53",606000
84600,100,2800,"bu","13:29:03",608800
84600,100,300,"sd","13:29:05",609100
84500,0,800,"sd","13:29:26",609900
84500,0,200,"sd","13:29:30",610100
84500,0,1400,"bu","13:29:33",611500
84600,100,200,"sd","13:29:35",611700
84500,0,400,"bu","13:29:44",612100
84500,0,100,"sd","13:29:54",612200
84600,100,600,"sd","13:30:03",612800
84500,0,100,"bu","13:30:13",612900
84600,100,200,"sd","13:30:33",613100
84600,100,700,"sd","13:32:04",613800
84500,0,200,"bu","13:32:13",614000
84600,100,200,"sd","13:32:33",614200
84600,100,1000,"bu","13:32:37",615200
84500,0,300,"bu","13:32:44",615500
84400,-100,2600,"sd","13:32:54",618100
84600,100,13000,"sd","13:33:01",631100
84500,0,5100,"bu","13:33:02",636200
84400,-100,800,"sd","13:33:13",637000
84400,-100,1000,"sd","13:33:15",638000
84400,-100,500,"bu","13:33:23",638500
84500,0,700,"bu","13:33:25",639200
84500,0,2400,"sd","13:33:32",641600
84400,-100,1000,"sd","13:33:34",642600
84500,0,100,"sd","13:33:36",642700
84400,-100,300,"bu","13:33:43",643000
84500,0,1100,"bu","13:34:03",644100
84500,0,3500,"sd","13:34:09",647600
84500,0,1100,"bu","13:34:12",648700
84400,-100,1700,"bu","13:34:13",650400
84500,0,800,"sd","13:34:33",651200
84500,0,500,"bu","13:34:35",651700
84500,0,1500,"sd","13:34:42",653200
84400,-100,600,"sd","13:34:44",653800
84600,100,400,"bu","13:34:52",654200
84500,0,300,"sd","13:35:01",654500
84600,100,600,"bu","13:35:03",655100
84700,200,200,"sd","13:35:12",655300
84600,100,1300,"sd","13:35:33",656600
84600,100,200,"bu","13:35:36",656800
84600,100,300,"bu","13:35:44",657100
84700,200,400,"sd","13:36:02",657500
84600,100,900,"bu","13:36:05",658400
84500,0,300,"sd","13:36:13",658700
84600,100,800,"bu","13:36:15",659500
84500,0,300,"bu","13:36:24",659800
84500,0,1100,"bu","13:36:33",660900
84600,100,2700,"bu","13:37:04",663600
84500,0,800,"sd","13:37:13",664400
84500,0,200,"bu","13:37:23",664600
84500,0,3000,"sd","13:37:25",667600
84600,100,2000,"bu","13:37:32",669600
84500,0,400,"sd","13:37:34",670000
84500,0,1100,"bu","13:37:35",671100
84500,0,400,"bu","13:37:44",671500
84600,100,200,"sd","13:37:52",671700
84500,0,100,"sd","13:37:54",671800
84600,100,1200,"sd","13:38:03",673000
84500,0,300,"bu","13:38:04",673300
84600,100,400,"sd","13:38:33",673700
84500,0,100,"sd","13:38:43",673800
84500,0,1100,"sd","13:39:56",674900
84600,100,300,"sd","13:40:02",675200
84500,0,400,"sd","13:40:14",675600
84600,100,200,"bu","13:40:34",675800
84600,100,4500,"sd","13:40:47",680300
84600,100,600,"sd","13:40:53",680900
84500,0,1500,"sd","13:40:54",682400
84500,0,3000,"bu","13:41:03",685400
84500,0,100,"bu","13:41:12",685500
84500,0,300,"bu","13:41:14",685800
84500,0,1400,"sd","13:41:38",687200
84500,0,10600,"bu","13:42:08",697800
84500,0,3000,"bu","13:42:14",700800
84500,0,900,"bu","13:42:24",701700
84500,0,5200,"sd","13:42:33",706900
84500,0,400,"bu","13:42:44",707300
84700,200,100,"bu","13:42:46",707400
84700,200,1700,"bu","13:43:03",709100
84600,100,500,"bu","13:43:08",709600
84600,100,100,"bu","13:43:14",709700
84700,200,800,"bu","13:43:33",710500
84600,100,200,"bu","13:43:44",710700
84400,-100,10000,"sd","13:43:55",720700
84500,0,3000,"bu","13:44:03",723700
84500,0,900,"bu","13:44:13",724600
84500,0,200,"bu","13:44:23",724800
84500,0,1600,"bu","13:44:34",726400
84500,0,100,"sd","13:44:43",726500
84500,0,3800,"sd","13:47:29",730300
84400,-100,2400,"bu","13:47:44",732700
84500,0,500,"sd","13:47:51",733200
84400,-100,200,"sd","13:47:53",733400
84500,0,600,"bu","13:48:03",734000
84500,0,200,"bu","13:48:07",734200
84500,0,100,"bu","13:48:08",734300
84400,-100,200,"bu","13:48:13",734500
84600,100,300,"bu","13:48:27",734800
84600,100,400,"sd","13:48:33",735200
84500,0,100,"bu","13:49:03",735300
84400,-100,5300,"bu","13:50:07",740600
84400,-100,1500,"sd","13:50:14",742100
84600,100,5000,"sd","13:50:21",747100
84600,100,3400,"sd","13:50:34",750500
84500,0,100,"sd","13:51:01",750600
84500,0,900,"bu","13:51:06",751500
84500,0,500,"sd","13:51:10",752000
84500,0,200,"bu","13:51:20",752200
84500,0,100,"bu","13:51:31",752300
84600,100,1000,"bu","13:51:34",753300
84400,-100,2000,"bu","13:51:39",755300
84400,-100,1500,"bu","13:51:41",756800
84600,100,2100,"sd","13:51:46",758900
84600,100,3200,"bu","13:52:05",762100
84500,0,1600,"sd","13:52:35",763700
84400,-100,800,"sd","13:52:39",764500
84300,-200,10000,"bu","13:52:42",774500
84600,100,15400,"bu","13:52:50",789900
84500,0,13900,"bu","13:53:05",803800
84400,-100,100,"sd","13:53:31",803900
84500,0,9500,"sd","13:53:35",813400
84500,0,5000,"bu","13:53:40",818400
84300,-200,5000,"sd","13:53:49",823400
84300,-200,5000,"bu","13:53:51",828400
84300,-200,3700,"sd","13:54:10",832100
84500,0,100,"sd","13:54:11",832200
84300,-200,5000,"bu","13:54:25",837200
84300,-200,2500,"bu","13:54:31",839700
84400,-100,600,"sd","13:54:34",840300
84400,-100,1500,"sd","13:54:41",841800
84600,100,5000,"sd","13:54:48",846800
84500,0,2500,"sd","13:55:00",849300
84600,100,4800,"sd","13:55:05",854100
84500,0,2500,"sd","13:55:17",856600
84400,-100,1200,"sd","13:55:23",857800
84400,-100,600,"sd","13:55:31",858400
84500,0,1100,"bu","13:55:36",859500
84500,0,700,"sd","13:55:38",860200
84500,0,1200,"bu","13:55:40",861400
84600,100,5000,"bu","13:55:49",866400
84500,0,1500,"bu","13:55:50",867900
84400,-100,700,"bu","13:56:01",868600
84500,0,1600,"sd","13:56:05",870200
84600,100,5000,"sd","13:56:08",875200
84500,0,3500,"sd","13:56:10",878700
84600,100,1900,"sd","13:56:21",880600
84600,100,6000,"sd","13:56:35",886600
84500,0,500,"bu","13:56:47",887100
84400,-100,200,"sd","13:56:50",887300
84500,0,2000,"bu","13:57:00",889300
84400,-100,1100,"bu","13:57:01",890400
84500,0,500,"sd","13:57:04",890900
84500,0,800,"sd","13:57:10",891700
84500,0,2000,"bu","13:57:19",893700
84500,0,1400,"bu","13:57:21",895100
84400,-100,700,"bu","13:57:30",895800
84500,0,500,"sd","13:57:41",896300
84500,0,200,"bu","13:57:50",896500
84500,0,1000,"sd","13:57:51",897500
84500,0,600,"bu","13:58:01",898100
84600,100,1100,"bu","13:58:04",899200
84500,0,800,"sd","13:58:11",900000
84400,-100,400,"sd","13:58:20",900400
84600,100,1400,"bu","13:58:34",901800
84500,0,1100,"bu","13:59:01",902900
84600,100,1100,"sd","13:59:06",904000
84500,0,600,"sd","13:59:11",904600
84400,-100,300,"bu","13:59:20",904900
84600,100,1100,"bu","13:59:35",906000
84500,0,500,"bu","14:00:04",906500
84400,-100,200,"sd","14:00:11",906700
84400,-100,100,"bu","14:00:22",906800
84400,-100,10500,"sd","14:03:01",917300
84400,-100,6700,"bu","14:03:05",924000
84300,-200,8300,"sd","14:03:11",932300
84400,-100,10000,"bu","14:03:19",942300
84300,-200,3400,"bu","14:03:20",945700
84300,-200,5000,"bu","14:03:28",950700
84200,-300,4200,"sd","14:03:31",954900
84300,-200,700,"bu","14:03:34",955600
84300,-200,2400,"bu","14:03:40",958000
84600,100,5000,"bu","14:03:42",963000
84600,100,9000,"bu","14:04:29",972000
84500,0,2500,"bu","14:04:34",974500
84600,100,2000,"bu","14:04:36",976500
84500,0,200,"sd","14:04:56",976700
84400,-100,100,"bu","14:05:02",976800
84500,0,2000,"bu","14:05:05",978800
84400,-100,1000,"sd","14:05:10",979800
84600,100,100,"bu","14:05:14",979900
84500,0,1500,"bu","14:05:35",981400
84400,-100,700,"sd","14:05:41",982100
84400,-100,300,"bu","14:05:51",982400
84400,-100,100,"sd","14:06:00",982500
84500,0,1300,"bu","14:06:06",983800
84400,-100,700,"bu","14:06:11",984500
84400,-100,300,"bu","14:06:20",984800
84400,-100,100,"sd","14:06:31",984900
84500,0,1200,"bu","14:06:35",986100
84400,-100,600,"sd","14:06:43",986700
84400,-100,300,"bu","14:06:51",987000
84500,0,100,"bu","14:06:57",987100
84400,-100,200,"bu","14:07:01",987300
84500,0,1200,"sd","14:07:04",988500
84400,-100,700,"bu","14:07:10",989200
84500,0,100,"sd","14:07:12",989300
84400,-100,400,"bu","14:07:21",989700
84500,0,100,"sd","14:07:27",989800
84400,-100,200,"bu","14:07:30",990000
84600,100,100,"sd","14:07:36",990100
84500,0,300,"sd","14:07:39",990400
84500,0,1800,"sd","14:07:41",992200
84500,0,900,"sd","14:07:50",993100
84500,0,400,"sd","14:07:56",993500
84400,-100,600,"bu","14:08:02",994100
84500,0,1100,"bu","14:08:05",995200
84400,-100,1100,"sd","14:08:10",996300
84400,-100,500,"sd","14:08:21",996800
84400,-100,12000,"bu","14:08:49",1008800
84400,-100,5200,"bu","14:08:51",1014000
84400,-100,2600,"sd","14:09:02",1016600
84500,0,200,"bu","14:09:05",1016800
84500,0,1400,"sd","14:09:11",1018200
84500,0,700,"sd","14:09:21",1018900
84500,0,300,"sd","14:09:31",1019200
84600,100,1400,"bu","14:09:37",1020600
84500,0,800,"bu","14:09:40",1021400
84700,200,15700,"bu","14:09:42",1037100
84500,0,300,"sd","14:09:59",1037400
84500,0,100,"sd","14:10:01",1037500
84600,100,8200,"sd","14:10:04",1045700
84500,0,4100,"bu","14:10:12",1049800
84500,0,2000,"bu","14:10:22",1051800
84500,0,1000,"sd","14:10:31",1052800
84600,100,1200,"sd","14:10:34",1054000
84600,100,1100,"sd","14:10:41",1055100
84600,100,2100,"bu","14:11:26",1057200
84500,0,6600,"sd","14:12:20",1063800
84700,200,100,"bu","14:12:38",1063900
84700,200,10200,"sd","14:12:47",1074100
84700,200,2000,"bu","14:13:15",1076100
84600,100,500,"sd","14:13:51",1076600
84600,100,800,"bu","14:14:04",1077400
84700,200,2000,"sd","14:14:51",1079400
84700,200,700,"bu","14:15:03",1080100
84600,100,200,"bu","14:15:22",1080300
84700,200,2900,"sd","14:15:24",1083200
84700,200,9600,"bu","14:15:30",1092800
84700,200,400,"sd","14:15:46",1093200
84700,200,600,"sd","14:15:51",1093800
84700,200,200,"sd","14:15:55",1094000
84800,300,500,"bu","14:16:15",1094500
84800,300,1100,"sd","14:16:49",1095600
84800,300,1300,"sd","14:17:10",1096900
84800,300,200,"bu","14:17:51",1097100
84800,300,300,"sd","14:17:57",1097400
84800,300,100,"sd","14:18:29",1097500
84800,300,5700,"sd","14:21:04",1103200
84800,300,3800,"bu","14:21:06",1107000
84800,300,5000,"bu","14:21:14",1112000
84800,300,8000,"sd","14:21:17",1120000
84800,300,2000,"bu","14:21:30",1122000
84800,300,100,"sd","14:21:34",1122100
84800,300,500,"sd","14:21:42",1122600
84800,300,400,"bu","14:21:44",1123000
84900,400,100,"bu","14:21:59",1123100
84900,400,2100,"sd","14:22:37",1125200
84900,400,2500,"sd","14:22:39",1127700
84900,400,3000,"sd","14:22:43",1130700
84900,400,5300,"bu","14:22:49",1136000
84900,400,3300,"sd","14:22:51",1139300
84900,400,200,"bu","14:23:06",1139500
84900,400,2000,"bu","14:23:31",1141500
85000,500,1500,"bu","14:23:33",1143000
85000,500,10000,"sd","14:23:37",1153000
85000,500,43600,"sd","14:23:45",1196600
85000,500,21300,"bu","14:23:47",1217900
85000,500,23900,"bu","14:23:50",1241800
85100,600,10000,"bu","14:23:52",1251800
85100,600,1500,"bu","14:24:00",1253300
85100,600,3000,"sd","14:24:05",1256300
85100,600,6200,"sd","14:24:07",1262500
85200,700,1000,"bu","14:24:09",1263500
85200,700,13000,"bu","14:24:20",1276500
85200,700,2300,"bu","14:24:49",1278800
85200,700,10900,"sd","14:24:51",1289700
85200,700,4100,"bu","14:24:53",1293800
85200,700,2800,"bu","14:24:55",1296600
85200,700,1000,"sd","14:24:57",1297600
85200,700,100,"bu","14:25:12",1297700
85200,700,200,"bu","14:25:13",1297900
85200,700,100,"bu","14:25:19",1298000
85200,700,200,"bu","14:25:33",1298200
85300,800,7500,"bu","14:25:35",1305700
85300,800,1000,"sd","14:25:39",1306700
85300,800,5000,"sd","14:25:46",1311700
85300,800,700,"sd","14:25:52",1312400
85300,800,300,"sd","14:25:53",1312700
85300,800,200,"sd","14:25:56",1312900
85300,800,700,"bu","14:25:59",1313600
85300,800,5000,"bu","14:26:01",1318600
85400,900,200,"bu","14:26:03",1318800
85400,900,400,"bu","14:26:05",1319200
85300,800,100,"bu","14:26:07",1319300
85300,800,500,"bu","14:26:13",1319800
85500,1000,20000,"sd","14:26:17",1339800
85500,1000,400,"bu","14:26:32",1340200
85500,1000,9600,"bu","14:26:40",1349800
85600,1100,100,"bu","14:26:55",1349900
85600,1100,1400,"bu","14:27:02",1351300
85600,1100,6300,"bu","14:27:03",1357600
85700,1200,4700,"bu","14:27:17",1362300
85700,1200,700,"sd","14:27:19",1363000
85700,1200,8900,"sd","14:27:27",1371900
85800,1300,900,"bu","14:27:30",1372800
85800,1300,500,"bu","14:27:37",1373300
85700,1200,2000,"sd","14:27:39",1375300
85800,1300,5100,"sd","14:27:44",1380400
85800,1300,200,"sd","14:27:46",1380600
85700,1200,500,"sd","14:27:54",1381100
85700,1200,200,"sd","14:27:58",1381300
85800,1300,900,"sd","14:28:04",1382200
85800,1300,4500,"bu","14:28:11",1386700
85800,1300,500,"bu","14:28:27",1387200
85800,1300,800,"sd","14:28:32",1388000
85900,1400,700,"sd","14:28:38",1388700
85900,1400,11300,"bu","14:28:45",1400000
86000,1500,19200,"bu","14:28:49",1419200
86000,1500,200,"bu","14:28:50",1419400
86000,1500,800,"sd","14:29:00",1420200
85900,1400,2100,"sd","14:29:02",1422300
86000,1500,300,"sd","14:29:04",1422600
86000,1500,30000,"sd","14:29:07",1452600
86000,1500,2100,"bu","14:29:11",1454700
86000,1500,200,"sd","14:29:13",1454900
85900,1400,25700,"sd","14:29:15",1480600
85900,1400,3900,"bu","14:29:17",1484500
85900,1400,200,"bu","14:29:22",1484700
85900,1400,300,"bu","14:29:36",1485000
85900,1400,500,"bu","14:29:44",1485500
85600,1100,110500,"bu","14:45:16",1596000
