"price","change","match_qtty","side","time","total_vol"
32600,50,40100,"bu","09:15:08",40100
32600,50,100,"sd","09:15:32",40200
32650,100,500,"bu","09:15:37",40700
32650,100,400,"bu","09:15:37",41100
32650,100,1000,"sd","09:15:43",42100
32650,100,2200,"sd","09:16:05",44300
32650,100,100,"sd","09:16:08",46300
32700.000000000004,150,3000,"sd","09:16:12",81700
32700.000000000004,150,1000,"sd","09:16:15",82700
32700.000000000004,150,3900,"bu","09:16:16",86600
32750,200,13400,"bu","09:16:28",100000
32750,200,500,"sd","09:16:31",100900
32750,200,1700,"sd","09:16:31",102600
32750,200,200,"sd","09:16:42",102800
32750,200,300,"bu","09:16:49",103100
32800,250,2000,"bu","09:16:52",105100
32750,200,3000,"bu","09:16:53",108100
32800,250,52800,"sd","09:16:57",160900
32800,250,300,"sd","09:16:59",161200
32750,200,4200,"bu","09:17:00",165400
32800,250,1000,"sd","09:17:00",166400
32750,200,500,"sd","09:17:01",166900
32800,250,22300,"sd","09:17:02",189200
32800,250,6300,"bu","09:17:03",195500
32800,250,100,"sd","09:17:04",195600
32800,250,200,"bu","09:17:06",195800
32800,250,2900,"bu","09:17:16",198700
32850,300,100,"bu","09:17:19",198800
32800,250,1500,"sd","09:17:20",200300
32850,300,10000,"bu","09:17:28",210300
32850,300,18100,"bu","09:17:28",228400
32850,300,100,"bu","09:17:29",228500
32850,300,300,"bu","09:17:30",228800
32850,300,3400,"sd","09:17:30",232200
32850,300,3600,"sd","09:17:32",235800
32850,300,900,"sd","09:17:34",236700
32900,350,25000,"bu","09:17:37",261700
32850,300,10000,"sd","09:17:37",271700
32850,300,5000,"bu","09:17:41",276700
32850,300,100,"bu","09:17:43",276800
32850,300,10200,"bu","09:17:45",287000
32850,300,38300,"bu","09:17:45",325300
32850,300,3000,"bu","09:17:47",328300
32850,300,100,"sd","09:17:48",328400
32850,300,4600,"sd","09:17:51",333000
32800,250,1100,"bu","09:17:54",334100
32800,250,100,"sd","09:17:58",334200
32850,300,500,"sd","09:18:00",334700
32850,300,100,"bu","09:18:01",334800
32850,300,1100,"sd","09:18:04",335900
32800,250,2200,"sd","09:18:16",342600
32850,300,1000,"sd","09:18:17",346100
32850,300,2000,"sd","09:18:20",351700
32800,250,500,"sd","09:18:20",349700
32850,300,53700,"bu","09:18:22",403400
32850,300,1300,"sd","09:18:26",404700
32850,300,6400,"sd","09:18:31",411100
32850,300,5000,"sd","09:18:38",416100
32850,300,1100,"bu","09:18:39",417200
32850,300,500,"bu","09:18:40",417700
32850,300,20000,"bu","09:18:42",437700
32850,300,3300,"sd","09:18:46",441000
32850,300,7000,"sd","09:18:47",448000
32850,300,500,"sd","09:18:49",448500
32900,350,5000,"bu","09:18:52",453500
32850,300,8100,"bu","09:18:53",461600
32850,300,3000,"sd","09:18:58",464600
32900,350,500,"sd","09:19:00",465100
32850,300,3400,"sd","09:19:03",468500
32900,350,1500,"bu","09:19:04",470000
32850,300,100,"sd","09:19:05",470100
32850,300,2800,"sd","09:19:12",472900
32850,300,700,"bu","09:19:16",473600
32850,300,200,"sd","09:19:17",473800
32850,300,2000,"bu","09:19:19",475800
32850,300,300,"sd","09:19:20",476100
32850,300,200000,"sd","09:19:25",676100
32850,300,3800,"bu","09:19:27",679900
32850,300,100,"bu","09:19:32",680000
32800,250,2700,"bu","09:19:46",682700
32850,300,1200,"sd","09:19:48",685000
32800,250,500,"bu","09:19:59",685500
32800,250,300,"sd","09:20:02",685800
32800,250,10000,"bu","09:20:04",695800
32800,250,500,"bu","09:20:07",696300
32800,250,20000,"sd","09:20:08",716300
32800,250,3000,"bu","09:20:09",719300
32800,250,100,"bu","09:20:12",719400
32800,250,200,"bu","09:20:13",719600
32800,250,10000,"sd","09:20:15",729600
32800,250,2000,"bu","09:20:16",732600
32800,250,20000,"sd","09:20:18",752600
32800,250,2000,"bu","09:20:19",754600
32800,250,1000,"bu","09:20:24",755600
32800,250,300,"sd","09:20:27",755900
32800,250,1000,"sd","09:20:30",756900
32800,250,17000,"bu","09:20:36",773900
32800,250,300,"bu","09:20:48",774200
32800,250,21000,"bu","09:20:58",795200
32800,250,2000,"sd","09:21:03",797200
32800,250,500,"bu","09:21:04",797700
32800,250,2400,"bu","09:21:11",800100
32800,250,1000,"sd","09:21:14",801100
32750,200,1000,"bu","09:21:17",802100
32750,200,5100,"sd","09:21:21",807200
32800,250,300,"sd","09:21:27",807500
32750,200,100,"bu","09:21:39",807600
32750,200,1100,"bu","09:21:40",808700
32750,200,200,"bu","09:21:42",809600
32800,250,300,"bu","09:21:48",810100
32800,250,900,"sd","09:21:57",811000
32750,200,500,"sd","09:22:02",811500
32750,200,100,"bu","09:22:04",811600
32800,250,1000,"bu","09:22:07",812600
32800,250,100,"sd","09:22:18",812700
32750,200,500,"sd","09:22:21",813200
32800,250,700,"sd","09:22:23",813900
32750,200,1000,"sd","09:22:24",814900
32750,200,5000,"sd","09:22:28",819900
32800,250,5000,"bu","09:22:29",824900
32750,200,5000,"sd","09:22:30",829900
32750,200,1700,"bu","09:22:32",831600
32750,200,200,"sd","09:22:35",831800
32750,200,3000,"bu","09:22:39",834800
32750,200,400,"bu","09:22:46",835200
32800,250,200,"bu","09:22:47",835400
32750,200,2000,"sd","09:22:53",837400
32750,200,1000,"sd","09:22:54",838400
32750,200,300,"sd","09:23:01",838700
32750,200,20000,"sd","09:23:03",858700
32750,200,100,"sd","09:23:04",858800
32750,200,1700,"bu","09:23:05",860500
32750,200,7000,"bu","09:23:06",867500
32750,200,1000,"sd","09:23:10",868500
32750,200,12000,"bu","09:23:11",880500
32750,200,300,"bu","09:23:12",880800
32750,200,5000,"bu","09:23:15",885800
32750,200,800,"sd","09:23:16",886600
32750,200,4000,"sd","09:23:18",890600
32700.000000000004,150,9000,"bu","09:23:29",899600
32700.000000000004,150,1300,"sd","09:23:31",900900
32700.000000000004,150,500,"sd","09:23:33",901400
32700.000000000004,150,700,"sd","09:23:34",902100
32700.000000000004,150,500,"bu","09:23:43",902600
32750,200,600,"bu","09:23:44",903200
32750,200,1000,"bu","09:23:59",904200
32750,200,100,"bu","09:24:01",904300
32750,200,3000,"bu","09:24:02",907300
32750,200,700,"sd","09:24:03",908000
32750,200,5000,"sd","09:24:14",913000
32750,200,20000,"sd","09:24:18",933000
32750,200,700,"sd","09:24:19",933700
32750,200,5000,"bu","09:24:22",938700
32750,200,1000,"sd","09:24:23",939700
32750,200,100,"bu","09:24:25",939800
32750,200,900,"bu","09:24:26",940700
32750,200,1000,"bu","09:24:27",941700
32750,200,3000,"bu","09:24:28",944700
32750,200,5100,"sd","09:24:28",949800
32750,200,500,"bu","09:24:37",950300
32750,200,400,"sd","09:24:38",950700
32750,200,500,"sd","09:24:42",951200
32750,200,1100,"bu","09:24:54",952300
32750,200,7900,"bu","09:24:55",960200
32750,200,500,"bu","09:24:56",961400
32750,200,1200,"bu","09:25:03",962600
32700.000000000004,150,5100,"sd","09:25:05",967700
32750,200,500,"sd","09:25:07",968200
32750,200,2100,"sd","09:25:12",970300
32750,200,5000,"sd","09:25:13",975300
32700.000000000004,150,500,"sd","09:25:16",975800
32700.000000000004,150,1000,"sd","09:25:27",976800
32700.000000000004,150,100,"sd","09:25:32",976900
32700.000000000004,150,1800,"bu","09:25:39",978700
32700.000000000004,150,2400,"sd","09:25:41",981100
32700.000000000004,150,300,"bu","09:25:42",981400
32750,200,100,"sd","09:25:43",981500
32750,200,3000,"bu","09:25:48",984500
32750,200,1000,"sd","09:25:53",985500
32750,200,800,"sd","09:25:58",986300
32750,200,6000,"bu","09:26:02",992300
32700.000000000004,150,400,"sd","09:26:12",992700
32750,200,2300,"bu","09:26:16",995000
32750,200,4000,"bu","09:26:18",999000
32700.000000000004,150,900,"bu","09:26:26",999900
32700.000000000004,150,400,"sd","09:26:32",1000300
32700.000000000004,150,10000,"sd","09:26:33",1010300
32750,200,10000,"sd","09:26:40",1020300
32700.000000000004,150,800,"sd","09:26:47",1021100
32750,200,100,"sd","09:26:49",1021200
32700.000000000004,150,800,"bu","09:27:04",1022000
32750,200,200,"bu","09:27:08",1022200
32750,200,500,"bu","09:27:15",1022700
32700.000000000004,150,1200,"bu","09:27:20",1023900
32700.000000000004,150,100,"sd","09:27:31",1024000
32700.000000000004,150,35100,"sd","09:27:37",1059100
32700.000000000004,150,400,"bu","09:27:38",1059500
32700.000000000004,150,3500,"sd","09:27:46",1063000
32700.000000000004,150,100,"sd","09:27:51",1063100
32700.000000000004,150,600,"bu","09:28:08",1063700
32700.000000000004,150,10100,"sd","09:28:11",1073800
32750,200,1200,"bu","09:28:28",1078800
32750,200,10000,"bu","09:28:50",1088800
32700.000000000004,150,5000,"bu","09:28:52",1093800
32750,200,200,"sd","09:28:58",1094000
32700.000000000004,150,1000,"bu","09:29:03",1095000
32700.000000000004,150,500,"sd","09:29:12",1095500
32700.000000000004,150,600,"bu","09:29:13",1096100
32750,200,100,"bu","09:29:15",1096200
32700.000000000004,150,700,"sd","09:29:24",1096900
32700.000000000004,150,700,"bu","09:29:34",1097600
32700.000000000004,150,1600,"bu","09:29:34",1099200
32700.000000000004,150,3400,"sd","09:29:35",1102600
32700.000000000004,150,3400,"bu","09:29:37",1106000
32750,200,200,"bu","09:29:41",1106200
32700.000000000004,150,5000,"sd","09:29:43",1111200
32700.000000000004,150,100,"sd","09:29:45",1111300
32700.000000000004,150,1400,"sd","09:29:46",1112700
32700.000000000004,150,4000,"bu","09:29:51",1116700
32700.000000000004,150,100,"bu","09:29:55",1116800
32700.000000000004,150,50000,"bu","09:30:00",1166800
32700.000000000004,150,5500,"bu","09:30:02",1172300
32700.000000000004,150,17600,"bu","09:30:03",1189900
32650,100,1800,"sd","09:30:16",1191700
32650,100,2400,"bu","09:30:17",1194100
32650,100,1000,"sd","09:30:27",1195100
32700.000000000004,150,900,"bu","09:30:29",1196000
32700.000000000004,150,1200,"sd","09:30:43",1197200
32650,100,400,"sd","09:31:05",1197600
32650,100,700,"sd","09:31:06",1198300
32650,100,100,"bu","09:31:14",1198400
32650,100,5200,"sd","09:31:17",1203600
32700.000000000004,150,200,"bu","09:31:18",1203800
32650,100,4000,"bu","09:31:26",1207800
32700.000000000004,150,100,"bu","09:31:31",1207900
32650,100,1400,"bu","09:31:32",1209300
32700.000000000004,150,700,"bu","09:31:34",1210500
32700.000000000004,150,2900,"bu","09:31:36",1213400
32700.000000000004,150,100,"sd","09:31:48",1213500
32700.000000000004,150,400,"sd","09:31:49",1213900
32700.000000000004,150,200,"sd","09:31:51",1214100
32700.000000000004,150,300,"sd","09:32:10",1214400
32650,100,2000,"bu","09:32:15",1216400
32650,100,200,"bu","09:32:16",1216600
32700.000000000004,150,400,"sd","09:32:30",1217000
32650,100,500,"bu","09:32:33",1217500
32650,100,500,"sd","09:32:35",1218000
32650,100,900,"bu","09:32:48",1218900
32700.000000000004,150,8400,"bu","09:32:56",1227300
32700.000000000004,150,2000,"sd","09:32:57",1257700
32650,100,1100,"sd","09:32:59",1258800
32650,100,4000,"sd","09:33:02",1262800
32650,100,800,"sd","09:33:16",1263600
32650,100,500,"sd","09:33:23",1264200
32650,100,5600,"sd","09:33:27",1269800
32650,100,600,"bu","09:33:31",1270400
32650,100,500,"bu","09:33:48",1270900
32650,100,100,"sd","09:33:51",1271000
32650,100,1100,"bu","09:33:55",1272100
32650,100,3400,"sd","09:33:56",1275500
32650,100,3400,"sd","09:33:58",1278900
32650,100,3400,"bu","09:33:59",1282300
32650,100,3500,"bu","09:34:00",1285800
32650,100,1500,"sd","09:34:02",1287300
32650,100,100,"sd","09:34:17",1287400
32700.000000000004,150,1000,"bu","09:34:22",1288400
32700.000000000004,150,1100,"bu","09:34:39",1289500
32700.000000000004,150,500,"sd","09:34:51",1290000
32650,100,1200,"bu","09:34:52",1291200
32650,100,800,"bu","09:34:57",1292000
32650,100,200,"bu","09:35:02",1292200
32700.000000000004,150,100,"sd","09:35:04",1292300
32650,100,500,"bu","09:35:05",1292800
32650,100,2000,"sd","09:35:08",1294800
32650,100,100,"bu","09:35:09",1294900
32700.000000000004,150,400,"sd","09:35:09",1295300
32650,100,100,"bu","09:35:20",1295400
32700.000000000004,150,800,"sd","09:36:04",1296200
32700.000000000004,150,300,"sd","09:36:16",1296500
32700.000000000004,150,100,"bu","09:36:18",1296600
32650,100,7500,"bu","09:36:31",1304100
32700.000000000004,150,100,"bu","09:36:42",1304200
32650,100,500,"sd","09:36:45",1304700
32650,100,600,"sd","09:36:45",1305300
32650,100,1100,"sd","09:36:47",1306400
32700.000000000004,150,2100,"bu","09:37:07",1308500
32650,100,300,"sd","09:37:18",1308800
32650,100,3400,"bu","09:37:24",1312200
32650,100,3400,"bu","09:37:26",1315600
32650,100,3400,"bu","09:37:26",1319000
32700.000000000004,150,100,"sd","09:37:31",1319100
32650,100,1000,"sd","09:37:32",1320100
32650,100,200,"bu","09:37:33",1320300
32650,100,100,"sd","09:37:46",1320400
32650,100,2000,"sd","09:37:47",1322400
32650,100,200,"bu","09:38:02",1322600
32700.000000000004,150,600,"bu","09:38:05",1323200
32650,100,1900,"bu","09:38:09",1325100
32650,100,100,"bu","09:38:13",1325200
32650,100,10000,"bu","09:38:15",1335200
32650,100,1200,"sd","09:38:17",1336400
32700.000000000004,150,100,"bu","09:38:21",1336500
32650,100,1100,"bu","09:38:39",1337600
32700.000000000004,150,100,"sd","09:38:45",1337700
32650,100,4000,"bu","09:39:19",1341700
32650,100,5000,"sd","09:39:25",1346700
32650,100,10600,"sd","09:39:32",1357300
32700.000000000004,150,100,"sd","09:39:35",1357400
32650,100,300,"sd","09:39:49",1357700
32650,100,4500,"sd","09:39:55",1362200
32700.000000000004,150,300,"sd","09:39:56",1362500
32650,100,500,"sd","09:39:58",1363000
32700.000000000004,150,100,"bu","09:39:59",1363100
32650,100,14500,"sd","09:40:04",1377600
32650,100,1400,"bu","09:40:17",1379000
32700.000000000004,150,14000,"bu","09:40:22",1393000
32700.000000000004,150,100,"sd","09:40:24",1393100
32700.000000000004,150,2100,"bu","09:40:26",1395200
32650,100,100,"sd","09:40:26",1395300
32650,100,1200,"bu","09:40:32",1396500
32700.000000000004,150,100,"sd","09:40:35",1396600
32650,100,5500,"bu","09:40:35",1402100
32700.000000000004,150,2000,"sd","09:40:38",1404100
32650,100,10000,"sd","09:40:47",1414100
32700.000000000004,150,100,"sd","09:40:49",1414200
32700.000000000004,150,300,"sd","09:41:01",1414500
32700.000000000004,150,100,"bu","09:41:13",1414600
32700.000000000004,150,200,"sd","09:41:20",1414800
32650,100,1000,"bu","09:41:25",1415800
32650,100,100,"bu","09:41:32",1415900
32650,100,20500,"sd","09:41:36",1436400
32700.000000000004,150,4500,"bu","09:41:38",1440900
32700.000000000004,150,100,"sd","09:41:38",1441000
32700.000000000004,150,3800,"bu","09:41:57",1444800
32650,100,51200,"bu","09:42:25",1496000
32700.000000000004,150,100,"sd","09:42:28",1496100
32700.000000000004,150,8900,"bu","09:42:34",1505000
32700.000000000004,150,1100,"bu","09:42:39",1506100
32650,100,500,"sd","09:42:45",1506700
32650,100,1000,"sd","09:42:47",1507700
32650,100,20000,"bu","09:42:48",1527700
32700.000000000004,150,100,"sd","09:42:52",1527800
32650,100,5000,"sd","09:43:02",1532800
32700.000000000004,150,100,"bu","09:43:16",1532900
32650,100,1000,"sd","09:43:20",1533900
32650,100,100,"bu","09:43:33",1534000
32650,100,2000,"sd","09:43:36",1536000
32650,100,5000,"bu","09:43:39",1541000
32700.000000000004,150,100,"sd","09:43:41",1541100
32700.000000000004,150,1300,"sd","09:44:00",1542400
32700.000000000004,150,100,"bu","09:44:06",1542500
32650,100,1100,"sd","09:44:18",1543600
32650,100,100,"sd","09:44:19",1543700
32650,100,1700,"sd","09:44:24",1545400
32700.000000000004,150,5100,"bu","09:44:30",1550500
32650,100,2200,"sd","09:44:35",1552700
32650,100,200,"bu","09:44:47",1552900
32650,100,300,"bu","09:44:52",1553200
32700.000000000004,150,1100,"sd","09:44:55",1554300
32650,100,300,"sd","09:45:01",1554600
32650,100,8000,"sd","09:45:03",1562600
32650,100,1800,"sd","09:45:05",1564400
32650,100,5000,"bu","09:45:08",1569400
32650,100,4000,"sd","09:45:10",1573400
32650,100,92600,"sd","09:45:16",1666000
32650,100,100,"sd","09:45:20",1666100
32600,50,3400,"sd","09:45:35",1669500
32600,50,9000,"bu","09:45:37",1678500
32600,50,3400,"bu","09:45:38",1681900
32600,50,1900,"sd","09:45:45",1683800
32600,50,54800,"sd","09:45:46",1738600
32600,50,1700,"sd","09:45:47",1740300
32650,100,100,"sd","09:45:48",1740400
32650,100,800,"bu","09:45:56",1741200
32600,50,1200,"sd","09:46:11",1742400
32600,50,100,"bu","09:46:17",1742500
32600,50,10000,"bu","09:46:25",1752500
32600,50,1000,"bu","09:46:32",1753500
32650,100,100,"sd","09:46:33",1753600
32650,100,66800,"sd","09:46:42",1820400
32650,100,6700,"bu","09:46:47",1827100
32650,100,13400,"bu","09:46:49",1840500
32650,100,39000,"sd","09:46:50",1879500
32650,100,18100,"sd","09:46:54",1897600
32650,100,100,"bu","09:46:56",1897700
32650,100,3100,"bu","09:47:01",1900800
32650,100,400,"bu","09:47:03",1901200
32650,100,32700,"sd","09:47:07",1933900
32650,100,1300,"bu","09:47:14",1935200
32650,100,100,"sd","09:47:24",1935300
32650,100,700,"sd","09:47:33",1936000
32650,100,100,"bu","09:47:47",1936100
32650,100,10000,"sd","09:47:51",1946100
32650,100,2000,"sd","09:47:52",1948100
32650,100,100,"sd","09:47:53",1948200
32600,50,3400,"bu","09:47:55",1951600
32650,100,13900,"sd","09:47:58",1965500
32650,100,5000,"sd","09:47:59",1970500
32650,100,3400,"bu","09:48:02",1973900
32650,100,1100,"sd","09:48:04",1975000
32650,100,1000,"bu","09:48:07",1976000
32650,100,100,"sd","09:48:10",1976100
32650,100,3600,"sd","09:48:15",1979700
32650,100,2100,"bu","09:48:17",1981800
32650,100,400,"bu","09:48:20",1982200
32650,100,200,"sd","09:48:24",1982400
32600,50,700,"sd","09:48:30",1983100
32600,50,300,"sd","09:48:32",1983400
32650,100,100,"sd","09:48:37",1983500
32650,100,5000,"sd","09:48:49",1988500
32600,50,3400,"sd","09:48:56",1991900
32650,100,100,"sd","09:48:58",1992000
32650,100,1200,"sd","09:49:40",1993200
32600,50,500,"sd","09:49:43",1993700
32600,50,100,"bu","09:49:47",1993800
32600,50,600,"bu","09:49:56",1994400
32600,50,700,"sd","09:49:57",1995100
32600,50,100,"sd","09:50:02",1995200
32600,50,7000,"sd","09:50:03",2002200
32600,50,200,"sd","09:50:14",2002400
32600,50,1000,"sd","09:50:14",2003400
32600,50,800,"sd","09:50:17",2004200
32650,100,1000,"sd","09:50:29",2005200
32600,50,4000,"bu","09:50:38",2009200
32650,100,100,"sd","09:50:40",2009300
32650,100,4000,"bu","09:50:47",2013300
32600,50,100,"bu","09:50:49",2013400
32600,50,2500,"bu","09:51:02",2015900
32650,100,100,"sd","09:51:04",2016000
32650,100,200,"bu","09:51:18",2016200
32650,100,500,"sd","09:51:29",2016700
32600,50,3500,"sd","09:51:45",2020200
32600,50,300,"bu","09:51:47",2020500
32650,100,200,"sd","09:51:48",2020700
32600,50,1000,"sd","09:51:50",2021700
32650,100,100,"sd","09:51:54",2021800
32600,50,1000,"sd","09:51:55",2022800
32600,50,200,"bu","09:52:02",2023000
32600,50,100,"bu","09:52:10",2023100
32600,50,1600,"bu","09:52:11",2024700
32600,50,3100,"bu","09:52:17",2027800
32650,100,100,"sd","09:52:18",2027900
32600,50,1000,"sd","09:52:25",2028900
32600,50,2000,"sd","09:52:26",2030900
32650,100,30300,"bu","09:52:30",2061200
32600,50,500,"sd","09:52:34",2081200
32600,50,4500,"sd","09:52:42",2085700
32650,100,100,"sd","09:52:43",2085800
32600,50,20000,"bu","09:52:47",2105800
32600,50,2000,"bu","09:53:02",2107800
32600,50,1900,"sd","09:53:03",2109700
32650,100,100,"sd","09:53:08",2109800
32600,50,500,"bu","09:53:17",2110300
32600,50,30000,"sd","09:53:18",2140300
32600,50,100,"bu","09:53:28",2140400
32600,50,1500,"bu","09:53:31",2141900
32600,50,3200,"sd","09:53:32",2145100
32650,100,100,"bu","09:53:33",2145200
32600,50,600,"bu","09:53:41",2145800
32600,50,1200,"sd","09:53:43",2147000
32600,50,100,"sd","09:53:46",2147100
32600,50,1500,"sd","09:53:47",2148600
32650,100,103700,"bu","09:53:51",2252300
32700.000000000004,150,100,"sd","09:53:57",2252400
32650,100,16300,"sd","09:54:07",2268700
32600,50,500,"sd","09:54:12",2269200
32650,100,300,"bu","09:54:16",2269500
32650,100,100,"bu","09:54:21",2269600
32600,50,5000,"bu","09:54:24",2274600
32600,50,500,"bu","09:54:32",2275100
32650,100,5000,"sd","09:54:43",2280100
32650,100,400,"sd","09:54:46",2280500
32650,100,700,"bu","09:54:47",2281200
32600,50,1000,"bu","09:54:50",2282200
32600,50,200,"sd","09:55:02",2282400
32650,100,100,"sd","09:55:11",2282500
32650,100,500,"sd","09:55:19",2283000
32650,100,1000,"bu","09:55:24",2284000
32650,100,100,"bu","09:55:35",2284100
32600,50,1100,"bu","09:55:36",2285200
32600,50,100,"bu","09:55:47",2285300
32600,50,1300,"bu","09:56:03",2286600
32600,50,100,"bu","09:56:06",2286700
32650,100,4900,"bu","09:56:07",2291600
32650,100,1500,"bu","09:56:11",2293100
32650,100,1000,"sd","09:56:13",2294100
32650,100,2600,"bu","09:56:15",2296700
32650,100,600,"bu","09:56:25",2297300
32650,100,1200,"sd","09:56:27",2306900
32650,100,1000,"sd","09:56:32",2307900
32650,100,10000,"bu","09:56:38",2317900
32650,100,100,"sd","09:56:42",2318000
32650,100,500,"sd","09:56:46",2318500
32650,100,1100,"bu","09:56:47",2319600
32700.000000000004,150,100,"sd","09:56:49",2319700
32650,100,9600,"sd","09:57:16",2329300
32650,100,5000,"bu","09:57:16",2334300
32650,100,1100,"sd","09:57:20",2335400
32650,100,100,"bu","09:57:25",2335500
32650,100,1100,"bu","09:57:29",2336600
32650,100,100,"bu","09:57:34",2337400
32650,100,600,"sd","09:57:35",2338000
32700.000000000004,150,100,"bu","09:57:40",2338100
32650,100,500,"bu","09:57:41",2338600
32700.000000000004,150,2600,"sd","09:57:43",2341200
32650,100,400,"sd","09:57:47",2341600
32700.000000000004,150,100,"bu","09:58:03",2341700
32650,100,500,"sd","09:58:07",2342200
32700.000000000004,150,600,"sd","09:58:28",2342800
32700.000000000004,150,50000,"sd","09:58:35",2392800
32650,100,500,"sd","09:58:38",2393300
32650,100,100,"bu","09:58:42",2393400
32650,100,5000,"sd","09:58:47",2398400
32650,100,500,"bu","09:58:50",2398900
32700.000000000004,150,100,"sd","09:58:55",2399000
32700.000000000004,150,50000,"sd","09:58:58",2449000
32650,100,100,"bu","09:59:00",2449100
32700.000000000004,150,600,"sd","09:59:01",2449700
32700.000000000004,150,400,"bu","09:59:02",2450100
32650,100,100,"sd","09:59:07",2450200
32700.000000000004,150,5000,"bu","09:59:08",2455200
32650,100,1800,"bu","09:59:09",2457000
32700.000000000004,150,20000,"sd","09:59:12",2477000
32700.000000000004,150,2700,"sd","09:59:14",2479700
32650,100,100,"sd","09:59:15",2479800
32700.000000000004,150,3100,"sd","09:59:17",2482900
32700.000000000004,150,2800,"sd","09:59:20",2532900
32650,100,1100,"bu","09:59:22",2534000
32700.000000000004,150,110300,"sd","09:59:23",2644300
32700.000000000004,150,100,"sd","09:59:24",2644400
32700.000000000004,150,300,"bu","09:59:26",2644700
32750,200,300,"sd","09:59:28",2645000
32750,200,1000,"bu","09:59:34",2646000
32750,200,200,"bu","09:59:35",2646200
32750,200,5000,"sd","09:59:36",2651200
32750,200,6200,"sd","09:59:37",2657400
32750,200,3000,"sd","09:59:38",2660400
32750,200,102400,"bu","09:59:39",2762800
32750,200,500,"bu","09:59:41",2763300
32750,200,17100,"sd","09:59:42",2780400
32750,200,800,"sd","09:59:43",2815200
32750,200,100,"sd","09:59:44",2815300
32750,200,200,"bu","09:59:46",2815500
32750,200,17000,"sd","09:59:47",2832500
32750,200,100,"sd","09:59:47",2832600
32800,250,26300,"sd","09:59:51",2858900
32800,250,50300,"sd","09:59:52",2909200
32800,250,200000,"bu","09:59:53",3109200
32800,250,700,"bu","09:59:54",3109900
32800,250,3000,"bu","09:59:58",3112900
32800,250,7200,"bu","10:00:00",3120100
32800,250,4800,"bu","10:00:02",3124900
32800,250,3500,"bu","10:00:04",3128400
32800,250,1000,"bu","10:00:07",3134500
32800,250,22300,"sd","10:00:09",3181800
32800,250,100,"sd","10:00:10",3181900
32850,300,1900,"sd","10:00:15",3183800
32800,250,6900,"bu","10:00:17",3190700
32800,250,100,"sd","10:00:21",3190800
32800,250,10000,"sd","10:00:22",3200800
32800,250,100,"sd","10:00:24",3200900
32800,250,5900,"sd","10:00:26",3206800
32850,300,600,"sd","10:00:32",3207400
32800,250,2200,"sd","10:00:33",3209600
32800,250,1000,"bu","10:00:35",3210600
32800,250,500,"sd","10:00:37",3211100
32800,250,20100,"bu","10:00:44",3231200
32850,300,100,"bu","10:00:47",3231300
32800,250,20100,"bu","10:00:50",3251400
32850,300,100,"sd","10:00:57",3251500
32850,300,1200,"bu","10:01:08",3252700
32800,250,100,"sd","10:01:10",3252800
32800,250,1200,"sd","10:01:15",3254000
32800,250,50200,"sd","10:01:18",3304200
32800,250,200,"sd","10:01:20",3304400
32800,250,20200,"bu","10:01:21",3324600
32800,250,500,"sd","10:01:22",3325100
32800,250,100,"sd","10:01:23",3325200
32800,250,15400,"sd","10:01:26",3340600
32800,250,40200,"bu","10:01:30",3380800
32800,250,300,"sd","10:01:31",3381100
32800,250,2000,"bu","10:01:35",3383100
32800,250,1000,"sd","10:01:36",3384100
32800,250,2000,"sd","10:01:39",3386100
32800,250,30000,"sd","10:01:45",3416100
32800,250,100,"bu","10:01:46",3416200
32800,250,18100,"sd","10:01:56",3434300
32800,250,4000,"sd","10:01:57",3438300
32800,250,1000,"sd","10:01:59",3439300
32800,250,100,"bu","10:02:10",3439400
32800,250,2000,"bu","10:02:27",3441400
32750,200,100,"sd","10:02:31",3441500
32750,200,1500,"bu","10:02:46",3443000
32750,200,100,"sd","10:02:51",3443100
32750,200,3100,"sd","10:03:31",3446200
32750,200,100,"sd","10:03:32",3446300
32750,200,600,"sd","10:03:45",3446900
32800,250,100,"bu","10:03:49",3447000
32750,200,500,"sd","10:04:08",3447500
32800,250,100,"sd","10:04:13",3447600
32800,250,500,"sd","10:04:21",3448100
32750,200,2600,"bu","10:04:31",3450700
32750,200,300,"bu","10:04:33",3451000
32800,250,100,"bu","10:04:38",3451100
32750,200,4000,"sd","10:04:46",3455100
32750,200,400,"sd","10:04:48",3455500
32750,200,200,"bu","10:04:55",3455700
32750,200,500,"bu","10:05:01",3456200
32750,200,700,"sd","10:05:02",3456900
32750,200,200,"sd","10:05:03",3457100
32750,200,500,"bu","10:05:06",3457600
32750,200,1200,"sd","10:05:08",3458800
32800,250,44100,"bu","10:05:12",3502900
32800,250,55900,"sd","10:05:13",3558800
32800,250,900,"bu","10:05:15",3559700
32750,200,100,"sd","10:05:16",3559800
32750,200,11500,"bu","10:05:28",3571300
32800,250,100,"sd","10:05:31",3571400
32800,250,100500,"sd","10:06:22",3671900
32800,250,10000,"bu","10:06:32",3681900
32800,250,49400,"bu","10:06:42",3731300
32800,250,10100,"sd","10:06:44",3741400
32800,250,3900,"sd","10:06:47",3745300
32800,250,500,"bu","10:06:48",3745800
32750,200,1100,"sd","10:06:54",3746900
32800,250,2700,"sd","10:06:54",3749600
32800,250,1800,"sd","10:06:58",3751400
32800,250,500,"sd","10:07:01",3751900
32800,250,2000,"bu","10:07:02",3753900
32800,250,2700,"bu","10:07:07",3756600
32800,250,10000,"bu","10:07:12",3766600
32800,250,200,"bu","10:07:14",3766800
32800,250,2000,"sd","10:07:15",3768800
32800,250,200,"bu","10:07:21",3769000
32800,250,100,"sd","10:07:31",3769100
32800,250,1700,"bu","10:07:34",3770800
32750,200,5000,"bu","10:07:42",3775800
32800,250,100,"bu","10:07:44",3775900
32800,250,4000,"bu","10:07:45",3779900
32750,200,5100,"sd","10:07:46",3785000
32750,200,1500,"sd","10:07:47",3786500
32750,200,100,"sd","10:07:52",3786600
32750,200,6800,"sd","10:09:06",3793400
32800,250,100,"bu","10:09:09",3793500
32800,250,900,"sd","10:09:12",3794400
32800,250,100,"sd","10:09:13",3794500
32750,200,300,"sd","10:09:27",3794800
32750,200,5000,"sd","10:09:32",3799800
32800,250,100,"bu","10:09:33",3799900
32750,200,500,"bu","10:09:42",3800400
32750,200,1500,"bu","10:09:54",3801900
32800,250,100,"bu","10:09:59",3802000
32750,200,10000,"bu","10:10:02",3812000
32750,200,1000,"bu","10:10:17",3813000
32750,200,900,"sd","10:10:20",3813900
32800,250,100,"sd","10:10:23",3814000
32750,200,1000,"bu","10:10:28",3815000
32750,200,100,"bu","10:10:29",3815100
32750,200,800,"sd","10:10:30",3815900
32750,200,300,"sd","10:10:32",3816200
32750,200,15000,"bu","10:10:33",3831200
32750,200,3000,"sd","10:10:38",3834200
32750,200,1000,"sd","10:10:40",3835200
32750,200,5000,"sd","10:10:41",3840200
32750,200,2400,"sd","10:10:47",3842600
32800,250,1700,"bu","10:10:48",3844300
32750,200,2000,"sd","10:11:02",3846300
32750,200,7400,"bu","10:11:05",3853700
32750,200,900,"sd","10:11:17",3854600
32750,200,7000,"sd","10:11:21",3861600
32750,200,100,"sd","10:11:35",3861700
32700.000000000004,150,600,"bu","10:11:59",3862300
32750,200,100,"bu","10:12:02",3862400
32700.000000000004,150,1400,"bu","10:12:34",3863800
32700.000000000004,150,1000,"sd","10:12:36",3864800
32700.000000000004,150,200,"sd","10:12:47",3865000
32700.000000000004,150,1100,"sd","10:12:49",3866100
32750,200,10200,"bu","10:13:18",3876300
32750,200,200,"sd","10:13:21",3876500
32700.000000000004,150,1000,"sd","10:13:34",3877500
32700.000000000004,150,1200,"sd","10:13:38",3878700
32750,200,100,"bu","10:13:39",3878800
32750,200,2100,"bu","10:13:48",3880900
32750,200,300,"bu","10:14:05",3881200
32750,200,1100,"sd","10:14:17",3882300
32700.000000000004,150,1000,"bu","10:14:23",3883300
32700.000000000004,150,100,"sd","10:14:25",3883400
32700.000000000004,150,1100,"sd","10:14:26",3884500
32750,200,100,"bu","10:14:29",3884600
32700.000000000004,150,400,"sd","10:14:48",3885000
32750,200,100,"bu","10:14:54",3885100
32700.000000000004,150,2100,"bu","10:15:47",3887200
32700.000000000004,150,1800,"sd","10:15:59",3889000
32700.000000000004,150,300,"bu","10:16:02",3889300
32750,200,200,"sd","10:16:05",3889500
32750,200,300,"sd","10:16:08",3889800
32700.000000000004,150,1100,"sd","10:16:19",3890900
32750,200,200,"sd","10:16:32",3891100
32750,200,1100,"bu","10:16:58",3892200
32750,200,100,"bu","10:17:07",3892300
32700.000000000004,150,1300,"bu","10:17:23",3893600
32700.000000000004,150,100,"sd","10:17:32",3893700
32750,200,1000,"sd","10:17:38",3894700
32750,200,100,"sd","10:17:46",3894800
32700.000000000004,150,200,"bu","10:17:56",3895000
32750,200,100,"bu","10:18:10",3895100
32700.000000000004,150,1100,"bu","10:18:12",3896200
32700.000000000004,150,100,"bu","10:18:17",3896300
32700.000000000004,150,1300,"sd","10:18:20",3897600
32700.000000000004,150,400,"bu","10:18:29",3898000
32700.000000000004,150,100,"sd","10:18:32",3898100
32700.000000000004,150,1000,"bu","10:18:40",3899100
32700.000000000004,150,8000,"sd","10:18:42",3907100
32700.000000000004,150,900,"sd","10:18:47",3908000
32750,200,100,"sd","10:19:00",3908100
32700.000000000004,150,1000,"sd","10:19:45",3909100
32750,200,100,"bu","10:19:50",3909200
32750,200,3000,"sd","10:19:59",3912200
32700.000000000004,150,1200,"sd","10:20:05",3913400
32750,200,100,"sd","10:20:14",3913500
32700.000000000004,150,600,"sd","10:20:28",3914100
32750,200,100,"sd","10:20:38",3914200
32700.000000000004,150,500,"sd","10:20:51",3914700
32700.000000000004,150,5100,"bu","10:20:53",3919800
32700.000000000004,150,100,"bu","10:20:57",3919900
32700.000000000004,150,1000,"bu","10:20:58",3920900
32700.000000000004,150,10000,"sd","10:21:00",3930900
32700.000000000004,150,1600,"bu","10:21:02",3932500
32750,200,100,"sd","10:21:03",3932600
32700.000000000004,150,1200,"sd","10:21:04",3933800
32700.000000000004,150,3500,"bu","10:21:05",3937300
32700.000000000004,150,5100,"sd","10:21:07",3942400
32700.000000000004,150,1000,"sd","10:21:07",3943400
32700.000000000004,150,900,"bu","10:21:09",3944300
32700.000000000004,150,5000,"sd","10:21:11",3949300
32750,200,100,"bu","10:21:15",3949400
32700.000000000004,150,1000,"sd","10:21:16",3950400
32700.000000000004,150,200,"bu","10:21:21",3950600
32700.000000000004,150,4100,"sd","10:21:24",3954700
32700.000000000004,150,10100,"sd","10:21:29",3964800
32700.000000000004,150,1500,"sd","10:21:32",3966300
32700.000000000004,150,2000,"bu","10:21:35",3968300
32700.000000000004,150,5100,"sd","10:21:37",3973400
32700.000000000004,150,1000,"bu","10:21:38",3974400
32700.000000000004,150,200,"sd","10:21:42",3974600
32700.000000000004,150,100,"bu","10:21:46",3974700
32700.000000000004,150,1400,"sd","10:21:47",3976100
32750,200,3100,"sd","10:21:53",3979200
32700.000000000004,150,1000,"sd","10:21:55",3980200
32700.000000000004,150,1100,"bu","10:22:00",3981300
32700.000000000004,150,5100,"bu","10:22:02",3986400
32700.000000000004,150,600,"bu","10:22:03",3987000
32700.000000000004,150,500,"sd","10:22:05",3987500
32700.000000000004,150,2500,"sd","10:22:09",3990000
32700.000000000004,150,100,"sd","10:22:15",3990100
32700.000000000004,150,6900,"bu","10:22:16",3997000
32700.000000000004,150,1400,"sd","10:22:17",3998400
32750,200,1300,"bu","10:22:18",3999700
32700.000000000004,150,1000,"bu","10:22:19",4000700
32700.000000000004,150,5000,"sd","10:22:25",4005700
32700.000000000004,150,10000,"sd","10:22:31",4015700
32700.000000000004,150,1900,"sd","10:22:32",4017600
32700.000000000004,150,2000,"sd","10:22:38",4019600
32750,200,100,"sd","10:22:41",4019700
32700.000000000004,150,1000,"bu","10:22:43",4020700
32700.000000000004,150,2700,"sd","10:22:47",4023400
32700.000000000004,150,15000,"bu","10:22:53",4038400
32700.000000000004,150,100,"bu","10:22:54",4038500
32700.000000000004,150,2200,"sd","10:22:59",4040700
32700.000000000004,150,8700,"sd","10:23:00",4049400
32700.000000000004,150,2600,"bu","10:23:02",4052000
32750,200,800,"bu","10:23:07",4052800
32700.000000000004,150,17900,"bu","10:23:17",4070700
32700.000000000004,150,5000,"sd","10:23:22",4075700
32700.000000000004,150,900,"bu","10:23:32",4076600
32650,100,15000,"sd","10:23:47",4091600
32650,100,1100,"sd","10:23:53",4092700
32700.000000000004,150,100,"sd","10:23:56",4092800
32700.000000000004,150,900,"sd","10:24:20",4093700
32650,100,3200,"bu","10:24:33",4097100
32650,100,6800,"bu","10:24:34",4103900
32650,100,5100,"sd","10:24:44",4109000
32700.000000000004,150,100,"sd","10:24:45",4109100
32650,100,1600,"sd","10:24:51",4110700
32700.000000000004,150,200,"sd","10:24:52",4110900
32700.000000000004,150,100,"sd","10:25:10",4111000
32650,100,1000,"sd","10:25:33",4112000
32700.000000000004,150,100,"bu","10:25:35",4112100
32650,100,1100,"bu","10:25:45",4113200
32650,100,200,"bu","10:25:47",4113400
32700.000000000004,150,100,"bu","10:25:59",4113500
32700.000000000004,150,1000,"bu","10:26:36",4114500
32650,100,100,"sd","10:26:44",4114600
32650,100,700,"sd","10:26:52",4115300
32700.000000000004,150,100,"bu","10:27:13",4115400
32650,100,10000,"sd","10:27:15",4125400
32650,100,1000,"sd","10:27:17",4126400
32650,100,200,"sd","10:27:18",4126600
32650,100,100,"bu","10:27:29",4126700
32650,100,1400,"bu","10:27:38",4128100
32650,100,100,"bu","10:27:47",4128200
32650,100,300,"bu","10:27:54",4128500
32650,100,1000,"sd","10:27:57",4129500
32650,100,3100,"sd","10:28:10",4132600
32650,100,300,"sd","10:28:17",4132900
32650,100,3000,"sd","10:28:23",4135900
32700.000000000004,150,100,"bu","10:28:27",4136000
32650,100,3000,"sd","10:28:38",4139000
32650,100,400,"bu","10:28:48",4139400
32650,100,3300,"bu","10:28:51",4142700
32700.000000000004,150,100,"bu","10:28:52",4142800
32650,100,300,"sd","10:29:00",4143100
32650,100,400,"sd","10:29:02",4143500
32650,100,1000,"bu","10:29:09",4144500
32650,100,1000,"sd","10:29:15",4145500
32700.000000000004,150,100,"sd","10:29:16",4145600
32650,100,1000,"bu","10:29:25",4146600
32650,100,1000,"bu","10:29:31",4147600
32650,100,200,"bu","10:29:32",4147800
32650,100,2000,"sd","10:29:35",4149800
32650,100,300,"sd","10:29:41",4150100
32650,100,1200,"sd","10:29:48",4151300
32650,100,2600,"sd","10:29:49",4153900
32650,100,3400,"sd","10:29:50",4157300
32650,100,11700,"bu","10:30:00",4169000
32650,100,100,"sd","10:30:06",4169100
32650,100,8200,"bu","10:30:14",4177300
32600,50,800,"sd","10:30:16",4178100
32600,50,2000,"sd","10:30:17",4180100
32650,100,1100,"sd","10:30:29",4181200
32600,50,500,"sd","10:30:32",4181700
32600,50,200,"bu","10:30:33",4181900
32650,100,2900,"bu","10:30:55",4184800
32600,50,400,"bu","10:31:03",4185200
32600,50,5100,"sd","10:31:11",4190300
32650,100,100,"bu","10:31:15",4190400
32650,100,1300,"sd","10:31:18",4191700
32650,100,100,"bu","10:31:19",4191800
32600,50,500,"bu","10:31:24",4192300
32650,100,2400,"sd","10:31:25",4194700
32650,100,7200,"sd","10:31:31",4201900
32600,50,500,"sd","10:31:35",4202400
32650,100,100,"bu","10:31:44",4202500
32650,100,4200,"sd","10:31:50",4206700
32600,50,3000,"bu","10:32:00",4209700
32600,50,700,"sd","10:32:03",4210400
32600,50,2000,"bu","10:32:10",4212400
32600,50,200,"sd","10:32:18",4212600
32650,100,100,"bu","10:32:34",4212700
32650,100,200,"sd","10:32:37",4212900
32650,100,900,"sd","10:32:46",4213800
32600,50,4000,"bu","10:32:51",4217800
32600,50,3000,"sd","10:32:56",4220800
32650,100,100,"bu","10:32:58",4220900
32600,50,1100,"sd","10:33:17",4222000
32650,100,100,"bu","10:33:22",4222100
32600,50,1000,"bu","10:33:38",4223100
32600,50,300,"sd","10:33:46",4223400
32650,100,100,"sd","10:33:48",4223500
32650,100,300,"bu","10:33:59",4223800
32650,100,100,"bu","10:34:12",4223900
32650,100,300,"sd","10:34:20",4224200
32650,100,100,"bu","10:34:32",4224300
32650,100,3100,"sd","10:34:40",4227400
32600,50,500,"bu","10:34:42",4227900
32600,50,300,"bu","10:34:47",4228200
32650,100,41400,"sd","10:34:48",4269600
32650,100,1000,"sd","10:34:52",4270600
32650,100,800,"sd","10:34:55",4271400
32700.000000000004,150,100,"sd","10:35:01",4271500
32650,100,1500,"sd","10:35:03",4273000
32650,100,1200,"sd","10:35:10",4274200
32650,100,200,"bu","10:35:17",4274400
32650,100,3000,"bu","10:35:20",4277400
32650,100,100,"sd","10:35:21",4277500
32650,100,5400,"sd","10:35:53",4282900
32650,100,500,"bu","10:36:03",4283400
32650,100,100,"bu","10:36:05",4283500
32650,100,20000,"sd","10:36:19",4303500
32650,100,6000,"bu","10:36:24",4309500
32650,100,3000,"bu","10:36:26",4312500
32650,100,1100,"sd","10:36:27",4313600
32650,100,3000,"sd","10:36:32",4316600
32650,100,100,"bu","10:36:39",4316700
32650,100,2100,"sd","10:36:42",4318800
32650,100,500,"sd","10:36:47",4319300
32650,100,600,"bu","10:37:03",4319900
32650,100,1000,"bu","10:37:04",4320900
32700.000000000004,150,100,"bu","10:37:05",4321000
32700.000000000004,150,800,"sd","10:38:33",4321800
32700.000000000004,150,100,"sd","10:38:43",4321900
32700.000000000004,150,1300,"sd","10:38:49",4323200
32650,100,800,"bu","10:38:54",4324000
32650,100,1200,"sd","10:38:56",4325200
32650,100,300,"bu","10:39:03",4325500
32650,100,1000,"sd","10:39:04",4326500
32700.000000000004,150,100,"bu","10:39:08",4326600
32650,100,500,"sd","10:39:09",4327100
32650,100,100,"bu","10:39:15",4327200
32650,100,200,"sd","10:39:18",4327400
32650,100,1000,"sd","10:39:20",4328400
32650,100,200,"bu","10:39:32",4328600
32650,100,700,"sd","10:39:34",4329300
32700.000000000004,150,1000,"bu","10:39:36",4330300
32700.000000000004,150,100,"bu","10:39:45",4330400
32650,100,50000,"bu","10:39:47",4380400
32700.000000000004,150,100,"sd","10:39:57",4380500
32650,100,500,"sd","10:40:06",4381000
32650,100,2500,"sd","10:40:26",4383500
32650,100,100,"bu","10:40:30",4383600
32650,100,200,"sd","10:40:32",4383800
32650,100,100,"sd","10:40:35",4383900
32650,100,1200,"bu","10:40:50",4385100
32650,100,1000,"bu","10:40:59",4386100
32650,100,200,"sd","10:41:03",4386300
32700.000000000004,150,100,"sd","10:41:10",4386400
32650,100,1000,"sd","10:41:17",4387400
32650,100,6000,"bu","10:41:23",4393400
32650,100,12000,"sd","10:41:33",4405400
32650,100,300,"bu","10:41:34",4405700
32700.000000000004,150,100,"bu","10:41:35",4405800
32650,100,200,"bu","10:41:40",4406000
32650,100,100,"bu","10:41:42",4406100
32700.000000000004,150,1600,"sd","10:41:48",4407700
32650,100,200,"sd","10:41:56",4407900
32700.000000000004,150,100,"sd","10:42:00",4408000
32650,100,400,"sd","10:42:27",4408400
32650,100,100,"bu","10:42:28",4408500
32650,100,600,"sd","10:42:36",4409100
32650,100,1100,"sd","10:42:42",4410200
32650,100,4900,"bu","10:42:45",4415100
32650,100,2000,"sd","10:42:46",4417100
32650,100,800,"sd","10:42:48",4417900
32650,100,100,"bu","10:43:11",4418000
32650,100,2400,"bu","10:43:33",4420400
32650,100,4200,"sd","10:43:34",4424600
32600,50,15200,"sd","10:43:43",4439800
32600,50,1900,"bu","10:43:48",4441700
32600,50,600,"bu","10:43:59",4442300
32600,50,200,"bu","10:44:02",4442500
32600,50,50000,"sd","10:44:07",4492500
32600,50,5000,"sd","10:44:17",4497500
32600,50,50000,"sd","10:44:18",4547500
32600,50,100,"sd","10:44:30",4547600
32600,50,17600,"sd","10:44:33",4565200
32600,50,500,"bu","10:44:35",4565700
32600,50,600,"bu","10:44:36",4566300
32600,50,5000,"sd","10:44:44",4571300
32600,50,2300,"sd","10:44:48",4573600
32600,50,4000,"bu","10:44:50",4577600
32600,50,600,"bu","10:45:02",4578200
32650,100,1200,"bu","10:45:05",4579400
32600,50,1000,"bu","10:45:12",4580400
32650,100,15000,"bu","10:45:16",4595400
32600,50,400,"bu","10:45:28",4595800
32600,50,1300,"bu","10:45:43",4597100
32600,50,1800,"bu","10:45:43",4598900
32600,50,900,"bu","10:46:14",4599800
32600,50,1200,"sd","10:46:29",4601000
32600,50,100,"bu","10:46:33",4601100
32600,50,30000,"sd","10:46:39",4631100
32600,50,100,"bu","10:46:42",4631200
32600,50,3000,"sd","10:46:47",4634200
32650,100,1700,"sd","10:46:51",4635900
32650,100,100,"bu","10:46:53",4636000
32650,100,7200,"bu","10:46:56",4643200
32600,50,1000,"bu","10:47:02",4644200
32600,50,1300,"sd","10:47:03",4645500
32600,50,100,"sd","10:47:07",4645600
32650,100,100300,"bu","10:47:17",4745900
32650,100,300,"bu","10:47:23",4746200
32700.000000000004,150,1100,"bu","10:47:32",4747300
32700.000000000004,150,1000,"bu","10:47:47",4748300
32700.000000000004,150,100,"bu","10:47:48",4748400
32700.000000000004,150,700,"sd","10:48:09",4749100
32700.000000000004,150,6800,"sd","10:48:13",4755900
32700.000000000004,150,100,"bu","10:48:16",4756000
32650,100,1000,"bu","10:48:21",4757000
32650,100,100,"sd","10:48:24",4757100
32650,100,33200,"sd","10:49:17",4790300
32650,100,5000,"sd","10:49:30",4795300
32650,100,800,"sd","10:49:32",4796100
32650,100,100,"bu","10:49:43",4796200
32650,100,1300,"bu","10:50:15",4797500
32650,100,100,"bu","10:50:18",4797600
32650,100,1900,"bu","10:50:30",4799500
32650,100,200,"bu","10:50:32",4799700
32650,100,400,"bu","10:50:35",4800100
32650,100,100,"sd","10:50:36",4800200
32700.000000000004,150,3000,"sd","10:50:55",4803200
32700.000000000004,150,100,"sd","10:50:59",4803300
32650,100,1000,"bu","10:51:04",4804300
32650,100,100,"sd","10:51:18",4804400
32650,100,6400,"sd","10:52:08",4810800
32650,100,100,"bu","10:52:17",4810900
32650,100,500,"bu","10:52:23",4811400
32650,100,5000,"bu","10:52:31",4816400
32650,100,500,"bu","10:52:32",4816900
32650,100,22200,"bu","10:52:46",4839100
32650,100,2200,"bu","10:52:47",4841300
32650,100,200,"sd","10:53:02",4841500
32650,100,2000,"sd","10:53:04",4843500
32700.000000000004,150,1100,"bu","10:53:10",4844600
32650,100,2200,"bu","10:53:18",4846800
32650,100,200,"bu","10:53:32",4847000
32650,100,100,"bu","10:53:39",4847100
32650,100,800,"bu","10:53:48",4847900
32650,100,1200,"sd","10:54:00",4849100
32650,100,200,"sd","10:54:03",4849300
32650,100,3200,"bu","10:54:19",4852500
32650,100,1000,"bu","10:54:29",4853500
32650,100,1500,"sd","10:54:32",4855000
32650,100,400,"bu","10:54:33",4855400
32650,100,100,"bu","10:54:34",4855500
32700.000000000004,150,1000,"bu","10:54:40",4856500
32700.000000000004,150,196500,"bu","10:54:52",5053000
32700.000000000004,150,24700,"sd","10:55:03",5077700
32700.000000000004,150,4000,"bu","10:55:11",5081700
32700.000000000004,150,2400,"sd","10:55:18",5084100
32700.000000000004,150,200,"sd","10:55:23",5084300
32750,200,700,"sd","10:55:33",5085000
32750,200,100,"sd","10:55:34",5085100
32700.000000000004,150,2000,"bu","10:55:45",5087100
32700.000000000004,150,200,"sd","10:55:47",5087300
32700.000000000004,150,1000,"sd","10:55:54",5088300
32700.000000000004,150,20000,"sd","10:55:55",5108300
32700.000000000004,150,3000,"sd","10:55:57",5111300
32700.000000000004,150,2400,"sd","10:56:02",5113700
32700.000000000004,150,2000,"sd","10:56:15",5115700
32700.000000000004,150,100,"bu","10:56:16",5115800
32700.000000000004,150,400,"sd","10:56:17",5116200
32700.000000000004,150,900,"sd","10:56:26",5117100
32700.000000000004,150,100,"bu","10:56:32",5117200
32700.000000000004,150,1000,"bu","10:56:35",5118200
32700.000000000004,150,100,"bu","10:56:48",5118300
32700.000000000004,150,3000,"bu","10:56:52",5121300
32700.000000000004,150,100,"sd","10:56:56",5121400
32700.000000000004,150,5000,"bu","10:56:57",5126400
32700.000000000004,150,1900,"sd","10:57:01",5128300
32700.000000000004,150,1000,"sd","10:57:02",5129300
32700.000000000004,150,1500,"bu","10:57:05",5130800
32700.000000000004,150,400,"sd","10:57:06",5131200
32700.000000000004,150,200,"bu","10:57:18",5131400
32700.000000000004,150,500,"bu","10:57:20",5131900
32700.000000000004,150,100,"sd","10:57:35",5132000
32700.000000000004,150,500,"bu","10:57:42",5132500
32700.000000000004,150,11900,"bu","10:57:47",5144400
32700.000000000004,150,1300,"sd","10:57:53",5145700
32700.000000000004,150,1100,"sd","10:58:03",5146800
32700.000000000004,150,1000,"sd","10:58:04",5147800
32700.000000000004,150,1400,"bu","10:58:05",5149200
32700.000000000004,150,100,"bu","10:58:11",5149300
32700.000000000004,150,400,"sd","10:58:19",5149700
32700.000000000004,150,10000,"sd","10:58:23",5159700
32700.000000000004,150,100,"sd","10:58:31",5159800
32700.000000000004,150,800,"sd","10:58:44",5160600
32700.000000000004,150,100,"sd","10:58:46",5160700
32700.000000000004,150,5000,"sd","10:58:51",5165700
32700.000000000004,150,12000,"bu","10:58:55",5177700
32700.000000000004,150,1700,"bu","10:59:02",5179400
32700.000000000004,150,2000,"sd","10:59:10",5181400
32700.000000000004,150,2300,"bu","10:59:15",5183700
32700.000000000004,150,700,"sd","10:59:17",5184400
32700.000000000004,150,200,"bu","10:59:28",5184600
32700.000000000004,150,1100,"bu","10:59:39",5185700
32700.000000000004,150,500,"sd","10:59:45",5186200
32700.000000000004,150,3100,"sd","10:59:47",5189300
32700.000000000004,150,3400,"bu","10:59:53",5192700
32700.000000000004,150,2000,"sd","10:59:54",5194700
32700.000000000004,150,3000,"sd","11:00:02",5197700
32700.000000000004,150,100,"sd","11:00:12",5197800
32700.000000000004,150,700,"sd","11:00:19",5198500
32700.000000000004,150,200,"sd","11:00:20",5198700
32700.000000000004,150,2000,"bu","11:00:23",5200700
32700.000000000004,150,200,"bu","11:00:32",5200900
32750,200,3400,"bu","11:00:57",5204300
32750,200,3000,"bu","11:01:01",5207300
32700.000000000004,150,5100,"sd","11:01:04",5212400
32750,200,100,"bu","11:01:07",5212500
32700.000000000004,150,1300,"sd","11:01:28",5213800
32700.000000000004,150,100,"bu","11:01:30",5213900
32700.000000000004,150,1200,"bu","11:01:33",5215100
32750,200,100,"bu","11:01:35",5215200
32700.000000000004,150,4100,"sd","11:01:43",5219300
32700.000000000004,150,5100,"sd","11:01:47",5224400
32700.000000000004,150,1000,"sd","11:01:48",5225400
32700.000000000004,150,100,"sd","11:01:57",5225500
32700.000000000004,150,1000,"sd","11:01:59",5226500
32700.000000000004,150,2000,"bu","11:02:00",5228500
32750,200,100,"sd","11:02:02",5228600
32700.000000000004,150,400,"bu","11:02:03",5229000
32700.000000000004,150,5100,"bu","11:02:07",5234100
32700.000000000004,150,500,"sd","11:02:18",5234600
32750,200,100,"sd","11:02:30",5234700
32700.000000000004,150,6000,"sd","11:02:32",5240700
32700.000000000004,150,600,"sd","11:02:33",5241300
32700.000000000004,150,1000,"bu","11:02:36",5242300
32700.000000000004,150,100,"bu","11:02:48",5242400
32700.000000000004,150,2100,"sd","11:02:51",5244500
32750,200,20400,"bu","11:02:57",5264900
32700.000000000004,150,23000,"sd","11:03:01",5287900
32700.000000000004,150,4500,"bu","11:03:03",5292400
32700.000000000004,150,500,"sd","11:03:09",5292900
32700.000000000004,150,3400,"sd","11:03:11",5296300
32700.000000000004,150,3100,"bu","11:03:25",5299400
32650,100,1100,"sd","11:03:26",5300500
32650,100,2400,"bu","11:03:36",5302900
32650,100,200,"bu","11:03:48",5303100
32700.000000000004,150,100,"bu","11:03:50",5303200
32700.000000000004,150,1100,"sd","11:04:17",5304300
32700.000000000004,150,100,"bu","11:04:20",5304400
32650,100,2500,"sd","11:05:20",5306900
32650,100,100,"bu","11:05:26",5307000
32700.000000000004,150,300,"sd","11:05:37",5307300
32700.000000000004,150,3000,"sd","11:05:39",5310300
32700.000000000004,150,100,"sd","11:05:42",5310400
32650,100,2000,"bu","11:05:47",5312400
32650,100,100,"sd","11:05:57",5312500
32650,100,200,"bu","11:06:03",5312700
32700.000000000004,150,100,"bu","11:06:10",5312800
32700.000000000004,150,1200,"bu","11:06:31",5314000
32700.000000000004,150,100,"bu","11:06:39",5314100
32700.000000000004,150,1700,"bu","11:06:41",5315800
32700.000000000004,150,7200,"bu","11:06:47",5323000
32650,100,2000,"bu","11:06:56",5325000
32650,100,200,"sd","11:07:03",5325200
32700.000000000004,150,9500,"bu","11:07:10",5334700
32650,100,1100,"sd","11:07:13",5335800
32650,100,1000,"sd","11:07:18",5336800
32700.000000000004,150,200,"bu","11:07:33",5337000
32700.000000000004,150,4200,"sd","11:07:59",5341200
32700.000000000004,150,100,"bu","11:08:01",5341300
32650,100,2000,"sd","11:08:02",5343300
32650,100,700,"bu","11:08:03",5344000
32650,100,200,"bu","11:08:04",5344200
32700.000000000004,150,1700,"sd","11:08:15",5345900
32700.000000000004,150,7200,"sd","11:08:22",5353100
32700.000000000004,150,100,"bu","11:08:29",5353200
32650,100,2000,"sd","11:08:40",5355200
32650,100,100,"bu","11:08:46",5355300
32650,100,200,"bu","11:08:48",5355500
32700.000000000004,150,100,"bu","11:08:55",5355600
32650,100,1100,"sd","11:09:06",5356700
32650,100,100,"bu","11:09:18",5356800
32650,100,2400,"sd","11:09:27",5359200
32700.000000000004,150,300,"sd","11:09:51",5359500
32700.000000000004,150,1700,"bu","11:10:08",5361200
32700.000000000004,150,7200,"sd","11:10:16",5368400
32700.000000000004,150,100,"bu","11:10:18",5368500
32650,100,1200,"bu","11:10:58",5369700
32650,100,100,"sd","11:11:03",5369800
32700.000000000004,150,600,"sd","11:11:29",5370400
32700.000000000004,150,100,"sd","11:11:33",5370500
32700.000000000004,150,5100,"bu","11:11:59",5375600
32700.000000000004,150,100,"sd","11:12:08",5375700
32650,100,1600,"bu","11:12:51",5377300
32650,100,100,"sd","11:13:02",5377400
32650,100,7100,"sd","11:13:10",5384500
32650,100,700,"bu","11:13:18",5385200
32700.000000000004,150,200,"sd","11:13:20",5385400
32650,100,3000,"bu","11:13:29",5388400
32700.000000000004,150,100,"sd","11:13:31",5388500
32700.000000000004,150,600,"sd","11:13:53",5389100
32700.000000000004,150,100,"sd","11:13:58",5389200
32650,100,2000,"sd","11:14:15",5391200
32650,100,200,"sd","11:14:17",5391400
32650,100,100,"sd","11:14:24",5391500
32650,100,1100,"sd","11:14:44",5392600
32650,100,100,"bu","11:14:48",5392700
32650,100,1900,"sd","11:15:03",5394600
32650,100,2000,"sd","11:15:04",5396600
32650,100,100,"sd","11:15:10",5396700
32650,100,300,"sd","11:15:18",5397000
32650,100,200,"bu","11:15:21",5397200
32650,100,2200,"bu","11:15:48",5399400
32700.000000000004,150,100,"sd","11:15:49",5399500
32650,100,20000,"sd","11:15:51",5419500
32650,100,2000,"sd","11:16:03",5421500
32700.000000000004,150,2100,"bu","11:16:17",5423600
32650,100,1300,"sd","11:16:37",5424900
32700.000000000004,150,100,"sd","11:16:43",5425000
32650,100,2000,"sd","11:16:52",5427000
32650,100,200,"sd","11:17:03",5427200
32700.000000000004,150,100,"bu","11:17:08",5427300
32650,100,2100,"sd","11:17:23",5429400
32650,100,200,"bu","11:17:32",5429600
32700.000000000004,150,100,"sd","11:17:40",5429700
32650,100,2500,"sd","11:17:50",5432200
32650,100,100,"sd","11:18:01",5432300
32650,100,200,"sd","11:18:03",5432500
32700.000000000004,150,100,"sd","11:18:07",5432600
32650,100,500,"sd","11:18:30",5433100
32650,100,600,"sd","11:18:31",5433700
32650,100,100,"sd","11:18:32",5433800
32650,100,2000,"bu","11:18:33",5435800
32700.000000000004,150,100,"sd","11:18:35",5435900
32650,100,600,"sd","11:19:04",5436500
32650,100,1000,"sd","11:19:21",5437500
32650,100,200,"sd","11:19:24",5437700
32700.000000000004,150,500,"bu","11:19:29",5438200
32700.000000000004,150,1000,"sd","11:19:50",5439200
32700.000000000004,150,100,"sd","11:19:56",5439300
32650,100,1800,"sd","11:20:35",5441100
32650,100,200,"bu","11:20:49",5441300
32700.000000000004,150,100,"sd","11:20:51",5441400
32650,100,1000,"bu","11:20:59",5442400
32650,100,100,"sd","11:21:02",5442500
32650,100,400,"sd","11:21:21",5442900
32700.000000000004,150,600,"sd","11:21:47",5443500
32650,100,300,"bu","11:22:15",5443800
32650,100,1100,"sd","11:22:16",5444900
32650,100,100,"bu","11:22:18",5445000
32700.000000000004,150,1800,"bu","11:22:41",5446800
32700.000000000004,150,100,"sd","11:22:43",5446900
32700.000000000004,150,7200,"bu","11:22:46",5454100
32650,100,100,"sd","11:22:47",5454200
32700.000000000004,150,600,"bu","11:23:23",5454800
32700.000000000004,150,3000,"bu","11:23:32",5457800
32700.000000000004,150,100,"bu","11:23:37",5457900
32650,100,500,"sd","11:23:55",5458400
32700.000000000004,150,100,"sd","11:24:04",5458500
32650,100,1000,"bu","11:24:10",5459500
32650,100,4000,"sd","11:24:11",5463500
32650,100,500,"sd","11:24:17",5464000
32700.000000000004,150,100,"bu","11:24:32",5464100
32650,100,400,"sd","11:25:03",5464500
32650,100,1800,"sd","11:25:16",5466300
32650,100,200,"bu","11:25:18",5466500
32700.000000000004,150,300,"bu","11:25:28",5466800
32700.000000000004,150,300,"bu","11:25:41",5467100
32700.000000000004,150,100,"sd","11:25:52",5467200
32650,100,1300,"sd","11:26:03",5468500
32650,100,2000,"bu","11:26:15",5470500
32650,100,300,"bu","11:26:18",5470800
32700.000000000004,150,100,"bu","11:26:23",5470900
32650,100,600,"sd","11:26:51",5471500
32700.000000000004,150,100,"bu","11:27:17",5471600
32700.000000000004,150,18000,"sd","11:27:24",5489600
32700.000000000004,150,100,"sd","11:27:44",5489700
32700.000000000004,150,6100,"sd","11:28:31",5495800
32650,100,3600,"bu","11:28:41",5499400
32650,100,300,"sd","11:28:48",5507300
32650,100,200,"sd","11:28:58",5507500
32650,100,800,"sd","11:29:03",5508300
32650,100,200,"bu","11:29:05",5508500
32700.000000000004,150,100,"sd","11:29:08",5508600
32650,100,600,"sd","11:29:09",5509200
32650,100,300,"bu","11:29:13",5509500
32650,100,200,"sd","11:29:18",5509700
32700.000000000004,150,500,"bu","11:29:26",5510200
32700.000000000004,150,1500,"sd","13:00:13",5511700
32650,100,300,"sd","13:00:14",5512000
32700.000000000004,150,4700,"sd","13:00:14",5516700
32700.000000000004,150,12000,"bu","13:00:15",5528700
32650,100,10100,"bu","13:00:16",5538800
32650,100,9200,"sd","13:00:16",5548000
32650,100,2100,"sd","13:00:17",5550100
32650,100,3700,"bu","13:00:20",5553800
32650,100,900,"sd","13:00:22",5554700
32650,100,118700,"sd","13:00:24",5673400
32700.000000000004,150,100,"sd","13:00:25",5673700
32700.000000000004,150,2300,"bu","13:00:26",5676000
32650,100,100,"bu","13:00:27",5676100
32650,100,42000,"bu","13:00:30",5718100
32650,100,1200,"bu","13:00:32",5719500
32650,100,1800,"bu","13:00:34",5721300
32650,100,5000,"bu","13:00:38",5726300
32650,100,700,"sd","13:00:40",5727000
32650,100,10100,"bu","13:00:43",5737100
32650,100,1000,"sd","13:00:44",5738100
32650,100,1600,"bu","13:00:45",5739700
32650,100,100,"sd","13:00:46",5739800
32650,100,5000,"sd","13:00:46",5744800
32650,100,400,"bu","13:00:49",5745200
32600,50,1300,"bu","13:00:50",5746500
32650,100,50000,"bu","13:00:51",5796500
32650,100,39300,"sd","13:00:52",5835800
32650,100,100,"sd","13:00:56",5835900
32650,100,30000,"sd","13:01:05",5865900
32650,100,21000,"bu","13:01:07",5886900
32650,100,400,"bu","13:01:12",5887300
32650,100,4000,"sd","13:01:21",5891300
32650,100,100,"sd","13:01:25",5891400
32600,50,2000,"bu","13:01:31",5893400
32650,100,37800,"sd","13:01:33",5931200
32650,100,600,"bu","13:01:36",5931800
32700.000000000004,150,1000,"sd","13:01:39",5932800
32700.000000000004,150,13100,"sd","13:02:06",5945900
32700.000000000004,150,300,"bu","13:02:08",5946200
32700.000000000004,150,3100,"sd","13:02:13",5949300
32700.000000000004,150,100,"sd","13:02:20",5949400
32650,100,2600,"bu","13:02:29",5952000
32650,100,40600,"bu","13:02:30",5992600
32700.000000000004,150,4500,"sd","13:02:31",5997100
32700.000000000004,150,900,"sd","13:02:32",5998000
32650,100,102600,"bu","13:02:36",6100600
32700.000000000004,150,4200,"bu","13:02:38",6104800
32700.000000000004,150,10000,"sd","13:02:50",6114800
32700.000000000004,150,31600,"sd","13:02:51",6146400
32700.000000000004,150,900,"bu","13:02:52",6147300
32700.000000000004,150,9200,"sd","13:02:56",6156500
32700.000000000004,150,3000,"bu","13:02:58",6159500
32700.000000000004,150,2200,"bu","13:03:05",6161700
32700.000000000004,150,3300,"bu","13:03:08",6165000
32700.000000000004,150,300,"sd","13:03:10",6165300
32700.000000000004,150,100,"bu","13:03:15",6165400
32700.000000000004,150,2000,"bu","13:03:26",6167400
32700.000000000004,150,1700,"sd","13:03:35",6169100
32700.000000000004,150,2000,"bu","13:03:37",6171100
32700.000000000004,150,7200,"sd","13:03:39",6178300
32700.000000000004,150,100,"sd","13:03:43",6178400
32650,100,5000,"sd","13:03:48",6183400
32700.000000000004,150,100,"bu","13:03:50",6183500
32700.000000000004,150,9000,"sd","13:03:58",6192500
32700.000000000004,150,4000,"sd","13:03:59",6196500
32700.000000000004,150,100,"sd","13:04:11",6196600
32700.000000000004,150,5000,"sd","13:04:14",6201600
32700.000000000004,150,300,"sd","13:04:17",6201900
32650,100,10000,"sd","13:04:35",6211900
32650,100,800,"bu","13:04:39",6212700
32650,100,400,"bu","13:04:40",6213100
32650,100,1100,"sd","13:04:48",6214200
32650,100,3100,"bu","13:05:04",6217300
32700.000000000004,150,100,"sd","13:05:06",6217400
32700.000000000004,150,500,"bu","13:05:14",6217900
32650,100,1200,"bu","13:05:41",6219100
32700.000000000004,150,1200,"sd","13:05:45",6220300
32700.000000000004,150,10000,"bu","13:05:51",6230300
32650,100,300,"sd","13:05:57",6230600
32700.000000000004,150,100,"bu","13:06:01",6230700
32650,100,4000,"sd","13:06:02",6234700
32650,100,1400,"sd","13:06:03",6236100
32700.000000000004,150,4000,"bu","13:06:09",6240100
32650,100,100,"sd","13:06:17",6240200
32650,100,500,"sd","13:06:18",6240700
32700.000000000004,150,300,"sd","13:06:22",6241000
32700.000000000004,150,100,"bu","13:06:28",6241100
32650,100,300,"sd","13:06:31",6241400
32650,100,100,"sd","13:06:33",6241500
32650,100,600,"sd","13:06:37",6242100
32650,100,1000,"bu","13:06:41",6243100
32650,100,1100,"bu","13:06:42",6244200
32650,100,200,"bu","13:06:48",6244400
32700.000000000004,150,10000,"sd","13:06:51",6254400
32650,100,100,"bu","13:06:53",6254500
32650,100,3100,"sd","13:07:13",6257600
32700.000000000004,150,300,"sd","13:07:15",6257900
32700.000000000004,150,5000,"sd","13:07:21",6262900
32700.000000000004,150,100,"bu","13:07:24",6263000
32700.000000000004,150,4600,"bu","13:07:29",6267600
32700.000000000004,150,11700,"sd","13:07:30",6279300
32700.000000000004,150,4800,"sd","13:07:32",6284100
32700.000000000004,150,500,"sd","13:07:33",6284600
32700.000000000004,150,5000,"sd","13:07:45",6289600
32700.000000000004,150,8500,"sd","13:07:47",6298100
32700.000000000004,150,100,"bu","13:07:51",6298200
32700.000000000004,150,20000,"sd","13:07:57",6318200
32700.000000000004,150,9000,"sd","13:08:00",6327200
32700.000000000004,150,100,"bu","13:08:19",6327300
32700.000000000004,150,6000,"bu","13:08:21",6333300
32700.000000000004,150,300,"bu","13:08:25",6333600
32700.000000000004,150,8000,"bu","13:08:29",6341600
32700.000000000004,150,1000,"sd","13:08:31",6342600
32700.000000000004,150,19900,"sd","13:08:33",6362500
32700.000000000004,150,100,"bu","13:08:35",6362600
32700.000000000004,150,1100,"bu","13:08:37",6363700
32700.000000000004,150,100,"bu","13:08:42",6363800
32700.000000000004,150,300,"sd","13:08:43",6364100
32700.000000000004,150,700,"bu","13:08:45",6364800
32750,200,600,"sd","13:08:46",6365400
32700.000000000004,150,2200,"sd","13:08:48",6367600
32700.000000000004,150,2000,"bu","13:08:58",6369600
32700.000000000004,150,300,"bu","13:08:59",6369900
32700.000000000004,150,400,"sd","13:09:03",6370300
32700.000000000004,150,2100,"bu","13:09:06",6372400
32700.000000000004,150,1500,"bu","13:09:08",6373900
32700.000000000004,150,1900,"sd","13:09:11",6375800
32750,200,100,"bu","13:09:14",6375900
32700.000000000004,150,700,"sd","13:09:19",6376600
32700.000000000004,150,800,"sd","13:09:34",6377400
32700.000000000004,150,1400,"bu","13:09:40",6378800
32750,200,1100,"bu","13:09:41",6379900
32700.000000000004,150,200,"sd","13:10:05",6380100
32750,200,100,"sd","13:10:09",6380200
32700.000000000004,150,1100,"sd","13:10:36",6381300
32750,200,1800,"sd","13:10:41",6383100
32750,200,100,"bu","13:10:42",6383200
32700.000000000004,150,8000,"sd","13:10:46",6391200
32700.000000000004,150,1100,"sd","13:10:48",6392300
32700.000000000004,150,1000,"bu","13:10:49",6393300
32700.000000000004,150,100,"bu","13:10:51",6393400
32700.000000000004,150,8000,"bu","13:11:00",6401400
32700.000000000004,150,2000,"sd","13:11:02",6403400
32750,200,1100,"bu","13:11:03",6404500
32700.000000000004,150,500,"bu","13:11:09",6405000
32700.000000000004,150,300,"sd","13:11:18",6405300
32700.000000000004,150,1000,"bu","13:11:19",6406300
32700.000000000004,150,2000,"sd","13:11:30",6408300
32750,200,100,"bu","13:11:32",6408400
32750,200,5900,"sd","13:11:45",6414300
32700.000000000004,150,3000,"sd","13:11:49",6417300
32750,200,30000,"bu","13:11:57",6447300
32750,200,1000,"bu","13:11:58",6448300
32750,200,100,"sd","13:11:59",6448400
32700.000000000004,150,400,"sd","13:12:04",6448800
32750,200,2000,"sd","13:12:08",6450800
32700.000000000004,150,6000,"bu","13:12:15",6456800
32700.000000000004,150,800,"sd","13:12:18",6457600
32700.000000000004,150,2400,"sd","13:12:22",6460000
32750,200,10000,"bu","13:12:26",6470000
32750,200,100,"bu","13:12:27",6470100
32750,200,10000,"bu","13:12:28",6480100
32750,200,15900,"bu","13:12:38",6496000
32750,200,5000,"bu","13:12:43",6501000
32750,200,3100,"sd","13:12:50",6504100
32700.000000000004,150,1200,"sd","13:12:52",6505300
32750,200,100,"sd","13:12:54",6505400
32750,200,7500,"sd","13:12:55",6512900
32750,200,38100,"bu","13:12:56",6551000
32750,200,18400,"sd","13:12:57",6569400
32750,200,22400,"sd","13:12:59",6591800
32750,200,49800,"bu","13:13:00",6641600
32750,200,6100,"bu","13:13:04",6647700
32750,200,12000,"bu","13:13:06",6659700
32750,200,9000,"bu","13:13:07",6668700
32750,200,9000,"bu","13:13:08",6677700
32750,200,12000,"bu","13:13:10",6689700
32750,200,500,"sd","13:13:12",6690200
32750,200,3100,"bu","13:13:15",6693300
32750,200,5000,"bu","13:13:16",6698300
32750,200,4500,"sd","13:13:19",6702800
32750,200,100,"sd","13:13:20",6702900
32750,200,8200,"sd","13:13:22",6711100
32750,200,2000,"bu","13:13:25",6713100
32750,200,2800,"bu","13:13:26",6715900
32750,200,1500,"bu","13:13:29",6717400
32750,200,45000,"bu","13:13:30",6762400
32750,200,1400,"sd","13:13:31",6763800
32800,250,2100,"sd","13:13:32",6765900
32750,200,6600,"sd","13:13:33",6772500
32750,200,2000,"bu","13:13:37",6774500
32750,200,200,"sd","13:13:44",6774700
32750,200,700,"bu","13:13:45",6775400
32800,250,1100,"bu","13:13:48",6776500
32750,200,2500,"sd","13:13:53",6779000
32750,200,1200,"bu","13:13:56",6780200
32750,200,1700,"sd","13:13:57",6781900
32750,200,2800,"sd","13:14:00",6784700
32750,200,1900,"sd","13:14:03",6786600
32750,200,3000,"sd","13:14:06",6789600
32750,200,3300,"bu","13:14:14",6792900
32800,250,100,"bu","13:14:17",6793000
32750,200,2500,"sd","13:14:18",6795500
32750,200,6000,"bu","13:14:22",6801500
32750,200,5000,"sd","13:14:28",6806500
32750,200,100,"bu","13:14:29",6806600
32800,250,300,"sd","13:14:32",6806900
32750,200,2400,"bu","13:14:36",6809300
32750,200,2000,"sd","13:14:38",6811300
32750,200,600,"bu","13:14:40",6811900
32800,250,100,"bu","13:14:45",6812000
32750,200,1200,"sd","13:14:56",6813200
32750,200,68700,"bu","13:14:58",6881900
32750,200,300,"sd","13:15:01",6882200
32750,200,200,"sd","13:15:11",6882400
32750,200,1300,"sd","13:15:16",6883700
32750,200,300,"sd","13:15:21",6884000
32700.000000000004,150,1000,"bu","13:15:26",6885000
32700.000000000004,150,100,"sd","13:15:33",6885100
32700.000000000004,150,500,"sd","13:15:38",6885600
32750,200,100,"sd","13:15:42",6885700
32700.000000000004,150,17700,"sd","13:16:07",6903400
32750,200,100,"sd","13:16:09",6903500
32700.000000000004,150,2100,"sd","13:16:26",6905600
32700.000000000004,150,200,"bu","13:16:33",6905800
32750,200,100,"sd","13:16:36",6905900
32750,200,1800,"bu","13:16:39",6907700
32700.000000000004,150,1000,"bu","13:16:41",6908700
32700.000000000004,150,1400,"sd","13:16:48",6910100
32700.000000000004,150,1800,"sd","13:16:52",6911900
32700.000000000004,150,15200,"sd","13:16:58",6927100
32750,200,100,"sd","13:17:02",6927200
32700.000000000004,150,1700,"bu","13:17:03",6928900
32700.000000000004,150,3000,"bu","13:17:05",6931900
32700.000000000004,150,1000,"bu","13:17:07",6932900
32700.000000000004,150,3000,"bu","13:17:09",6935900
32700.000000000004,150,1000,"sd","13:17:11",6936900
32700.000000000004,150,6000,"sd","13:17:16",6942900
32700.000000000004,150,2500,"bu","13:17:18",6945400
32700.000000000004,150,2500,"sd","13:17:20",6947900
32750,200,100,"bu","13:17:30",6948000
32750,200,4600,"bu","13:17:57",6952600
32700.000000000004,150,31000,"bu","13:18:07",6983600
32750,200,10000,"bu","13:18:09",6993600
32700.000000000004,150,500,"bu","13:18:13",6994100
32700.000000000004,150,20000,"sd","13:18:17",7014100
32700.000000000004,150,4100,"bu","13:18:19",7018200
32750,200,2100,"sd","13:18:24",7020300
32700.000000000004,150,15300,"sd","13:18:28",7035600
32700.000000000004,150,14700,"sd","13:18:30",7050300
32750,200,3400,"sd","13:18:32",7053700
32750,200,20000,"sd","13:18:45",7073700
32750,200,18000,"bu","13:18:48",7091700
32750,200,100,"sd","13:18:50",7091800
32750,200,200,"sd","13:18:55",7092000
32750,200,15000,"sd","13:18:57",7107000
32700.000000000004,150,800,"bu","13:19:01",7107800
32700.000000000004,150,400,"sd","13:19:02",7108200
32750,200,1900,"sd","13:19:03",7110100
32750,200,2600,"bu","13:19:07",7112700
32750,200,1000,"bu","13:19:16",7113700
32750,200,200,"bu","13:19:18",7113900
32750,200,1700,"sd","13:19:19",7115600
32750,200,7200,"sd","13:19:26",7122800
32750,200,100,"bu","13:19:44",7122900
32750,200,400,"sd","13:19:53",7123300
32750,200,100,"sd","13:20:05",7123400
32750,200,2200,"sd","13:20:08",7125600
32750,200,100,"sd","13:20:10",7125700
32750,200,1000,"bu","13:20:12",7126700
32750,200,300,"bu","13:20:16",7127000
32750,200,500,"sd","13:20:17",7127500
32750,200,6200,"bu","13:20:22",7133700
32750,200,20000,"bu","13:20:31",7153700
32750,200,71500,"bu","13:20:33",7225200
32750,200,28500,"bu","13:20:34",7253700
32750,200,1200,"sd","13:20:36",7254900
32750,200,200,"bu","13:20:37",7255100
32750,200,10000,"bu","13:20:44",7265100
32750,200,11000,"sd","13:20:50",7276100
32750,200,300,"bu","13:20:52",7276400
32750,200,2400,"bu","13:20:56",7278800
32750,200,1500,"bu","13:20:57",7280300
32700.000000000004,150,4600,"bu","13:21:01",7284900
32700.000000000004,150,1900,"sd","13:21:03",7286800
32700.000000000004,150,700,"bu","13:21:04",7287500
32750,200,600,"sd","13:21:06",7288100
32750,200,1200,"bu","13:21:15",7289300
32750,200,5000,"sd","13:21:28",7294300
32750,200,200,"bu","13:21:32",7294500
32750,200,500,"bu","13:21:39",7295000
32750,200,3000,"sd","13:21:45",7298000
32750,200,500,"bu","13:21:51",7298500
32750,200,10200,"bu","13:21:59",7308700
32750,200,2000,"sd","13:22:02",7310700
32750,200,200,"bu","13:22:09",7310900
32750,200,100,"bu","13:22:18",7311000
32750,200,1800,"sd","13:22:26",7312800
32750,200,100,"bu","13:22:29",7312900
32750,200,1000,"bu","13:22:31",7313900
32750,200,7200,"sd","13:22:34",7321100
32750,200,500,"sd","13:22:45",7321600
32750,200,800,"sd","13:22:48",7322400
32750,200,2400,"sd","13:22:55",7324800
32700.000000000004,150,600,"bu","13:23:07",7325400
32700.000000000004,150,500,"sd","13:23:08",7325900
32700.000000000004,150,800,"sd","13:23:20",7326700
32750,200,400,"bu","13:23:27",7327100
32700.000000000004,150,10000,"bu","13:23:28",7337100
32750,200,1500,"sd","13:23:30",7338600
32700.000000000004,150,100,"sd","13:23:35",7338700
32750,200,700,"bu","13:23:42",7339400
32750,200,100,"bu","13:23:45",7339500
32750,200,10000,"sd","13:23:52",7349500
32700.000000000004,150,1500,"bu","13:24:08",7351000
32750,200,100,"bu","13:24:13",7351100
32750,200,300,"bu","13:24:16",7351400
32750,200,200,"sd","13:24:21",7351600
32750,200,300,"bu","13:24:28",7351900
32750,200,200,"bu","13:24:29",7352100
32750,200,2100,"sd","13:24:34",7354200
32750,200,3000,"bu","13:24:37",7357200
32700.000000000004,150,6300,"bu","13:24:38",7363500
32750,200,100,"sd","13:24:39",7363600
32750,200,3000,"sd","13:24:55",7366600
32750,200,28200,"sd","13:25:02",7394800
32750,200,1000,"bu","13:25:05",7395800
32750,200,100,"sd","13:25:06",7395900
32700.000000000004,150,21300,"bu","13:25:10",7417200
32700.000000000004,150,4000,"sd","13:25:17",7421200
32750,200,400,"sd","13:25:21",7421600
32700.000000000004,150,1000,"sd","13:25:24",7422600
32750,200,1600,"bu","13:25:33",7424200
32700.000000000004,150,16600,"sd","13:25:38",7440800
32750,200,600,"sd","13:25:45",7441400
32750,200,2000,"bu","13:25:56",7443400
32750,200,100,"bu","13:26:00",7443500
32700.000000000004,150,10000,"bu","13:26:15",7453500
32700.000000000004,150,1000,"sd","13:26:18",7454500
32750,200,100,"bu","13:26:26",7454600
32700.000000000004,150,10000,"sd","13:26:43",7464600
32700.000000000004,150,1000,"bu","13:26:48",7465600
32750,200,100,"bu","13:26:54",7465700
32750,200,200,"sd","13:26:58",7465900
32700.000000000004,150,8200,"sd","13:27:02",7474100
32700.000000000004,150,600,"sd","13:27:04",7474700
32700.000000000004,150,1100,"bu","13:27:13",7475800
32750,200,2300,"sd","13:27:16",7478100
32750,200,200,"sd","13:27:17",7478300
32750,200,100,"sd","13:27:21",7478400
32750,200,1000,"sd","13:27:41",7479400
32750,200,100,"bu","13:27:48",7479500
32750,200,1700,"sd","13:27:49",7481200
32750,200,7200,"bu","13:27:57",7488400
32700.000000000004,150,2000,"sd","13:28:03",7490400
32700.000000000004,150,1000,"sd","13:28:06",7491400
32750,200,100,"bu","13:28:15",7491500
32750,200,3400,"sd","13:28:29",7494900
32750,200,16100,"sd","13:28:41",7511000
32700.000000000004,150,300,"bu","13:28:42",7511300
32750,200,500,"bu","13:28:47",7511800
32700.000000000004,150,400,"bu","13:28:49",7512200
32700.000000000004,150,200,"sd","13:28:59",7512400
32750,200,100,"sd","13:29:09",7512500
32700.000000000004,150,800,"sd","13:29:15",7513300
32700.000000000004,150,1200,"sd","13:29:16",7514500
32700.000000000004,150,200,"sd","13:29:18",7514700
32700.000000000004,150,300,"bu","13:29:27",7515000
32700.000000000004,150,5000,"sd","13:29:29",7520000
32700.000000000004,150,1600,"bu","13:29:33",7521600
32750,200,100,"sd","13:29:34",7521700
32700.000000000004,150,10000,"sd","13:29:37",7531700
32700.000000000004,150,400,"bu","13:29:39",7532100
32700.000000000004,150,1100,"sd","13:29:48",7533200
32700.000000000004,150,5000,"bu","13:29:50",7538200
32700.000000000004,150,500,"sd","13:29:54",7538700
32700.000000000004,150,1000,"bu","13:29:55",7539700
32750,200,100,"sd","13:30:02",7539800
32750,200,1000,"bu","13:30:09",7540800
32750,200,100,"bu","13:30:10",7540900
32750,200,5000,"sd","13:30:19",7545900
32750,200,100,"sd","13:30:29",7546000
32700.000000000004,150,1000,"bu","13:30:50",7547000
32750,200,100,"sd","13:30:56",7547100
32700.000000000004,150,9700,"sd","13:30:57",7556800
32700.000000000004,150,1000,"bu","13:31:03",7557800
32700.000000000004,150,100,"bu","13:31:17",7557900
32700.000000000004,150,1500,"bu","13:31:19",7559400
32700.000000000004,150,1100,"bu","13:31:21",7560500
32750,200,100,"bu","13:31:24",7560600
32700.000000000004,150,6800,"bu","13:31:40",7567400
32700.000000000004,150,600,"sd","13:31:49",7568000
32750,200,100,"sd","13:31:50",7568100
32700.000000000004,150,1000,"sd","13:32:09",7569100
32750,200,100,"bu","13:32:17",7569200
32750,200,5000,"bu","13:32:24",7574200
32750,200,1700,"sd","13:32:37",7575900
32750,200,7300,"bu","13:32:42",7583200
32750,200,300000,"sd","13:32:49",7883200
32750,200,15400,"bu","13:32:53",7898600
32750,200,1000,"sd","13:32:54",7899600
32750,200,1000,"bu","13:32:57",7900600
32750,200,7600,"sd","13:33:03",7908200
32800,250,100,"bu","13:33:10",7908300
32750,200,10000,"bu","13:33:16",7918300
32750,200,1700,"sd","13:33:18",7920000
32750,200,1100,"sd","13:33:23",7921100
32750,200,200,"bu","13:33:34",7921300
32800,250,100,"sd","13:33:36",7921400
32800,250,700,"sd","13:33:48",7922100
32750,200,100,"bu","13:33:53",7922200
32750,200,400,"bu","13:33:59",7922600
32750,200,15000,"sd","13:34:00",7937600
32800,250,1600,"bu","13:34:03",7939200
32800,250,1000,"sd","13:34:17",7940200
32750,200,400,"sd","13:34:25",7940600
32800,250,100,"bu","13:34:30",7940700
32750,200,1000,"bu","13:34:36",7941700
32750,200,5000,"sd","13:34:38",7946700
32750,200,8200,"bu","13:34:42",7954900
32750,200,1400,"bu","13:34:48",7956300
32800,250,100,"sd","13:34:59",7956400
32750,200,1000,"sd","13:35:03",7957400
32750,200,100,"sd","13:35:16",7957500
32750,200,900,"bu","13:35:25",7958400
32750,200,1100,"bu","13:35:26",7959500
32750,200,200,"bu","13:35:33",7959700
32750,200,100,"bu","13:35:44",7959800
32800,250,3900,"bu","13:36:53",7963700
32800,250,2500,"bu","13:36:56",7966200
32750,200,4000,"bu","13:36:57",7970200
32750,200,800,"sd","13:37:04",7971000
32750,200,1000,"sd","13:37:05",7972000
32750,200,400,"bu","13:37:10",7972400
32800,250,100,"sd","13:37:12",7972500
32750,200,1000,"sd","13:37:13",7973500
32750,200,300,"bu","13:37:19",7973800
32800,250,100,"bu","13:37:20",7973900
32750,200,1000,"sd","13:37:28",7974900
32750,200,1200,"sd","13:37:30",7976100
32750,200,300,"bu","13:37:31",7976400
32750,200,200,"sd","13:37:34",7976600
32750,200,800,"sd","13:37:35",7977400
32800,250,100,"bu","13:37:38",7977500
32750,200,5200,"sd","13:37:46",7982700
32800,250,100,"sd","13:37:48",7982800
32750,200,900,"sd","13:37:50",7983700
32800,250,100,"bu","13:37:55",7983800
32750,200,3300,"bu","13:38:01",7987100
32750,200,400,"bu","13:38:03",7987500
32750,200,100,"bu","13:38:04",7987600
32750,200,1100,"bu","13:38:10",7988700
32750,200,1500,"sd","13:38:21",7990200
32800,250,100,"bu","13:38:32",7990300
32750,200,500,"sd","13:38:42",7990800
32800,250,100,"bu","13:38:59",7990900
32800,250,200,"bu","13:39:02",7991100
32750,200,2500,"bu","13:39:10",7993600
32750,200,500,"bu","13:39:11",7994100
32750,200,800,"bu","13:39:22",7994900
32750,200,2000,"sd","13:39:23",7996900
32800,250,100,"sd","13:39:26",7997000
32750,200,2600,"sd","13:39:32",7999600
32750,200,21000,"sd","13:39:33",8020600
32750,200,101600,"sd","13:39:36",8122200
32750,200,20400,"sd","13:39:37",8142600
32750,200,500,"sd","13:39:39",8143100
32750,200,32900,"sd","13:39:42",8176000
32750,200,1600,"bu","13:39:43",8177600
32700.000000000004,150,100,"bu","13:39:45",8177700
32700.000000000004,150,17800,"bu","13:39:49",8195500
32750,200,100,"bu","13:39:53",8195600
32700.000000000004,150,400,"sd","13:40:08",8196000
32750,200,5900,"sd","13:40:11",8201900
32750,200,1900,"sd","13:40:18",8203800
32750,200,100,"sd","13:40:20",8203900
32750,200,600,"bu","13:40:40",8204500
32750,200,100,"bu","13:40:47",8204600
32750,200,600,"bu","13:40:48",8205200
32700.000000000004,150,7000,"sd","13:40:53",8212200
32700.000000000004,150,8800,"sd","13:41:02",8221000
32700.000000000004,150,1600,"sd","13:41:03",8222600
32750,200,100,"bu","13:41:14",8222700
32700.000000000004,150,700,"bu","13:41:26",8223400
32700.000000000004,150,3800,"sd","13:41:29",8227200
32700.000000000004,150,400,"sd","13:41:34",8227600
32700.000000000004,150,1200,"sd","13:41:35",8228800
32750,200,600,"sd","13:41:39",8229400
32750,200,300,"bu","13:41:58",8229700
32700.000000000004,150,30000,"sd","13:42:01",8259700
32700.000000000004,150,3000,"bu","13:42:03",8262700
32750,200,100,"bu","13:42:07",8262800
32750,200,200,"bu","13:42:12",8263000
32700.000000000004,150,2000,"bu","13:42:24",8265000
32750,200,1000,"bu","13:42:33",8266000
32700.000000000004,150,5000,"sd","13:42:39",8271000
32700.000000000004,150,600,"bu","13:42:49",8271600
32700.000000000004,150,1000,"sd","13:42:54",8272600
32700.000000000004,150,600,"sd","13:42:57",8273200
32750,200,5100,"sd","13:43:00",8278300
32700.000000000004,150,50700,"bu","13:43:03",8329000
32700.000000000004,150,18000,"sd","13:43:08",8347000
32700.000000000004,150,800,"bu","13:43:14",8347800
32700.000000000004,150,9200,"sd","13:43:18",8357000
32750,200,15100,"sd","13:43:29",8372100
32700.000000000004,150,300,"bu","13:43:30",8372400
32700.000000000004,150,20400,"bu","13:43:33",8392800
32700.000000000004,150,1000,"bu","13:43:35",8393800
32700.000000000004,150,600,"sd","13:43:38",8394400
32700.000000000004,150,500,"bu","13:43:39",8394900
32700.000000000004,150,600,"sd","13:43:41",8395500
32700.000000000004,150,7300,"bu","13:43:47",8402800
32700.000000000004,150,3000,"bu","13:43:48",8405800
32700.000000000004,150,5000,"bu","13:43:54",8410800
32700.000000000004,150,600,"bu","13:43:55",8411400
32700.000000000004,150,2100,"sd","13:44:00",8413500
32700.000000000004,150,20000,"bu","13:44:01",8433500
32700.000000000004,150,3000,"bu","13:44:03",8436500
32700.000000000004,150,4200,"sd","13:44:04",8440700
32700.000000000004,150,1800,"bu","13:44:06",8442500
32700.000000000004,150,20100,"sd","13:44:07",8462600
32700.000000000004,150,3000,"sd","13:44:09",8465600
32700.000000000004,150,17000,"bu","13:44:10",8482600
32750,200,500,"bu","13:44:12",8483100
32700.000000000004,150,21000,"bu","13:44:13",8504100
32700.000000000004,150,100,"bu","13:44:15",8504200
32700.000000000004,150,19900,"bu","13:44:17",8524100
32700.000000000004,150,79500,"sd","13:44:19",8603600
32700.000000000004,150,700,"bu","13:44:20",8604300
32700.000000000004,150,100,"sd","13:44:22",8604400
32700.000000000004,150,3000,"bu","13:44:27",8607400
32650,100,2000,"bu","13:44:33",8609400
32700.000000000004,150,200,"sd","13:44:48",8609600
32700.000000000004,150,600,"sd","13:44:49",8610200
32700.000000000004,150,1900,"sd","13:45:14",8612100
32700.000000000004,150,100,"bu","13:45:15",8612200
32650,100,5000,"sd","13:45:24",8617200
32700.000000000004,150,1200,"bu","13:45:40",8618400
32700.000000000004,150,1300,"sd","13:45:42",8619700
32650,100,2200,"sd","13:46:03",8621900
32700.000000000004,150,100,"sd","13:46:09",8622000
32650,100,500,"sd","13:46:21",8622500
32650,100,300,"bu","13:46:24",8622800
32650,100,200,"bu","13:46:33",8623000
32650,100,400,"sd","13:46:55",8623400
32700.000000000004,150,100,"bu","13:47:03",8623500
32650,100,6300,"bu","13:47:38",8629800
32650,100,1000,"bu","13:47:44",8630800
32650,100,700,"sd","13:47:51",8631500
32700.000000000004,150,200,"sd","13:47:57",8631700
32650,100,200,"sd","13:47:58",8631900
32650,100,100,"bu","13:48:03",8632000
32650,100,14200,"bu","13:48:36",8646200
32650,100,300,"sd","13:48:43",8646500
32650,100,1800,"sd","13:48:47",8648300
32650,100,800,"bu","13:48:48",8649100
32700.000000000004,150,100,"sd","13:48:50",8649200
32650,100,300,"bu","13:48:51",8649500
32650,100,1000,"bu","13:48:53",8650500
32650,100,40000,"sd","13:48:55",8690500
32650,100,4200,"sd","13:49:03",8694700
32650,100,2000,"sd","13:49:05",8696700
32650,100,4300,"bu","13:49:10",8701000
32650,100,1000,"sd","13:49:14",8702000
32700.000000000004,150,600,"bu","13:49:17",8702600
32700.000000000004,150,10000,"bu","13:49:18",8712600
32650,100,400,"bu","13:49:21",8713000
32650,100,900,"bu","13:49:30",8713900
32650,100,1100,"sd","13:49:33",8715000
32650,100,2500,"bu","13:49:44",8717500
32650,100,1200,"sd","13:49:48",8718700
32650,100,400,"bu","13:49:49",8719100
32650,100,100,"sd","13:49:51",8719200
32650,100,300,"sd","13:49:53",8719500
32650,100,5700,"sd","13:49:55",8725200
32650,100,7000,"bu","13:49:59",8732200
32650,100,9400,"bu","13:50:01",8741600
32650,100,100,"bu","13:50:02",8741700
32650,100,2300,"sd","13:50:04",8744000
32650,100,500,"sd","13:50:06",8744500
32700.000000000004,150,1100,"bu","13:50:11",8745600
32700.000000000004,150,3000,"sd","13:50:34",8748600
32700.000000000004,150,100,"sd","13:50:38",8748700
32650,100,200,"sd","13:50:45",8748900
32650,100,300,"bu","13:50:48",8749200
32650,100,1000,"sd","13:51:03",8750200
32700.000000000004,150,100,"bu","13:51:05",8750300
32650,100,1000,"sd","13:51:08",8751300
32650,100,5000,"sd","13:51:13",8756300
32650,100,1000,"bu","13:51:17",8757300
32650,100,900,"sd","13:51:18",8758200
32700.000000000004,150,100,"sd","13:51:31",8758300
32700.000000000004,150,130400,"bu","13:51:34",8888700
32700.000000000004,150,100500,"bu","13:51:39",8989200
32700.000000000004,150,2000,"bu","13:51:42",8991200
32700.000000000004,150,3100,"bu","13:51:44",8994300
32700.000000000004,150,1900,"bu","13:51:46",8996200
32700.000000000004,150,7200,"sd","13:51:49",9003400
32650,100,600,"bu","13:51:51",9004000
32700.000000000004,150,600,"bu","13:51:52",9004600
32700.000000000004,150,34200,"bu","13:51:57",9038800
32700.000000000004,150,200,"sd","13:51:59",9039000
32700.000000000004,150,16000,"bu","13:52:02",9055000
32700.000000000004,150,3700,"bu","13:52:03",9058700
32700.000000000004,150,200,"bu","13:52:05",9058900
32700.000000000004,150,5200,"bu","13:52:19",9064100
32700.000000000004,150,2600,"sd","13:52:21",9066700
32750,200,100,"bu","13:52:25",9066800
32700.000000000004,150,1100,"bu","13:52:38",9067900
32750,200,2100,"bu","13:52:41",9070000
32700.000000000004,150,7000,"sd","13:52:45",9077000
32700.000000000004,150,600,"sd","13:52:48",9077600
32700.000000000004,150,2100,"sd","13:52:52",9079700
32700.000000000004,150,200,"sd","13:53:06",9079900
32700.000000000004,150,100,"sd","13:53:19",9080000
32700.000000000004,150,300,"bu","13:53:30",9080300
32700.000000000004,150,10000,"bu","13:53:33",9090300
32700.000000000004,150,1900,"bu","13:53:37",9092200
32700.000000000004,150,100,"bu","13:53:46",9092300
32700.000000000004,150,20000,"sd","13:53:48",9112300
32650,100,1200,"bu","13:53:59",9113500
32700.000000000004,150,3300,"bu","13:54:28",9116800
32700.000000000004,150,100,"bu","13:54:39",9116900
32700.000000000004,150,5000,"sd","13:54:44",9121900
32700.000000000004,150,500,"sd","13:54:56",9122400
32700.000000000004,150,100,"bu","13:55:06",9122500
32700.000000000004,150,127100,"bu","13:55:12",9249600
32700.000000000004,150,800,"bu","13:55:17",9250400
32700.000000000004,150,12800,"sd","13:55:19",9263200
32700.000000000004,150,2000,"bu","13:55:23",9265200
32750,200,500,"sd","13:55:32",9265700
32700.000000000004,150,1500,"bu","13:55:34",9267200
32700.000000000004,150,1000,"bu","13:55:36",9268200
32700.000000000004,150,30000,"sd","13:55:45",9298200
32700.000000000004,150,300,"bu","13:55:47",9298500
32700.000000000004,150,13200,"bu","13:55:49",9311700
32700.000000000004,150,500,"bu","13:55:54",9312200
32700.000000000004,150,800,"sd","13:55:57",9313000
32700.000000000004,150,500,"bu","13:55:59",9313500
32750,200,100,"sd","13:56:01",9313600
32700.000000000004,150,1000,"sd","13:56:04",9314600
32700.000000000004,150,13300,"sd","13:56:18",9327900
32700.000000000004,150,2800,"sd","13:56:27",9330700
32700.000000000004,150,7000,"bu","13:56:28",9337700
32700.000000000004,150,400,"bu","13:56:32",9338100
32700.000000000004,150,1100,"bu","13:56:34",9339200
32700.000000000004,150,15000,"sd","13:56:37",9354200
32700.000000000004,150,500,"bu","13:56:40",9354700
32700.000000000004,150,2500,"sd","13:56:43",9357200
32700.000000000004,150,50000,"sd","13:56:45",9407200
32700.000000000004,150,6900,"sd","13:56:49",9414100
32700.000000000004,150,3100,"sd","13:56:50",9417200
32700.000000000004,150,4100,"bu","13:56:53",9421300
32700.000000000004,150,200,"bu","13:56:55",9421500
32700.000000000004,150,500,"bu","13:57:04",9422000
32700.000000000004,150,50000,"bu","13:57:06",9472000
32700.000000000004,150,14000,"bu","13:57:10",9486000
32700.000000000004,150,20000,"bu","13:57:14",9506000
32700.000000000004,150,13400,"sd","13:57:19",9519400
32750,200,100,"bu","13:57:21",9519500
32700.000000000004,150,20000,"sd","13:57:37",9539500
32700.000000000004,150,1000,"bu","13:57:44",9540500
32750,200,100,"sd","13:57:47",9540600
32700.000000000004,150,1000,"sd","13:58:01",9541600
32750,200,10100,"bu","13:58:04",9551700
32700.000000000004,150,6000,"sd","13:58:12",9557700
32750,200,100,"bu","13:58:14",9557800
32700.000000000004,150,1000,"sd","13:58:26",9558800
32700.000000000004,150,200,"sd","13:58:31",9559000
32700.000000000004,150,6700,"bu","13:58:34",9565700
32700.000000000004,150,1000,"bu","13:58:39",9566700
32700.000000000004,150,20100,"bu","13:58:41",9586800
32700.000000000004,150,1000,"bu","13:58:42",9587800
32700.000000000004,150,500,"sd","13:58:44",9588300
32700.000000000004,150,4500,"sd","13:58:49",9592800
32700.000000000004,150,400,"sd","13:58:56",9593200
32700.000000000004,150,300,"sd","13:58:58",9593500
32700.000000000004,150,200,"sd","13:59:02",9593700
32700.000000000004,150,100,"bu","13:59:07",9593800
32700.000000000004,150,1900,"sd","13:59:12",9595700
32700.000000000004,150,100,"sd","13:59:27",9595800
32700.000000000004,150,1700,"sd","13:59:34",9597500
32700.000000000004,150,100,"sd","13:59:35",9597600
32700.000000000004,150,7200,"sd","13:59:40",9604800
32700.000000000004,150,100,"sd","13:59:46",9604900
32700.000000000004,150,6500,"bu","14:00:01",9611400
32700.000000000004,150,100,"sd","14:00:02",9611500
32700.000000000004,150,1400,"sd","14:00:04",9612900
32700.000000000004,150,5000,"bu","14:00:11",9617900
32700.000000000004,150,100,"sd","14:00:13",9618000
32650,100,1500,"bu","14:00:44",9619500
32650,100,100,"sd","14:00:49",9619600
32650,100,19100,"bu","14:01:01",9638700
32650,100,1900,"sd","14:01:03",9640600
32700.000000000004,150,10000,"sd","14:01:08",9650600
32700.000000000004,150,1000,"bu","14:01:19",9651600
32700.000000000004,150,100,"sd","14:01:22",9651700
32700.000000000004,150,1000,"bu","14:01:36",9652700
32650,100,500,"sd","14:01:38",9653200
32650,100,100,"sd","14:01:48",9653300
32700.000000000004,150,1800,"bu","14:01:52",9655100
32700.000000000004,150,9000,"sd","14:01:58",9664100
32700.000000000004,150,100,"sd","14:02:04",9664200
32650,100,18000,"sd","14:02:05",9682200
32650,100,1000,"bu","14:02:08",9683200
32700.000000000004,150,51700,"bu","14:02:10",9734900
32650,100,500,"bu","14:02:11",9735400
32650,100,4000,"bu","14:02:14",9739400
32700.000000000004,150,100,"bu","14:02:16",9739500
32700.000000000004,150,7200,"sd","14:02:17",9746700
32650,100,400,"sd","14:02:22",9747100
32700.000000000004,150,100,"bu","14:02:27",9747200
32700.000000000004,150,600,"sd","14:02:45",9747800
32650,100,12000,"bu","14:02:53",9759800
32650,100,1200,"sd","14:03:04",9761000
32650,100,300,"sd","14:03:05",9761300
32700.000000000004,150,100,"bu","14:03:09",9761400
32650,100,700,"sd","14:03:19",9762100
32700.000000000004,150,3000,"bu","14:03:28",9765100
32700.000000000004,150,100,"bu","14:03:31",9765200
32650,100,2400,"sd","14:03:55",9767600
32700.000000000004,150,100,"sd","14:04:03",9767700
32650,100,200,"sd","14:04:05",9767900
32650,100,500,"sd","14:04:16",9768400
32650,100,200,"sd","14:04:17",9768600
32650,100,100,"sd","14:04:19",9768700
32650,100,2100,"sd","14:04:31",9770800
32650,100,100,"sd","14:04:32",9770900
32650,100,200,"sd","14:04:34",9771100
32650,100,6000,"bu","14:04:38",9777100
32650,100,1500,"bu","14:04:39",9778600
32650,100,20000,"bu","14:04:41",9798600
32650,100,100,"bu","14:04:43",9798700
32650,100,3000,"bu","14:04:46",9801700
32650,100,10000,"bu","14:04:51",9811700
32650,100,10000,"bu","14:04:54",9821700
32650,100,40500,"sd","14:04:58",9862200
32650,100,5000,"sd","14:05:00",9867200
32650,100,90200,"sd","14:05:02",9957400
32650,100,2000,"sd","14:05:03",9959400
32650,100,6600,"bu","14:05:07",9966000
32650,100,100,"bu","14:05:28",9966100
32600,50,6500,"sd","14:05:33",9972600
32650,100,5000,"sd","14:05:35",9977600
32650,100,7500,"bu","14:05:47",9985100
32650,100,100,"sd","14:05:51",9985200
32650,100,10100,"bu","14:05:56",9995300
32600,50,1000,"bu","14:05:57",9996300
32600,50,40200,"bu","14:05:59",10036500
32600,50,5100,"bu","14:06:04",10041600
32650,100,1000,"bu","14:06:08",10042600
32600,50,2200,"sd","14:06:10",10044800
32600,50,300,"bu","14:06:17",10045100
32600,50,900,"sd","14:06:18",10046000
32600,50,20000,"sd","14:06:27",10066000
32600,50,5000,"sd","14:06:29",10071000
32600,50,1000,"bu","14:06:31",10072000
32600,50,31200,"bu","14:06:33",10103200
32600,50,33600,"sd","14:06:35",10136800
32600,50,3000,"bu","14:06:37",10139800
32600,50,1000,"bu","14:06:39",10140800
32600,50,2300,"bu","14:06:41",10143100
32600,50,50000,"bu","14:06:43",10193100
32600,50,10300,"bu","14:06:45",10203400
32600,50,15500,"sd","14:06:49",10218900
32600,50,7100,"sd","14:06:51",10226000
32600,50,35000,"bu","14:06:53",10261000
32600,50,44000,"sd","14:06:54",10305000
32600,50,13500,"sd","14:06:58",10318500
32600,50,1000,"sd","14:07:01",10319500
32549.999999999996,0,20000,"bu","14:07:10",10339500
32600,50,400,"bu","14:07:12",10339900
32600,50,4300,"bu","14:07:17",10344200
32600,50,30000,"sd","14:07:25",10374200
32600,50,1700,"bu","14:07:34",10375900
32600,50,300,"bu","14:07:36",10376200
32600,50,100,"sd","14:07:39",10376300
32600,50,7800,"bu","14:07:41",10384100
32549.999999999996,0,2500,"bu","14:07:50",10386600
32600,50,21000,"sd","14:07:55",10407600
32600,50,18500,"bu","14:08:02",10426100
32600,50,200,"bu","14:08:03",10426300
32600,50,10100,"bu","14:08:05",10436400
32600,50,14300,"sd","14:08:07",10450700
32600,50,500,"bu","14:08:09",10451200
32600,50,200,"sd","14:08:14",10451400
32600,50,1600,"bu","14:08:18",10453000
32600,50,2600,"bu","14:08:19",10455600
32600,50,5000,"sd","14:08:23",10460600
32600,50,500,"bu","14:08:25",10461100
32650,100,1100,"bu","14:08:32",10462200
32650,100,300,"bu","14:08:33",10462500
32650,100,5000,"bu","14:08:46",10467500
32650,100,100,"sd","14:08:55",10467600
32600,50,600,"bu","14:09:16",10468200
32600,50,7000,"bu","14:09:19",10475200
32600,50,100,"sd","14:09:21",10475300
32600,50,2500,"bu","14:09:23",10477800
32650,100,100,"sd","14:09:28",10477900
32600,50,53000,"sd","14:09:33",10530900
32600,50,5000,"bu","14:09:40",10535900
32600,50,3000,"bu","14:09:50",10538900
32600,50,3000,"bu","14:09:51",10541900
32600,50,100,"bu","14:09:53",10542000
32600,50,10000,"sd","14:09:59",10552000
32600,50,200,"sd","14:10:03",10552200
32600,50,300,"bu","14:10:04",10552500
32549.999999999996,0,70000,"sd","14:10:08",10622500
32549.999999999996,0,6000,"bu","14:10:12",10628500
32600,50,500,"sd","14:10:13",10629000
32600,50,100,"sd","14:10:19",10629100
32600,50,1400,"bu","14:10:29",10630500
32600,50,100,"sd","14:10:31",10630600
32600,50,300,"sd","14:10:33",10630900
32600,50,11800,"bu","14:10:38",10642700
32600,50,300,"sd","14:10:41",10643000
32600,50,400,"bu","14:10:47",10643400
32549.999999999996,0,2000,"bu","14:11:00",10645400
32549.999999999996,0,200,"sd","14:11:04",10645600
32549.999999999996,0,49100,"bu","14:11:09",10694700
32549.999999999996,0,2100,"sd","14:11:13",10696800
32549.999999999996,0,1100,"bu","14:11:15",10697900
32549.999999999996,0,5200,"sd","14:11:18",10703100
32549.999999999996,0,5000,"bu","14:11:20",10708100
32549.999999999996,0,500,"sd","14:11:22",10708600
32549.999999999996,0,200,"bu","14:11:31",10708800
32549.999999999996,0,3000,"bu","14:11:35",10711800
32600,50,12400,"sd","14:11:37",10724200
32600,50,100,"bu","14:11:40",10724300
32549.999999999996,0,7000,"bu","14:11:49",10731300
32549.999999999996,0,22000,"bu","14:11:53",10753300
32549.999999999996,0,1500,"bu","14:12:00",10754800
32549.999999999996,0,86300,"sd","14:12:05",10841100
32549.999999999996,0,100,"sd","14:12:07",10841200
32549.999999999996,0,2200,"sd","14:12:11",10843400
32549.999999999996,0,1300,"sd","14:12:18",10844700
32549.999999999996,0,3700,"bu","14:12:20",10848400
32549.999999999996,0,1000,"bu","14:12:24",10849400
32500,-50,17700,"sd","14:12:29",10867100
32500,-50,1000,"sd","14:12:31",10868100
32549.999999999996,0,1100,"bu","14:12:32",10869200
32549.999999999996,0,14800,"bu","14:12:34",10884000
32500,-50,200,"bu","14:12:36",10884200
32549.999999999996,0,30000,"bu","14:12:47",10914200
32549.999999999996,0,19400,"sd","14:12:49",10933600
32549.999999999996,0,100,"sd","14:12:51",10933700
32549.999999999996,0,10100,"sd","14:13:00",10943800
32600,50,16400,"bu","14:13:04",10960200
32600,50,53200,"sd","14:13:07",11013400
32600,50,300,"sd","14:13:09",11013700
32600,50,1100,"bu","14:13:13",11014800
32600,50,200,"bu","14:13:17",11015000
32600,50,1700,"bu","14:13:25",11016700
32650,100,13400,"bu","14:13:27",11030100
32650,100,12700,"bu","14:13:32",11042800
32600,50,3300,"bu","14:13:34",11046100
32600,50,3400,"sd","14:13:36",11049500
32650,100,46000,"sd","14:13:41",11095500
32600,50,300,"bu","14:13:43",11095800
32600,50,5200,"bu","14:13:48",11101000
32650,100,3000,"sd","14:13:50",11104000
32600,50,2000,"bu","14:13:53",11106000
32650,100,100,"bu","14:13:55",11106100
32650,100,12100,"sd","14:13:58",11118200
32650,100,10000,"sd","14:14:00",11128200
32650,100,1000,"sd","14:14:02",11129200
32650,100,5000,"bu","14:14:09",11134200
32600,50,3600,"sd","14:14:13",11137800
32600,50,300,"bu","14:14:14",11138100
32650,100,10000,"bu","14:14:18",11148100
32650,100,100,"bu","14:14:21",11148200
32650,100,60000,"sd","14:14:23",11208200
32650,100,30200,"bu","14:14:26",11238400
32650,100,17100,"bu","14:14:30",11255500
32650,100,40000,"bu","14:14:32",11295500
32650,100,36100,"sd","14:14:34",11331600
32650,100,400,"sd","14:14:46",11332000
32700.000000000004,150,100,"bu","14:14:47",11332100
32650,100,5000,"bu","14:14:51",11337100
32650,100,13900,"bu","14:15:00",11351000
32650,100,6800,"sd","14:15:05",11357800
32650,100,2900,"sd","14:15:10",11360700
32650,100,400,"bu","14:15:13",11361100
32700.000000000004,150,100,"sd","14:15:14",11361200
32650,100,400,"sd","14:15:22",11361600
32700.000000000004,150,12400,"bu","14:15:26",11374000
32700.000000000004,150,100,"sd","14:15:41",11374100
32650,100,12500,"sd","14:15:43",11386600
32650,100,1900,"sd","14:15:50",11388500
32700.000000000004,150,12200,"sd","14:15:58",11400700
32650,100,8000,"sd","14:16:05",11408700
32650,100,7700,"sd","14:16:18",11416400
32650,100,20000,"sd","14:16:20",11436400
32650,100,15300,"bu","14:16:27",11451700
32650,100,3600,"sd","14:16:34",11455300
32700.000000000004,150,1100,"sd","14:16:36",11456400
32700.000000000004,150,7600,"bu","14:16:38",11464000
32650,100,100,"bu","14:16:45",11464100
32650,100,1200,"sd","14:16:49",11465300
32700.000000000004,150,18100,"sd","14:16:57",11483400
32650,100,4500,"bu","14:17:03",11487900
32650,100,2300,"sd","14:17:05",11490200
32650,100,700,"bu","14:17:20",11490900
32700.000000000004,150,12600,"bu","14:17:22",11503500
32650,100,1000,"sd","14:17:27",11504500
32700.000000000004,150,100,"bu","14:17:29",11504600
32700.000000000004,150,2000,"sd","14:17:38",11506600
32650,100,10000,"sd","14:17:42",11516600
32650,100,1200,"sd","14:17:49",11517800
32700.000000000004,150,12900,"bu","14:17:51",11530700
32700.000000000004,150,100,"sd","14:17:57",11530800
32700.000000000004,150,1500,"bu","14:18:03",11532300
32650,100,5000,"bu","14:18:08",11537300
32650,100,500,"bu","14:18:20",11537800
32700.000000000004,150,14200,"bu","14:18:23",11552000
32650,100,75000,"sd","14:18:46",11627000
32700.000000000004,150,7600,"sd","14:18:50",11634600
32650,100,18900,"sd","14:19:00",11653500
32650,100,7600,"bu","14:19:04",11661100
32650,100,5500,"bu","14:19:05",11666600
32650,100,10000,"sd","14:19:07",11676600
32650,100,5800,"bu","14:19:09",11682400
32650,100,100,"sd","14:19:16",11682500
32650,100,12200,"bu","14:19:19",11694700
32650,100,5900,"bu","14:19:23",11700600
32650,100,100,"bu","14:19:25",11700700
32600,50,800,"sd","14:19:29",11701500
32650,100,200,"sd","14:19:31",11701700
32650,100,1700,"sd","14:19:36",11703400
32650,100,7200,"sd","14:19:42",11710600
32650,100,100,"sd","14:19:44",11710700
32650,100,3300,"sd","14:19:46",11714000
32650,100,1200,"sd","14:19:49",11715200
32650,100,16000,"bu","14:19:51",11731200
32650,100,5000,"bu","14:20:04",11736200
32650,100,3100,"bu","14:20:06",11739300
32650,100,100,"sd","14:20:10",11739400
32650,100,12400,"sd","14:20:19",11751800
32650,100,5300,"bu","14:20:27",11757100
32650,100,100,"bu","14:20:29",11757200
32650,100,5200,"bu","14:20:30",11762400
32650,100,1000,"bu","14:20:34",11763400
32650,100,8300,"sd","14:20:37",11771700
32650,100,200,"sd","14:20:39",11771900
32650,100,100,"sd","14:20:41",11772000
32650,100,800,"sd","14:20:43",11772800
32650,100,6000,"bu","14:20:46",11778800
32650,100,8500,"sd","14:20:48",11787300
32650,100,5600,"sd","14:20:50",11792900
32650,100,400,"sd","14:20:58",11793300
32650,100,1600,"sd","14:21:04",11794900
32650,100,2300,"bu","14:21:12",11797200
32650,100,100,"sd","14:21:14",11797300
32700.000000000004,150,12100,"sd","14:21:15",11809400
32650,100,1100,"bu","14:21:17",11810500
32650,100,1700,"bu","14:21:19",11812200
32700.000000000004,150,1700,"bu","14:21:21",11813900
32700.000000000004,150,100,"bu","14:21:32",11814000
32650,100,1500,"sd","14:21:40",11815500
32700.000000000004,150,13100,"bu","14:21:44",11828600
32700.000000000004,150,4200,"bu","14:21:46",11832800
32700.000000000004,150,4100,"bu","14:21:57",11836900
32700.000000000004,150,300,"bu","14:21:59",11837200
32700.000000000004,150,800,"bu","14:22:07",11838000
32700.000000000004,150,4300,"bu","14:22:14",11842300
32700.000000000004,150,13300,"bu","14:22:16",11855600
32650,100,9200,"sd","14:22:20",11864800
32700.000000000004,150,240900,"sd","14:22:22",12105700
32750,200,100,"bu","14:22:24",12105800
32750,200,500,"bu","14:22:25",12106300
32700.000000000004,150,1000,"bu","14:22:29",12107300
32700.000000000004,150,29600,"sd","14:22:33",12136900
32700.000000000004,150,400,"sd","14:22:37",12137300
32750,200,12400,"sd","14:22:43",12149700
32750,200,2100,"sd","14:22:51",12151800
32700.000000000004,150,4000,"bu","14:23:06",12155800
32750,200,12100,"sd","14:23:10",12167900
32700.000000000004,150,700,"sd","14:23:12",12168600
32700.000000000004,150,1000,"bu","14:23:14",12169600
32700.000000000004,150,1800,"sd","14:23:18",12171400
32700.000000000004,150,800,"bu","14:23:20",12172200
32700.000000000004,150,1000,"bu","14:23:23",12173200
32700.000000000004,150,19300,"bu","14:23:27",12192500
32700.000000000004,150,100,"sd","14:23:33",12192600
32750,200,12100,"bu","14:23:37",12204700
32700.000000000004,150,100,"bu","14:23:45",12204800
32700.000000000004,150,600,"sd","14:23:47",12205400
32700.000000000004,150,1200,"sd","14:23:50",12206600
32700.000000000004,150,500,"bu","14:23:54",12207100
32700.000000000004,150,2000,"sd","14:24:00",12209100
32700.000000000004,150,100,"bu","14:24:02",12209200
32750,200,11900,"sd","14:24:05",12221100
32700.000000000004,150,1500,"sd","14:24:09",12222600
32700.000000000004,150,4400,"bu","14:24:14",12227000
32700.000000000004,150,6000,"sd","14:24:16",12233000
32700.000000000004,150,1000,"sd","14:24:18",12234000
32700.000000000004,150,200,"bu","14:24:24",12234200
32750,200,300,"bu","14:24:25",12234500
32700.000000000004,150,1400,"bu","14:24:27",12235900
32700.000000000004,150,13300,"sd","14:24:33",12249200
32750,200,3000,"bu","14:24:35",12252200
32700.000000000004,150,500,"bu","14:24:37",12252700
32750,200,100,"bu","14:24:39",12252800
32700.000000000004,150,1000,"bu","14:24:42",12253800
32700.000000000004,150,5000,"bu","14:24:46",12258800
32700.000000000004,150,6000,"sd","14:24:53",12264800
32700.000000000004,150,19100,"bu","14:25:01",12283900
32750,200,100,"sd","14:25:04",12284000
32700.000000000004,150,2000,"bu","14:25:08",12286000
32750,200,1700,"bu","14:25:10",12287700
32750,200,6800,"bu","14:25:19",12294500
32750,200,12400,"sd","14:25:29",12306900
32750,200,100,"bu","14:25:33",12307000
32700.000000000004,150,300,"sd","14:25:39",12307300
32750,200,6300,"bu","14:25:42",12313600
32750,200,29300,"bu","14:25:57",12342900
32750,200,700,"bu","14:25:59",12343600
32750,200,3300,"sd","14:26:01",12346900
32750,200,500,"sd","14:26:09",12347400
32700.000000000004,150,100,"bu","14:26:24",12347500
32750,200,22500,"sd","14:26:26",12370000
32750,200,100,"bu","14:26:28",12370100
32700.000000000004,150,5100,"sd","14:26:34",12375200
32750,200,1000,"sd","14:26:43",12376200
32700.000000000004,150,5000,"bu","14:26:46",12381200
32700.000000000004,150,1900,"sd","14:26:48",12383100
32750,200,12100,"bu","14:26:53",12395200
32700.000000000004,150,10000,"bu","14:26:55",12405200
32700.000000000004,150,50100,"sd","14:26:59",12455300
32700.000000000004,150,200,"bu","14:27:02",12455500
32700.000000000004,150,1000,"bu","14:27:05",12456500
32750,200,10000,"bu","14:27:07",12466500
32700.000000000004,150,100,"bu","14:27:13",12466600
32700.000000000004,150,600,"sd","14:27:19",12467200
32700.000000000004,150,25200,"bu","14:27:21",12492400
32700.000000000004,150,400,"sd","14:27:25",12492800
32700.000000000004,150,10000,"bu","14:27:29",12502800
32750,200,10300,"sd","14:27:30",12513100
32700.000000000004,150,100100,"sd","14:27:37",12613200
32700.000000000004,150,2000,"sd","14:27:39",12615200
32700.000000000004,150,15000,"sd","14:27:41",12630200
32700.000000000004,150,3000,"sd","14:27:46",12633200
32700.000000000004,150,13600,"sd","14:27:51",12646800
32700.000000000004,150,1100,"bu","14:27:54",12647900
32700.000000000004,150,31300,"bu","14:27:58",12679200
32700.000000000004,150,4100,"sd","14:28:04",12683300
32700.000000000004,150,100,"bu","14:28:06",12683400
32700.000000000004,150,200,"bu","14:28:07",12683600
32700.000000000004,150,20000,"sd","14:28:10",12703600
32700.000000000004,150,800,"bu","14:28:13",12704400
32700.000000000004,150,1400,"bu","14:28:17",12705800
32700.000000000004,150,600,"bu","14:28:21",12706400
32700.000000000004,150,18800,"bu","14:28:23",12725200
32650,100,500,"bu","14:28:25",12725700
32700.000000000004,150,600,"sd","14:28:27",12726300
32700.000000000004,150,3300,"bu","14:28:29",12729600
32650,100,400,"sd","14:28:31",12730000
32700.000000000004,150,2200,"sd","14:28:32",12732200
32700.000000000004,150,700,"sd","14:28:36",12732900
