"price","change","match_qtty","side","time","total_vol"
8290,20,500,"sd","09:15:09",500
8300,30,5000,"bu","09:15:16",5500
8290,20,100,"bu","09:16:13",5600
8290,20,500,"sd","09:17:31",6100
8300,30,2500,"sd","09:17:52",8600
8300,30,800,"sd","09:20:20",9400
8300,30,500,"bu","09:20:35",9900
8300,30,2000,"sd","09:21:36",11900
8300,30,600,"bu","09:27:17",12500
8300,30,200,"bu","09:27:53",12700
8340,70,100,"sd","09:29:28",12800
8300,30,5000,"bu","09:29:31",17800
8300,30,600,"bu","09:30:00",18400
8300,30,2000,"bu","09:30:55",20400
8300,30,1300,"bu","09:31:08",21700
8300,30,500,"sd","09:31:46",22200
8290,20,200,"bu","09:32:48",22400
8290,20,500,"sd","09:33:18",22900
8290,20,4000,"bu","09:33:29",26900
8300,30,500,"bu","09:33:44",27400
8290,20,600,"bu","09:34:29",28000
8290,20,3000,"bu","09:35:01",31000
8300,30,900,"bu","09:35:04",31900
8300,30,3100,"sd","09:35:05",35000
8300,30,1000,"sd","09:35:32",36000
8300,30,100,"sd","09:35:40",36100
8300,30,4000,"bu","09:36:55",40100
8290,20,6000,"bu","09:37:01",46100
8290,20,1000,"sd","09:37:19",47100
8290,20,2300,"bu","09:37:37",49400
8300,30,4000,"sd","09:37:45",53400
8290,20,3000,"sd","09:38:09",56400
8290,20,5000,"sd","09:38:36",61400
8290,20,100,"bu","09:41:36",61500
8300,30,3000,"sd","09:42:08",64500
8300,30,2900,"sd","09:42:43",67400
8300,30,2000,"sd","09:43:33",69400
8310,40,200,"bu","09:43:54",69600
8310,40,100,"bu","09:44:14",69700
8300,30,2000,"bu","09:45:45",71700
8300,30,1000,"sd","09:45:51",72700
8300,30,100,"bu","09:45:58",72800
8300,30,11200,"bu","09:46:05",84000
8300,30,1800,"sd","09:48:05",85800
8300,30,1700,"bu","09:48:26",87500
8300,30,2100,"bu","09:48:27",89600
8310,40,2000,"bu","09:48:45",91600
8300,30,17500,"bu","09:49:06",109100
8310,40,2000,"bu","09:50:09",111100
8300,30,5000,"sd","09:50:28",116100
8310,40,100,"bu","09:50:40",116200
8310,40,7000,"bu","09:52:11",123200
8300,30,9900,"sd","09:52:38",133100
8300,30,4600,"sd","09:53:54",137700
8300,30,500,"sd","09:54:08",138200
8300,30,600,"bu","09:57:00",138800
8300,30,200,"sd","09:57:12",139000
8300,30,5000,"bu","09:57:35",144000
8310,40,100,"bu","09:58:20",144100
8310,40,5300,"bu","09:59:41",149400
8310,40,100,"sd","10:00:13",149500
8300,30,2000,"bu","10:00:19",151500
8300,30,4900,"bu","10:00:56",156400
8310,40,10000,"sd","10:03:14",166400
8300,30,5400,"sd","10:03:50",171800
8320,50,900,"bu","10:04:42",172700
8330,60,5000,"bu","10:07:42",177700
8320,50,500,"sd","10:08:48",178200
8310,40,100,"bu","10:09:40",178300
8310,40,2000,"bu","10:10:36",180300
8310,40,100,"sd","10:11:04",180400
8310,40,1100,"sd","10:12:42",181500
8310,40,200,"bu","10:13:59",181700
8320,50,100,"sd","10:16:34",181800
8320,50,500,"sd","10:17:19",182300
8320,50,800,"sd","10:18:32",183100
8310,40,1600,"bu","10:26:33",184700
8320,50,3000,"sd","10:27:03",187700
8300,30,2000,"bu","10:28:46",189700
8300,30,20000,"bu","10:29:22",209700
8300,30,2000,"sd","10:30:45",211700
8310,40,500,"bu","10:34:49",212200
8300,30,4000,"bu","10:37:49",216200
8300,30,14800,"sd","10:38:09",231000
8310,40,100,"sd","10:38:43",231100
8300,30,4900,"bu","10:38:48",236000
8300,30,5000,"sd","10:38:57",241000
8300,30,10000,"bu","10:40:36",251000
8310,40,100,"sd","10:42:20",251100
8300,30,500,"bu","10:43:12",251600
8300,30,1000,"bu","10:45:37",252600
8310,40,600,"sd","10:45:44",253200
8300,30,2000,"bu","10:49:13",255200
8300,30,35000,"bu","10:51:48",290200
8300,30,6000,"sd","10:52:06",296200
8300,30,15700,"sd","10:52:17",311900
8300,30,4300,"sd","10:52:44",316200
8300,30,200,"sd","10:53:46",316400
8310,40,4000,"sd","10:53:58",320400
8320,50,30000,"bu","10:54:45",350400
8320,50,200,"sd","10:55:19",350600
8320,50,5700,"bu","10:55:27",356300
8330,60,1000,"sd","10:55:39",357300
8330,60,1000,"bu","10:56:05",358300
8340,70,3200,"sd","10:56:29",361500
8350,80,22700,"sd","10:56:44",384200
8360,90,400,"bu","10:57:11",384600
8390,120,4300,"bu","10:57:46",388900
8390,120,500,"sd","10:57:54",389400
8390,120,900,"sd","10:58:20",390300
8400,130,100,"sd","10:58:22",390400
8400,130,1000,"bu","10:58:36",391400
8400,130,4800,"sd","10:58:49",396200
8400,130,200,"bu","10:58:50",396400
8410,140,300,"sd","10:59:25",396700
8420,150,2200,"sd","10:59:38",398900
8420,150,500,"sd","11:00:16",399400
8420,150,100,"sd","11:00:19",399500
8420,150,5300,"bu","11:00:42",404800
8400,130,8000,"bu","11:01:10",412800
8420,150,200,"sd","11:01:34",413000
8410,140,700,"sd","11:02:46",413700
8400,130,2000,"bu","11:03:54",415700
8390,120,100,"sd","11:06:15",415800
8390,120,1200,"sd","11:06:18",417000
8390,120,1800,"sd","11:06:40",418800
8380,110,2700,"sd","11:10:19",421500
8370,100,2300,"bu","11:12:10",423800
8370,100,16300,"sd","11:13:41",440100
8370,100,100,"sd","11:13:52",440200
8380,110,200,"bu","11:14:00",440400
8380,110,2000,"sd","11:15:05",442400
8380,110,600,"sd","11:15:26",443000
8380,110,100,"bu","11:17:48",443100
8370,100,300,"sd","11:27:31",443400
8370,100,1000,"bu","11:27:48",444400
8370,100,300,"bu","11:27:55",444700
8370,100,8700,"sd","11:28:41",453400
8360,90,5000,"bu","11:29:30",458400
8360,90,3700,"bu","11:29:45",462100
8360,90,100,"sd","13:00:16",462200
8360,90,2000,"sd","13:00:32",464200
8360,90,7000,"bu","13:00:39",471200
8370,100,4000,"bu","13:04:48",475200
8370,100,300,"sd","13:05:43",475500
8370,100,1300,"sd","13:06:31",476800
8370,100,2000,"sd","13:07:23",478800
8370,100,1800,"sd","13:09:46",480600
8370,100,200,"bu","13:10:24",480800
8370,100,500,"sd","13:10:34",481300
8370,100,100,"sd","13:11:04",481400
8370,100,1300,"bu","13:12:03",482700
8370,100,400,"bu","13:13:10",483100
8370,100,600,"bu","13:13:11",483700
8360,90,600,"bu","13:13:57",484300
8360,90,20000,"bu","13:14:24",504300
8350,80,60000,"bu","13:15:38",564300
8360,90,100,"sd","13:17:46",564400
8370,100,4400,"bu","13:20:25",568800
8380,110,100,"bu","13:21:36",568900
8370,100,1000,"sd","13:22:00",569900
8370,100,200,"bu","13:24:49",570100
8380,110,5000,"bu","13:25:04",575100
8380,110,500,"bu","13:26:18",575600
8380,110,200,"bu","13:26:22",575800
8390,120,10700,"bu","13:26:36",586500
8360,90,3000,"bu","13:26:46",589500
8390,120,2000,"sd","13:26:49",591500
8390,120,7900,"sd","13:28:29",599400
8390,120,2100,"sd","13:29:16",601500
8370,100,300,"sd","13:30:05",601800
8380,110,200,"bu","13:30:50",602000
8380,110,100,"bu","13:30:54",602100
8380,110,4000,"bu","13:31:05",606100
8380,110,300,"sd","13:32:08",606400
8380,110,200,"bu","13:33:39",606600
8380,110,300,"sd","13:34:41",606900
8380,110,200,"sd","13:35:07",607100
8380,110,100,"bu","13:35:42",607200
8380,110,2500,"bu","13:35:57",609700
8380,110,4100,"sd","13:36:22",613800
8370,100,2000,"sd","13:39:53",615800
8370,100,100,"sd","13:40:11",615900
8370,100,600,"sd","13:42:49",616500
8360,90,800,"bu","13:48:28",617300
8360,90,4300,"sd","13:50:52",621600
8360,90,1000,"bu","13:51:22",622600
8360,90,1000,"sd","13:51:30",623600
8360,90,500,"bu","13:52:19",624100
8360,90,3000,"bu","13:52:38",627100
8360,90,3600,"sd","13:52:55",630700
8360,90,500,"bu","13:54:21",631200
8350,80,2900,"bu","13:55:43",634100
8350,80,4000,"bu","13:55:59",638100
8360,90,500,"bu","13:56:01",638600
8360,90,300,"bu","13:56:10",638900
8350,80,3700,"bu","13:56:21",642600
8340,70,1300,"sd","13:56:35",643900
8300,30,17800,"bu","13:58:09",661700
8320,50,100,"bu","14:02:33",661800
8320,50,3100,"sd","14:05:16",664900
8320,50,5100,"sd","14:06:20",670000
8320,50,2000,"bu","14:06:58",672000
8320,50,100,"bu","14:07:17",672100
8320,50,2800,"sd","14:07:55",674900
8320,50,2200,"sd","14:08:42",677100
8310,40,1000,"bu","14:09:11",678100
8310,40,3000,"sd","14:11:11",681100
8310,40,500,"bu","14:11:18",681600
8310,40,500,"bu","14:11:31",682100
8310,40,5800,"sd","14:13:38",687900
8310,40,100,"bu","14:13:50",688000
8320,50,2000,"bu","14:14:13",690000
8330,60,400,"sd","14:14:51",690400
8340,70,2000,"sd","14:16:34",692400
8340,70,400,"sd","14:16:53",692800
8340,70,600,"sd","14:18:05",693400
8340,70,1000,"sd","14:18:58",694400
8330,60,600,"sd","14:19:33",695000
8330,60,1000,"sd","14:22:24",696000
8330,60,100,"sd","14:22:58",696100
8310,40,3000,"sd","14:23:14",699100
8310,40,5600,"sd","14:24:14",704700
8310,40,1500,"bu","14:24:24",706200
8310,40,3100,"bu","14:24:46",709300
8300,30,2000,"sd","14:25:04",711300
8310,40,3000,"bu","14:25:17",714300
8310,40,400,"bu","14:25:23",714700
8310,40,100,"bu","14:26:17",714800
8320,50,1500,"bu","14:26:59",716300
8330,60,100,"sd","14:27:41",716400
8320,50,800,"bu","14:28:23",717200
8320,50,12000,"bu","14:45:12",729200
