"price","change","match_qtty","side","time","total_vol"
55100,0,102200,"bu","09:15:09",102200
55200,100,13500,"bu","09:19:21",115700
55200,100,6400,"sd","09:19:26",122100
55200,100,8500,"sd","09:19:32",130600
55200,100,3400,"bu","09:19:40",134000
55200,100,6300,"sd","09:19:47",140300
55200,100,11900,"sd","09:19:54",152200
55300,200,6500,"sd","09:20:11",158700
55300,200,9900,"sd","09:20:28",168600
55300,200,10100,"bu","09:21:50",178700
55300,200,23500,"bu","09:29:11",202200
55300,200,8800,"sd","09:29:18",211000
55300,200,13700,"bu","09:29:35",224700
55300,200,8600,"sd","09:29:48",233300
55400,300,15400,"bu","09:30:37",248700
55300,200,4200,"bu","09:30:52",252900
55300,200,10000,"bu","09:31:08",262900
55300,200,5600,"sd","09:31:15",268500
55400,300,4000,"bu","09:31:25",272500
55400,300,7500,"bu","09:32:43",280000
55400,300,6400,"sd","09:32:50",286400
55400,300,4900,"sd","09:34:08",291300
55400,300,13400,"bu","09:34:17",304700
55400,300,10000,"bu","09:34:28",314700
55400,300,9800,"bu","09:34:49",324500
55300,200,9600,"bu","09:36:14",334100
55600,500,21500,"sd","09:37:27",355600
55600,500,4500,"bu","09:37:49",360100
55600,500,8500,"bu","09:37:56",368600
55600,500,1100,"sd","09:38:11",369700
55700,600,10000,"sd","09:38:22",379700
55700,600,1500,"bu","09:38:38",381200
55700,600,3400,"sd","09:38:48",384600
55700,600,200,"sd","09:38:54",384800
55700,600,8000,"bu","09:39:08",392800
55600,500,6300,"sd","09:39:25",399100
55500,400,1200,"sd","09:39:35",400300
55500,400,6200,"bu","09:39:51",406500
55400,300,1200,"sd","09:40:04",407700
55400,300,300,"bu","09:40:13",408000
55400,300,600,"sd","09:40:21",408600
55400,300,1200,"sd","09:40:36",409800
55500,400,1700,"sd","09:41:26",411500
55400,300,6400,"bu","09:42:23",417900
55400,300,5900,"bu","09:42:58",423800
55300,200,2200,"bu","09:47:16",426000
55200,100,12500,"bu","09:47:46",438500
55300,200,13400,"sd","10:05:06",451900
55300,200,9600,"bu","10:06:02",461500
55300,200,16400,"sd","10:06:13",477900
55200,100,7500,"sd","10:06:57",485400
55200,100,5200,"sd","10:10:16",490600
55200,100,5600,"sd","10:10:47",496200
55200,100,9600,"sd","10:10:51",505800
55200,100,8600,"bu","10:11:26",514400
55300,200,15000,"sd","10:11:32",529400
55300,200,26500,"sd","10:11:54",555900
55300,200,17500,"bu","10:11:59",573400
55300,200,2500,"sd","10:12:03",575900
55300,200,11500,"sd","10:12:21",587400
55300,200,12000,"bu","10:12:25",599400
55300,200,4500,"bu","10:12:46",603900
55300,200,6600,"bu","10:12:58",610500
55300,200,4200,"bu","10:13:07",614700
55300,200,6600,"sd","10:13:15",621300
55300,200,16500,"sd","10:16:51",637800
55300,200,17500,"sd","10:17:02",655300
55300,200,23500,"bu","10:17:14",678800
55300,200,5500,"sd","10:17:19",684300
55300,200,6400,"bu","10:17:24",690700
55300,200,9400,"sd","10:17:28",700100
55300,200,4500,"bu","10:17:33",704600
55300,200,20900,"bu","10:17:39",725500
55300,200,4100,"sd","10:17:46",729600
55300,200,4200,"bu","10:18:12",733800
55300,200,2300,"sd","10:18:16",736100
55300,200,25400,"sd","10:20:06",761500
55300,200,1400,"sd","10:20:14",762900
55300,200,100,"bu","10:20:17",763000
55300,200,7100,"bu","10:20:22",770100
55300,200,12500,"sd","10:25:59",782600
55200,100,7900,"bu","10:26:09",790500
55200,100,12000,"bu","10:27:45",802500
55300,200,7400,"sd","10:27:52",809900
55300,200,11000,"sd","10:28:16",820900
55300,200,5200,"sd","10:28:29",826100
55300,200,500,"bu","10:28:34",826600
55300,200,1400,"sd","10:28:39",828000
55300,200,1800,"sd","10:28:44",829800
55300,200,6800,"bu","10:29:08",836600
55200,100,100,"sd","10:29:24",836700
55200,100,7700,"sd","10:29:53",844400
55200,100,5500,"bu","10:29:58",849900
55100,0,7500,"sd","10:30:18",857400
55200,100,2000,"bu","10:33:00",859400
55300,200,4500,"bu","10:33:22",863900
55300,200,3400,"bu","10:33:33",867300
55300,200,5200,"sd","10:33:42",872500
55300,200,2300,"bu","10:34:39",874800
55200,100,5000,"sd","10:35:09",879800
55200,100,2600,"sd","10:43:04",882400
55200,100,10900,"sd","10:45:40",893300
55200,100,5900,"bu","10:46:15",899200
55200,100,6600,"sd","10:46:26",905800
55100,0,6400,"sd","10:46:41",912200
55000,-100,200,"bu","10:59:55",912400
55000,-100,7800,"bu","13:01:09",920200
55100,0,56800,"bu","13:10:14",977000
55100,0,13200,"bu","13:10:41",990200
55100,0,13300,"sd","13:10:43",1003500
55100,0,18400,"sd","13:10:55",1021900
55100,0,8500,"bu","13:11:07",1030400
55100,0,16200,"sd","13:11:22",1046600
55100,0,28700,"bu","13:12:07",1075300
55100,0,8500,"bu","13:12:30",1083800
55100,0,11300,"sd","13:12:41",1095100
55100,0,5000,"bu","13:12:57",1100100
55100,0,25400,"bu","13:12:59",1125500
55100,0,12600,"bu","13:13:21",1138100
55100,0,17400,"sd","13:13:32",1155500
55100,0,16800,"bu","13:13:43",1172300
55100,0,1800,"bu","13:13:51",1174100
55100,0,4500,"bu","13:14:52",1178600
55100,0,2200,"sd","13:15:06",1180800
55100,0,5300,"bu","13:15:40",1186100
55100,0,19700,"bu","13:16:00",1205800
55100,0,5200,"sd","13:16:11",1211000
55100,0,4900,"bu","13:16:18",1215900
55100,0,4600,"bu","13:16:24",1220500
55100,0,13600,"bu","13:16:39",1234100
55100,0,16900,"sd","13:17:03",1251000
55100,0,3100,"sd","13:17:23",1254100
55100,0,4600,"bu","13:17:35",1258700
55100,0,7900,"bu","13:17:49",1266600
55100,0,9600,"sd","13:18:04",1276200
55100,0,9800,"bu","13:18:27",1286000
55100,0,3400,"sd","13:18:42",1289400
55100,0,4500,"bu","13:18:53",1293900
55100,0,1700,"bu","13:19:05",1295600
55100,0,5000,"bu","13:19:30",1300600
55100,0,4400,"bu","13:19:41",1305000
55100,0,5600,"sd","13:20:00",1310600
55100,0,13200,"bu","13:23:14",1323800
55100,0,6600,"sd","13:23:24",1330400
55100,0,5200,"bu","13:23:37",1335600
55100,0,10900,"sd","13:23:48",1346500
55100,0,3200,"sd","13:24:13",1349700
55100,0,4100,"bu","13:24:18",1353800
55100,0,3200,"bu","13:24:22",1357000
55100,0,500,"bu","13:24:26",1357500
55100,0,900,"sd","13:24:30",1358400
55100,0,2000,"sd","13:24:35",1360400
55100,0,11900,"sd","13:34:09",1372300
55100,0,37400,"bu","13:38:49",1409700
55100,0,36800,"bu","13:39:14",1446500
55100,0,6400,"bu","13:39:49",1452900
55100,0,9500,"bu","13:39:53",1462400
55100,0,4200,"bu","13:39:59",1466600
55100,0,3500,"bu","13:40:02",1470100
55100,0,700,"sd","13:40:08",1470800
55100,0,17300,"sd","13:40:33",1488100
55100,0,1300,"bu","13:40:37",1489400
55100,0,3500,"sd","13:40:41",1492900
55100,0,4100,"sd","13:40:45",1497000
55100,0,2900,"bu","13:40:51",1499900
55100,0,8500,"sd","13:40:57",1508400
55100,0,4200,"bu","13:41:02",1512600
55100,0,200,"bu","13:41:03",1512800
55100,0,1800,"bu","13:41:08",1514600
55100,0,4500,"sd","13:42:39",1519100
55100,0,3500,"sd","13:42:49",1522600
55100,0,5200,"bu","13:43:27",1527800
55100,0,6500,"bu","13:43:32",1534300
55100,0,4100,"bu","13:43:36",1538400
55100,0,2900,"sd","13:43:42",1541300
55100,0,1700,"sd","13:43:47",1543000
55100,0,3900,"bu","13:43:51",1546900
55100,0,500,"bu","13:43:57",1547400
55100,0,17300,"sd","13:44:15",1564700
55100,0,3400,"sd","13:44:19",1568100
55100,0,6500,"bu","13:44:25",1574600
55100,0,2300,"sd","13:44:31",1576900
55100,0,14100,"bu","13:45:18",1591000
55100,0,4200,"bu","13:45:27",1595200
55100,0,2300,"sd","13:45:33",1597500
55100,0,2400,"bu","13:45:40",1599900
55100,0,900,"bu","13:46:22",1600800
55100,0,9700,"sd","13:47:22",1610500
55100,0,18700,"bu","13:49:21",1629200
55100,0,7400,"bu","13:49:48",1636600
55100,0,13500,"bu","13:49:58",1650100
55100,0,8000,"sd","13:50:11",1658100
55100,0,2000,"sd","13:50:20",1660100
55100,0,1200,"sd","13:50:34",1661300
55100,0,3300,"bu","13:50:43",1664600
55100,0,4500,"bu","13:50:55",1669100
55100,0,1600,"bu","13:51:15",1670700
55100,0,2500,"sd","13:51:22",1673200
55100,0,600,"bu","13:51:28",1673800
55100,0,1400,"sd","13:51:34",1675200
55100,0,2500,"sd","13:51:44",1677700
55100,0,1100,"bu","13:51:52",1678800
55100,0,100,"sd","13:52:06",1678900
55100,0,3400,"sd","13:53:18",1682300
55100,0,1900,"sd","13:53:27",1684200
55100,0,1000,"bu","13:53:43",1685200
55100,0,200,"bu","13:59:58",1685400
55100,0,1200,"sd","14:02:53",1686600
55200,100,2600,"bu","14:09:09",1689200
55100,0,10300,"bu","14:09:14",1699500
55100,0,900,"bu","14:13:34",1700400
55100,0,200,"bu","14:13:58",1700600
55100,0,6500,"sd","14:17:29",1707100
55100,0,11000,"sd","14:17:38",1718100
55100,0,4500,"sd","14:17:42",1722600
55100,0,3000,"bu","14:17:47",1725600
55100,0,8500,"bu","14:18:10",1734100
55100,0,11900,"bu","14:18:22",1746000
55100,0,900,"bu","14:18:27",1746900
55100,0,1200,"sd","14:19:14",1748100
55100,0,12000,"bu","14:45:12",1760100
