"id","symbol","truncTime","matchType","matchVol","matchPrice","accumulatedVolume","createdAt","updatedAt"
156230553,"DHA","1701935089","unknown","5500","48100","102500","2023-12-07T07:45:02.673Z","2023-12-07T07:45:02.673Z"
156227313,"DHA","1701934157","s","200","48500","96800","2023-12-07T07:29:30.735Z","2023-12-07T07:29:30.735Z"
156226490,"DHA","1701934146","s","800","48500","96800","2023-12-07T07:29:20.677Z","2023-12-07T07:29:20.677Z"
156212938,"DHA","1701933943","b","500","48500","96000","2023-12-07T07:25:56.672Z","2023-12-07T07:25:56.672Z"
156212937,"DHA","1701933943","b","200","48500","96000","2023-12-07T07:25:56.672Z","2023-12-07T07:25:56.672Z"
156200251,"DHA","1701933770","b","100","48500","95300","2023-12-07T07:23:03.664Z","2023-12-07T07:23:03.664Z"
156189687,"DHA","1701933585","b","4200","48300","95200","2023-12-07T07:19:59.656Z","2023-12-07T07:19:59.656Z"
156189686,"DHA","1701933585","b","500","48250","95200","2023-12-07T07:19:59.656Z","2023-12-07T07:19:59.656Z"
156189685,"DHA","1701933585","b","300","48250","95200","2023-12-07T07:19:59.656Z","2023-12-07T07:19:59.656Z"
156188668,"DHA","1701933561","b","200","48250","90200","2023-12-07T07:19:34.663Z","2023-12-07T07:19:34.663Z"
156167755,"DHA","1701932954","s","100","48150","90000","2023-12-07T07:09:27.690Z","2023-12-07T07:09:27.690Z"
156166403,"DHA","1701932909","s","100","48150","89900","2023-12-07T07:08:43.708Z","2023-12-07T07:08:43.708Z"
156163830,"DHA","1701932836","s","1400","48300","89800","2023-12-07T07:07:29.698Z","2023-12-07T07:07:29.698Z"
156162281,"DHA","1701932794","s","600","48300","87800","2023-12-07T07:06:47.695Z","2023-12-07T07:06:47.695Z"
156152021,"DHA","1701932605","b","400","48300","87800","2023-12-07T07:03:38.729Z","2023-12-07T07:03:38.729Z"
156149127,"DHA","1701932555","b","200","48300","87400","2023-12-07T07:02:48.688Z","2023-12-07T07:02:48.688Z"
156148971,"DHA","1701932553","b","800","48300","87200","2023-12-07T07:02:46.716Z","2023-12-07T07:02:46.716Z"
156144530,"DHA","1701932495","b","1500","48300","86400","2023-12-07T07:01:48.743Z","2023-12-07T07:01:48.743Z"
156144047,"DHA","1701932490","s","500","48150","84900","2023-12-07T07:01:43.701Z","2023-12-07T07:01:43.701Z"
156136697,"DHA","1701932358","b","1000","48300","83400","2023-12-07T06:59:31.686Z","2023-12-07T06:59:31.686Z"
156133484,"DHA","1701932238","b","300","48300","83400","2023-12-07T06:57:31.683Z","2023-12-07T06:57:31.683Z"
156126292,"DHA","1701931940","s","500","48150","83100","2023-12-07T06:52:33.679Z","2023-12-07T06:52:33.679Z"
156120341,"DHA","1701931777","s","500","48300","82600","2023-12-07T06:49:51.684Z","2023-12-07T06:49:51.684Z"
156120340,"DHA","1701931777","s","300","48300","82600","2023-12-07T06:49:51.684Z","2023-12-07T06:49:51.684Z"
156116729,"DHA","1701931697","s","100","48300","81800","2023-12-07T06:48:30.704Z","2023-12-07T06:48:30.704Z"
156114733,"DHA","1701931657","s","100","48300","81700","2023-12-07T06:47:51.681Z","2023-12-07T06:47:51.681Z"
156106038,"DHA","1701931481","b","100","48300","81600","2023-12-07T06:44:55.681Z","2023-12-07T06:44:55.681Z"
156086697,"DHA","1701931033","b","1200","48200","81500","2023-12-07T06:37:26.677Z","2023-12-07T06:37:26.677Z"
156085028,"DHA","1701930974","b","300","48200","80300","2023-12-07T06:36:27.694Z","2023-12-07T06:36:27.694Z"
156085027,"DHA","1701930974","b","100","48200","80300","2023-12-07T06:36:27.694Z","2023-12-07T06:36:27.694Z"
156081584,"DHA","1701930840","b","3000","48150","79900","2023-12-07T06:34:12.708Z","2023-12-07T06:34:12.708Z"
156081583,"DHA","1701930840","b","100","48150","79900","2023-12-07T06:34:12.708Z","2023-12-07T06:34:12.708Z"
156081582,"DHA","1701930840","b","200","48150","79900","2023-12-07T06:34:12.708Z","2023-12-07T06:34:12.708Z"
156080573,"DHA","1701930804","b","100","48100","76600","2023-12-07T06:33:37.673Z","2023-12-07T06:33:37.673Z"
156078127,"DHA","1701930711","s","100","47950","76500","2023-12-07T06:32:04.673Z","2023-12-07T06:32:04.673Z"
156078126,"DHA","1701930711","s","900","47950","76500","2023-12-07T06:32:04.673Z","2023-12-07T06:32:04.673Z"
156075810,"DHA","1701930642","s","1000","47950","75500","2023-12-07T06:30:55.686Z","2023-12-07T06:30:55.686Z"
156071094,"DHA","1701930521","s","300","47950","74500","2023-12-07T06:28:54.666Z","2023-12-07T06:28:54.666Z"
156069783,"DHA","1701930482","s","500","47950","74200","2023-12-07T06:28:15.682Z","2023-12-07T06:28:15.682Z"
156066235,"DHA","1701930394","s","300","47950","73700","2023-12-07T06:26:47.670Z","2023-12-07T06:26:47.670Z"
156059355,"DHA","1701930157","s","200","47900","71600","2023-12-07T06:22:50.656Z","2023-12-07T06:22:50.656Z"
156059354,"DHA","1701930157","s","1600","47900","71600","2023-12-07T06:22:50.656Z","2023-12-07T06:22:50.656Z"
156058360,"DHA","1701930121","s","1000","47900","71600","2023-12-07T06:22:14.695Z","2023-12-07T06:22:14.695Z"
156058359,"DHA","1701930121","s","1400","47900","71600","2023-12-07T06:22:14.695Z","2023-12-07T06:22:14.695Z"
156055931,"DHA","1701930056","s","100","47900","69100","2023-12-07T06:21:09.659Z","2023-12-07T06:21:09.659Z"
156055118,"DHA","1701930029","s","400","47900","69100","2023-12-07T06:20:42.644Z","2023-12-07T06:20:42.644Z"
156053624,"DHA","1701929979","s","100","47900","68700","2023-12-07T06:19:52.668Z","2023-12-07T06:19:52.668Z"
156049308,"DHA","1701929871","s","100","47900","68500","2023-12-07T06:18:04.654Z","2023-12-07T06:18:04.654Z"
156046923,"DHA","1701929806","b","400","47900","68100","2023-12-07T06:16:59.674Z","2023-12-07T06:16:59.674Z"
156041566,"DHA","1701929652","s","500","47800","68100","2023-12-07T06:14:26.653Z","2023-12-07T06:14:26.653Z"
156027284,"DHA","1701929309","b","100","47700","67600","2023-12-07T06:08:42.632Z","2023-12-07T06:08:42.632Z"
156025687,"DHA","1701929276","b","100","47700","67500","2023-12-07T06:08:09.636Z","2023-12-07T06:08:09.636Z"
156024528,"DHA","1701929249","b","500","47700","67400","2023-12-07T06:07:43.645Z","2023-12-07T06:07:43.645Z"
156016739,"DHA","1701929075","b","100","47700","66900","2023-12-07T06:04:48.667Z","2023-12-07T06:04:48.667Z"
156016410,"DHA","1701929067","b","300","47700","66800","2023-12-07T06:04:40.631Z","2023-12-07T06:04:40.631Z"
156015377,"DHA","1701929039","s","300","47650","66200","2023-12-07T06:04:12.615Z","2023-12-07T06:04:12.615Z"
156015335,"DHA","1701929038","b","300","47700","66200","2023-12-07T06:04:11.642Z","2023-12-07T06:04:11.642Z"
156014646,"DHA","1701929018","s","500","47700","65900","2023-12-07T06:03:52.620Z","2023-12-07T06:03:52.620Z"
156014645,"DHA","1701929018","s","100","47700","65900","2023-12-07T06:03:52.620Z","2023-12-07T06:03:52.620Z"
156014644,"DHA","1701929018","s","500","47700","65900","2023-12-07T06:03:52.620Z","2023-12-07T06:03:52.620Z"
156014643,"DHA","1701929018","s","100","47750","65900","2023-12-07T06:03:52.620Z","2023-12-07T06:03:52.620Z"
156014642,"DHA","1701929018","s","300","47750","65900","2023-12-07T06:03:52.620Z","2023-12-07T06:03:52.620Z"
156014641,"DHA","1701929018","s","200","47800","65900","2023-12-07T06:03:52.620Z","2023-12-07T06:03:52.620Z"
156006090,"DHA","1701928819","b","300","48150","64200","2023-12-07T06:00:32.661Z","2023-12-07T06:00:32.661Z"
156006089,"DHA","1701928819","b","100","48150","64200","2023-12-07T06:00:32.661Z","2023-12-07T06:00:32.661Z"
156003910,"DHA","1701928808","s","500","47800","63800","2023-12-07T06:00:21.731Z","2023-12-07T06:00:21.731Z"
156003909,"DHA","1701928808","s","100","47800","63800","2023-12-07T06:00:21.731Z","2023-12-07T06:00:21.731Z"
156003908,"DHA","1701928808","s","100","47800","63800","2023-12-07T06:00:21.731Z","2023-12-07T06:00:21.731Z"
156003907,"DHA","1701928808","s","100","47800","63800","2023-12-07T06:00:21.731Z","2023-12-07T06:00:21.731Z"
156003906,"DHA","1701928808","s","500","47800","63800","2023-12-07T06:00:21.731Z","2023-12-07T06:00:21.731Z"
156003905,"DHA","1701928808","s","100","47800","63800","2023-12-07T06:00:21.731Z","2023-12-07T06:00:21.731Z"
156003904,"DHA","1701928808","s","500","47850","63800","2023-12-07T06:00:21.731Z","2023-12-07T06:00:21.731Z"
156003903,"DHA","1701928808","s","100","48050","63800","2023-12-07T06:00:21.731Z","2023-12-07T06:00:21.731Z"
155999192,"DHA","1701928790","b","100","48150","61800","2023-12-07T06:00:03.713Z","2023-12-07T06:00:03.713Z"
155994445,"DHA","1701923249","b","100","48150","61700","2023-12-07T04:27:42.485Z","2023-12-07T04:27:42.485Z"
155993555,"DHA","1701923224","b","200","48150","61600","2023-12-07T04:27:17.481Z","2023-12-07T04:27:17.481Z"
155989974,"DHA","1701923121","s","100","47850","61400","2023-12-07T04:25:34.491Z","2023-12-07T04:25:34.491Z"
155972288,"DHA","1701922651","b","400","48000","61300","2023-12-07T04:17:44.473Z","2023-12-07T04:17:44.473Z"
155961909,"DHA","1701922410","b","500","47800","60900","2023-12-07T04:13:42.492Z","2023-12-07T04:13:42.492Z"
155950865,"DHA","1701922221","b","200","47800","60400","2023-12-07T04:10:34.501Z","2023-12-07T04:10:34.501Z"
155948746,"DHA","1701922192","s","400","47650","60200","2023-12-07T04:10:05.522Z","2023-12-07T04:10:05.522Z"
155948745,"DHA","1701922192","s","100","47650","60200","2023-12-07T04:10:05.522Z","2023-12-07T04:10:05.522Z"
155943158,"DHA","1701922108","s","100","47800","59700","2023-12-07T04:08:40.481Z","2023-12-07T04:08:40.481Z"
155942035,"DHA","1701922090","s","200","47800","59600","2023-12-07T04:08:23.539Z","2023-12-07T04:08:23.539Z"
155942034,"DHA","1701922090","s","100","47800","59600","2023-12-07T04:08:23.539Z","2023-12-07T04:08:23.539Z"
155942033,"DHA","1701922090","s","500","47900","59600","2023-12-07T04:08:23.539Z","2023-12-07T04:08:23.539Z"
155942032,"DHA","1701922090","s","500","47900","59600","2023-12-07T04:08:23.539Z","2023-12-07T04:08:23.539Z"
155936002,"DHA","1701922022","s","100","48000","58300","2023-12-07T04:07:14.520Z","2023-12-07T04:07:14.520Z"
155936001,"DHA","1701922022","s","500","48000","58300","2023-12-07T04:07:14.520Z","2023-12-07T04:07:14.520Z"
155936000,"DHA","1701922022","s","100","48000","58300","2023-12-07T04:07:14.520Z","2023-12-07T04:07:14.520Z"
155935491,"DHA","1701922016","s","500","48000","57600","2023-12-07T04:07:09.506Z","2023-12-07T04:07:09.506Z"
155935490,"DHA","1701922016","s","100","48000","57600","2023-12-07T04:07:09.506Z","2023-12-07T04:07:09.506Z"
155935489,"DHA","1701922016","s","2000","48000","57600","2023-12-07T04:07:09.506Z","2023-12-07T04:07:09.506Z"
155935488,"DHA","1701922016","s","100","48000","57600","2023-12-07T04:07:09.506Z","2023-12-07T04:07:09.506Z"
155935487,"DHA","1701922016","s","500","48000","57600","2023-12-07T04:07:09.506Z","2023-12-07T04:07:09.506Z"
155935486,"DHA","1701922016","s","800","48000","57600","2023-12-07T04:07:09.506Z","2023-12-07T04:07:09.506Z"
155934872,"DHA","1701922009","s","800","48000","53600","2023-12-07T04:07:02.578Z","2023-12-07T04:07:02.578Z"
155934806,"DHA","1701922008","s","300","48000","52800","2023-12-07T04:07:01.505Z","2023-12-07T04:07:01.505Z"
155933367,"DHA","1701921990","s","600","48000","52500","2023-12-07T04:06:43.601Z","2023-12-07T04:06:43.601Z"
155933366,"DHA","1701921990","s","200","48000","52500","2023-12-07T04:06:43.601Z","2023-12-07T04:06:43.601Z"
