"id","symbol","truncTime","matchType","matchVol","matchPrice","accumulatedVolume","createdAt","updatedAt"
156230918,"NTP","1701935111","s","2000","37300","90100","2023-12-07T07:45:13.658Z","2023-12-07T07:45:13.658Z"
156219824,"NTP","1701934056","b","100","37400","88100","2023-12-07T07:27:38.686Z","2023-12-07T07:27:38.686Z"
156206094,"NTP","1701933865","b","2900","37400","88000","2023-12-07T07:24:26.712Z","2023-12-07T07:24:26.712Z"
156205957,"NTP","1701933864","b","1900","37300","85100","2023-12-07T07:24:25.710Z","2023-12-07T07:24:25.710Z"
156204946,"NTP","1701933852","s","100","37100","83200","2023-12-07T07:24:13.677Z","2023-12-07T07:24:13.677Z"
156201242,"NTP","1701933797","s","100","37100","83100","2023-12-07T07:23:19.725Z","2023-12-07T07:23:19.725Z"
156197150,"NTP","1701933737","b","100","37300","83000","2023-12-07T07:22:18.673Z","2023-12-07T07:22:18.673Z"
156194399,"NTP","1701933703","s","100","37100","82900","2023-12-07T07:21:44.715Z","2023-12-07T07:21:44.715Z"
156190201,"NTP","1701933611","s","100","37100","82800","2023-12-07T07:20:13.677Z","2023-12-07T07:20:13.677Z"
156189795,"NTP","1701933600","s","500","37100","82700","2023-12-07T07:20:02.658Z","2023-12-07T07:20:02.658Z"
156189605,"NTP","1701933595","s","200","37100","82200","2023-12-07T07:19:57.665Z","2023-12-07T07:19:57.665Z"
156186537,"NTP","1701933521","s","100","37100","82000","2023-12-07T07:18:42.668Z","2023-12-07T07:18:42.668Z"
156181499,"NTP","1701933414","b","500","37300","81900","2023-12-07T07:16:55.669Z","2023-12-07T07:16:55.669Z"
156181017,"NTP","1701933399","b","600","37200","81400","2023-12-07T07:16:40.667Z","2023-12-07T07:16:40.667Z"
156179304,"NTP","1701933347","s","100","37100","80800","2023-12-07T07:15:49.666Z","2023-12-07T07:15:49.666Z"
156176714,"NTP","1701933262","s","100","37100","80700","2023-12-07T07:14:24.684Z","2023-12-07T07:14:24.684Z"
156174362,"NTP","1701933178","s","100","37100","80600","2023-12-07T07:13:00.690Z","2023-12-07T07:13:00.690Z"
156171832,"NTP","1701933095","s","100","37100","80500","2023-12-07T07:11:36.682Z","2023-12-07T07:11:36.682Z"
156169264,"NTP","1701933013","s","100","37100","80400","2023-12-07T07:10:14.700Z","2023-12-07T07:10:14.700Z"
156166703,"NTP","1701932932","s","100","37100","80300","2023-12-07T07:08:53.705Z","2023-12-07T07:08:53.705Z"
156165361,"NTP","1701932891","b","200","37300","80200","2023-12-07T07:08:12.692Z","2023-12-07T07:08:12.692Z"
156163936,"NTP","1701932851","s","100","37100","80000","2023-12-07T07:07:32.693Z","2023-12-07T07:07:32.693Z"
156160722,"NTP","1701932771","s","100","37100","79900","2023-12-07T07:06:12.687Z","2023-12-07T07:06:12.687Z"
156158351,"NTP","1701932721","s","100","37100","79800","2023-12-07T07:05:22.682Z","2023-12-07T07:05:22.682Z"
156156730,"NTP","1701932692","s","100","37100","79700","2023-12-07T07:04:53.708Z","2023-12-07T07:04:53.708Z"
156154663,"NTP","1701932663","b","200","37300","79600","2023-12-07T07:04:24.700Z","2023-12-07T07:04:24.700Z"
156151824,"NTP","1701932613","s","100","37100","79400","2023-12-07T07:03:34.722Z","2023-12-07T07:03:34.722Z"
156150852,"NTP","1701932598","b","6000","37300","79300","2023-12-07T07:03:18.689Z","2023-12-07T07:03:18.689Z"
156146578,"NTP","1701932534","s","100","37100","73300","2023-12-07T07:02:15.760Z","2023-12-07T07:02:15.760Z"
156137843,"NTP","1701932409","b","2000","37300","73200","2023-12-07T07:00:10.725Z","2023-12-07T07:00:10.725Z"
156137407,"NTP","1701932395","b","1000","37200","71200","2023-12-07T06:59:56.686Z","2023-12-07T06:59:56.686Z"
156135071,"NTP","1701932313","b","2300","37100","70200","2023-12-07T06:58:34.689Z","2023-12-07T06:58:34.689Z"
156134777,"NTP","1701932302","s","100","37000","67900","2023-12-07T06:58:23.690Z","2023-12-07T06:58:23.690Z"
156132919,"NTP","1701932225","s","100","37000","67800","2023-12-07T06:57:06.682Z","2023-12-07T06:57:06.682Z"
156131066,"NTP","1701932148","s","100","37000","67700","2023-12-07T06:55:49.705Z","2023-12-07T06:55:49.705Z"
156129203,"NTP","1701932072","s","100","37000","67600","2023-12-07T06:54:33.690Z","2023-12-07T06:54:33.690Z"
156127527,"NTP","1701931996","s","100","37000","67500","2023-12-07T06:53:17.678Z","2023-12-07T06:53:17.678Z"
156125346,"NTP","1701931921","s","100","37000","67400","2023-12-07T06:52:02.677Z","2023-12-07T06:52:02.677Z"
156124887,"NTP","1701931905","s","900","37100","67300","2023-12-07T06:51:46.679Z","2023-12-07T06:51:46.679Z"
156124412,"NTP","1701931894","s","2000","37100","66400","2023-12-07T06:51:35.689Z","2023-12-07T06:51:35.689Z"
156122817,"NTP","1701931845","s","100","37100","64400","2023-12-07T06:50:46.679Z","2023-12-07T06:50:46.679Z"
156119605,"NTP","1701931769","s","100","37100","64300","2023-12-07T06:49:30.692Z","2023-12-07T06:49:30.692Z"
156116208,"NTP","1701931696","s","100","37100","64200","2023-12-07T06:48:16.700Z","2023-12-07T06:48:16.700Z"
156111806,"NTP","1701931621","s","100","37100","64100","2023-12-07T06:47:02.687Z","2023-12-07T06:47:02.687Z"
156108741,"NTP","1701931547","s","100","37100","64000","2023-12-07T06:45:48.688Z","2023-12-07T06:45:48.688Z"
156105204,"NTP","1701931473","s","100","37100","63900","2023-12-07T06:44:33.689Z","2023-12-07T06:44:33.689Z"
156102352,"NTP","1701931418","s","100","37100","63800","2023-12-07T06:43:40.713Z","2023-12-07T06:43:40.713Z"
156101540,"NTP","1701931400","s","100","37100","63700","2023-12-07T06:43:20.696Z","2023-12-07T06:43:20.696Z"
156100410,"NTP","1701931376","s","1000","37100","63600","2023-12-07T06:42:57.670Z","2023-12-07T06:42:57.670Z"
156100091,"NTP","1701931369","s","300","37100","62600","2023-12-07T06:42:51.734Z","2023-12-07T06:42:51.734Z"
156098334,"NTP","1701931325","s","100","37100","62300","2023-12-07T06:42:07.677Z","2023-12-07T06:42:07.677Z"
156094465,"NTP","1701931253","b","500","37200","62200","2023-12-07T06:40:54.685Z","2023-12-07T06:40:54.685Z"
156094424,"NTP","1701931252","s","100","37100","61700","2023-12-07T06:40:53.676Z","2023-12-07T06:40:53.676Z"
156091201,"NTP","1701931179","s","100","37100","61600","2023-12-07T06:39:40.701Z","2023-12-07T06:39:40.701Z"
156088790,"NTP","1701931106","s","100","37100","61500","2023-12-07T06:38:27.697Z","2023-12-07T06:38:27.697Z"
156088113,"NTP","1701931091","b","700","37100","61400","2023-12-07T06:38:13.727Z","2023-12-07T06:38:13.727Z"
156087290,"NTP","1701931066","s","1300","37100","60700","2023-12-07T06:37:47.674Z","2023-12-07T06:37:47.674Z"
156087177,"NTP","1701931062","s","100","37100","59400","2023-12-07T06:37:43.719Z","2023-12-07T06:37:43.719Z"
156086379,"NTP","1701931034","s","100","37100","59300","2023-12-07T06:37:15.681Z","2023-12-07T06:37:15.681Z"
156084387,"NTP","1701930962","s","100","37000","59200","2023-12-07T06:36:03.707Z","2023-12-07T06:36:03.707Z"
156082682,"NTP","1701930893","s","800","37200","59100","2023-12-07T06:34:54.678Z","2023-12-07T06:34:54.678Z"
156082612,"NTP","1701930890","s","100","37200","58300","2023-12-07T06:34:51.679Z","2023-12-07T06:34:51.679Z"
156081550,"NTP","1701930850","s","100","37200","58200","2023-12-07T06:34:11.674Z","2023-12-07T06:34:11.674Z"
156080059,"NTP","1701930794","s","100","37200","58100","2023-12-07T06:33:15.685Z","2023-12-07T06:33:15.685Z"
156079871,"NTP","1701930790","s","100","37200","58000","2023-12-07T06:33:11.697Z","2023-12-07T06:33:11.697Z"
156079567,"NTP","1701930779","s","100","37200","57900","2023-12-07T06:33:00.670Z","2023-12-07T06:33:00.670Z"
156079542,"NTP","1701930778","s","100","37200","57800","2023-12-07T06:32:59.686Z","2023-12-07T06:32:59.686Z"
156079083,"NTP","1701930759","s","100","37200","57700","2023-12-07T06:32:40.669Z","2023-12-07T06:32:40.669Z"
156078804,"NTP","1701930747","b","4200","37200","57600","2023-12-07T06:32:29.671Z","2023-12-07T06:32:29.671Z"
156078788,"NTP","1701930746","s","100","37100","53400","2023-12-07T06:32:27.692Z","2023-12-07T06:32:27.692Z"
156078489,"NTP","1701930735","s","100","37100","53300","2023-12-07T06:32:17.672Z","2023-12-07T06:32:17.672Z"
156078130,"NTP","1701930723","s","100","37100","53200","2023-12-07T06:32:04.673Z","2023-12-07T06:32:04.673Z"
156076479,"NTP","1701930674","s","100","37000","53100","2023-12-07T06:31:15.672Z","2023-12-07T06:31:15.672Z"
156074119,"NTP","1701930603","s","100","37000","53000","2023-12-07T06:30:05.689Z","2023-12-07T06:30:05.689Z"
156070999,"NTP","1701930531","s","100","37000","52900","2023-12-07T06:28:52.699Z","2023-12-07T06:28:52.699Z"
156068325,"NTP","1701930460","s","100","37000","52800","2023-12-07T06:27:41.662Z","2023-12-07T06:27:41.662Z"
156063734,"NTP","1701930337","unknown","5000","37300","52700","2023-12-07T06:25:38.660Z","2023-12-07T06:25:38.660Z"
156063154,"NTP","1701930314","b","2000","37200","47700","2023-12-07T06:25:15.671Z","2023-12-07T06:25:15.671Z"
156061757,"NTP","1701930264","b","900","37200","45700","2023-12-07T06:24:25.675Z","2023-12-07T06:24:25.675Z"
156061272,"NTP","1701930243","b","2500","37000","44800","2023-12-07T06:24:04.657Z","2023-12-07T06:24:04.657Z"
156059619,"NTP","1701930177","s","100","36600","42300","2023-12-07T06:22:58.686Z","2023-12-07T06:22:58.686Z"
156057264,"NTP","1701930106","s","100","36500","42200","2023-12-07T06:21:47.654Z","2023-12-07T06:21:47.654Z"
156057026,"NTP","1701930099","s","300","36800","42100","2023-12-07T06:21:40.663Z","2023-12-07T06:21:40.663Z"
156056864,"NTP","1701930094","s","3000","36800","41800","2023-12-07T06:21:35.665Z","2023-12-07T06:21:35.665Z"
156055274,"NTP","1701930047","s","100","36800","38800","2023-12-07T06:20:48.660Z","2023-12-07T06:20:48.660Z"
156055186,"NTP","1701930044","s","1000","36800","38700","2023-12-07T06:20:45.656Z","2023-12-07T06:20:45.656Z"
156053980,"NTP","1701930003","s","700","36800","37700","2023-12-07T06:20:04.673Z","2023-12-07T06:20:04.673Z"
156053789,"NTP","1701929996","b","5000","36800","37000","2023-12-07T06:19:57.650Z","2023-12-07T06:19:57.650Z"
156052593,"NTP","1701929971","b","7900","36500","32000","2023-12-07T06:19:32.691Z","2023-12-07T06:19:32.691Z"
156052337,"NTP","1701929966","s","100","36100","24100","2023-12-07T06:19:27.658Z","2023-12-07T06:19:27.658Z"
156048373,"NTP","1701929856","b","500","36400","24000","2023-12-07T06:17:36.650Z","2023-12-07T06:17:36.650Z"
156047306,"NTP","1701929827","s","100","36100","23500","2023-12-07T06:17:08.650Z","2023-12-07T06:17:08.650Z"
156044898,"NTP","1701929757","unknown","100","36200","23400","2023-12-07T06:15:58.653Z","2023-12-07T06:15:58.653Z"
156042334,"NTP","1701929687","s","100","36200","23300","2023-12-07T06:14:48.646Z","2023-12-07T06:14:48.646Z"
156039630,"NTP","1701929618","s","100","36200","23200","2023-12-07T06:13:39.635Z","2023-12-07T06:13:39.635Z"
156036821,"NTP","1701929549","s","100","36200","23100","2023-12-07T06:12:30.637Z","2023-12-07T06:12:30.637Z"
156033875,"NTP","1701929479","s","100","36200","23000","2023-12-07T06:11:20.635Z","2023-12-07T06:11:20.635Z"
156030970,"NTP","1701929410","s","100","36200","22900","2023-12-07T06:10:11.630Z","2023-12-07T06:10:11.630Z"
156028134,"NTP","1701929341","s","100","36200","22800","2023-12-07T06:09:02.655Z","2023-12-07T06:09:02.655Z"
156024997,"NTP","1701929272","s","100","36200","22700","2023-12-07T06:07:53.631Z","2023-12-07T06:07:53.631Z"
