"id","symbol","truncTime","matchType","matchVol","matchPrice","accumulatedVolume","createdAt","updatedAt"
156230823,"PNJ","1701935094","unknown","190200","78500","572700","2023-12-07T07:45:06.668Z","2023-12-07T07:45:06.668Z"
156229905,"PNJ","1701934189","b","100","78700","572600","2023-12-07T07:30:02.656Z","2023-12-07T07:30:02.656Z"
156229873,"PNJ","1701934188","s","200","78700","570100","2023-12-07T07:30:01.684Z","2023-12-07T07:30:01.684Z"
156229872,"PNJ","1701934188","s","100","78700","570100","2023-12-07T07:30:01.684Z","2023-12-07T07:30:01.684Z"
156229871,"PNJ","1701934188","s","100","78700","570100","2023-12-07T07:30:01.684Z","2023-12-07T07:30:01.684Z"
156229870,"PNJ","1701934188","s","100","78700","570100","2023-12-07T07:30:01.684Z","2023-12-07T07:30:01.684Z"
156229869,"PNJ","1701934188","s","2000","78700","570100","2023-12-07T07:30:01.684Z","2023-12-07T07:30:01.684Z"
156229837,"PNJ","1701934188","s","300","78700","570100","2023-12-07T07:30:01.684Z","2023-12-07T07:30:01.684Z"
156229836,"PNJ","1701934188","s","500","78700","570100","2023-12-07T07:30:01.684Z","2023-12-07T07:30:01.684Z"
156229835,"PNJ","1701934188","s","100","78700","570100","2023-12-07T07:30:01.684Z","2023-12-07T07:30:01.684Z"
156229834,"PNJ","1701934188","s","200","78700","570100","2023-12-07T07:30:01.684Z","2023-12-07T07:30:01.684Z"
156229833,"PNJ","1701934188","s","100","78700","570100","2023-12-07T07:30:01.684Z","2023-12-07T07:30:01.684Z"
156229832,"PNJ","1701934188","s","100","78700","570100","2023-12-07T07:30:01.684Z","2023-12-07T07:30:01.684Z"
156229831,"PNJ","1701934188","s","200","78700","570100","2023-12-07T07:30:01.684Z","2023-12-07T07:30:01.684Z"
156229830,"PNJ","1701934188","s","100","78700","570100","2023-12-07T07:30:01.684Z","2023-12-07T07:30:01.684Z"
156229829,"PNJ","1701934188","s","100","78700","570100","2023-12-07T07:30:01.684Z","2023-12-07T07:30:01.684Z"
156229828,"PNJ","1701934188","s","100","78700","570100","2023-12-07T07:30:01.684Z","2023-12-07T07:30:01.684Z"
156229827,"PNJ","1701934188","s","2000","78700","570100","2023-12-07T07:30:01.684Z","2023-12-07T07:30:01.684Z"
156229826,"PNJ","1701934188","s","100","78700","570100","2023-12-07T07:30:01.684Z","2023-12-07T07:30:01.684Z"
156229825,"PNJ","1701934188","s","500","78700","570100","2023-12-07T07:30:01.684Z","2023-12-07T07:30:01.684Z"
156229824,"PNJ","1701934188","s","500","78700","570100","2023-12-07T07:30:01.684Z","2023-12-07T07:30:01.684Z"
156229823,"PNJ","1701934188","s","100","78800","570100","2023-12-07T07:30:01.684Z","2023-12-07T07:30:01.684Z"
156229822,"PNJ","1701934188","s","100","78800","570100","2023-12-07T07:30:01.684Z","2023-12-07T07:30:01.684Z"
156229821,"PNJ","1701934188","s","5100","78800","570100","2023-12-07T07:30:01.684Z","2023-12-07T07:30:01.684Z"
156229820,"PNJ","1701934188","s","1900","78800","570100","2023-12-07T07:30:01.684Z","2023-12-07T07:30:01.684Z"
156229819,"PNJ","1701934188","s","300","78800","570100","2023-12-07T07:30:01.684Z","2023-12-07T07:30:01.684Z"
156229818,"PNJ","1701934188","s","100","78800","570100","2023-12-07T07:30:01.684Z","2023-12-07T07:30:01.684Z"
156229817,"PNJ","1701934188","s","100","78800","570100","2023-12-07T07:30:01.684Z","2023-12-07T07:30:01.684Z"
156229816,"PNJ","1701934188","s","100","78800","570100","2023-12-07T07:30:01.684Z","2023-12-07T07:30:01.684Z"
156229815,"PNJ","1701934188","s","100","78800","570100","2023-12-07T07:30:01.684Z","2023-12-07T07:30:01.684Z"
156229814,"PNJ","1701934188","s","3000","78800","570100","2023-12-07T07:30:01.684Z","2023-12-07T07:30:01.684Z"
156229793,"PNJ","1701934187","s","2000","78800","548500","2023-12-07T07:30:00.681Z","2023-12-07T07:30:00.681Z"
156229792,"PNJ","1701934187","s","100","78800","548500","2023-12-07T07:30:00.681Z","2023-12-07T07:30:00.681Z"
156229791,"PNJ","1701934187","s","200","78800","548500","2023-12-07T07:30:00.681Z","2023-12-07T07:30:00.681Z"
156229790,"PNJ","1701934187","s","3500","78800","548500","2023-12-07T07:30:00.681Z","2023-12-07T07:30:00.681Z"
156229761,"PNJ","1701934187","s","500","78800","548500","2023-12-07T07:30:00.681Z","2023-12-07T07:30:00.681Z"
156229760,"PNJ","1701934187","s","500","78800","548500","2023-12-07T07:30:00.681Z","2023-12-07T07:30:00.681Z"
156229759,"PNJ","1701934187","s","100","78800","548500","2023-12-07T07:30:00.681Z","2023-12-07T07:30:00.681Z"
156229758,"PNJ","1701934187","s","100","78800","548500","2023-12-07T07:30:00.681Z","2023-12-07T07:30:00.681Z"
156229757,"PNJ","1701934187","s","3000","78800","548500","2023-12-07T07:30:00.681Z","2023-12-07T07:30:00.681Z"
156229756,"PNJ","1701934187","s","100","78800","548500","2023-12-07T07:30:00.681Z","2023-12-07T07:30:00.681Z"
156229755,"PNJ","1701934187","s","400","78800","548500","2023-12-07T07:30:00.681Z","2023-12-07T07:30:00.681Z"
156229754,"PNJ","1701934187","s","100","78900","548500","2023-12-07T07:30:00.681Z","2023-12-07T07:30:00.681Z"
156229753,"PNJ","1701934187","s","100","78900","548500","2023-12-07T07:30:00.681Z","2023-12-07T07:30:00.681Z"
156229752,"PNJ","1701934187","s","100","78900","548500","2023-12-07T07:30:00.681Z","2023-12-07T07:30:00.681Z"
156229751,"PNJ","1701934187","s","100","78900","548500","2023-12-07T07:30:00.681Z","2023-12-07T07:30:00.681Z"
156229750,"PNJ","1701934187","s","200","78900","548500","2023-12-07T07:30:00.681Z","2023-12-07T07:30:00.681Z"
156229749,"PNJ","1701934187","s","100","78900","548500","2023-12-07T07:30:00.681Z","2023-12-07T07:30:00.681Z"
156229748,"PNJ","1701934187","s","400","78900","548500","2023-12-07T07:30:00.681Z","2023-12-07T07:30:00.681Z"
156229717,"PNJ","1701934187","s","600","78900","541500","2023-12-07T07:30:00.681Z","2023-12-07T07:30:00.681Z"
156229716,"PNJ","1701934187","s","100","78900","541500","2023-12-07T07:30:00.681Z","2023-12-07T07:30:00.681Z"
156229715,"PNJ","1701934187","s","100","78900","541500","2023-12-07T07:30:00.681Z","2023-12-07T07:30:00.681Z"
156229714,"PNJ","1701934187","s","100","78900","541500","2023-12-07T07:30:00.681Z","2023-12-07T07:30:00.681Z"
156229713,"PNJ","1701934187","s","300","78900","541500","2023-12-07T07:30:00.681Z","2023-12-07T07:30:00.681Z"
156227809,"PNJ","1701934164","b","200","79000","541300","2023-12-07T07:29:37.672Z","2023-12-07T07:29:37.672Z"
156227581,"PNJ","1701934161","b","800","79000","539700","2023-12-07T07:29:33.672Z","2023-12-07T07:29:33.672Z"
156227580,"PNJ","1701934161","b","800","79000","539700","2023-12-07T07:29:33.672Z","2023-12-07T07:29:33.672Z"
156226662,"PNJ","1701934149","b","400","79000","539300","2023-12-07T07:29:22.700Z","2023-12-07T07:29:22.700Z"
156226393,"PNJ","1701934145","b","500","79000","539300","2023-12-07T07:29:19.697Z","2023-12-07T07:29:19.697Z"
156225166,"PNJ","1701934127","b","300","79000","536300","2023-12-07T07:29:00.680Z","2023-12-07T07:29:00.680Z"
156225165,"PNJ","1701934127","b","400","79000","536300","2023-12-07T07:29:00.680Z","2023-12-07T07:29:00.680Z"
156225164,"PNJ","1701934127","b","1800","79000","536300","2023-12-07T07:29:00.680Z","2023-12-07T07:29:00.680Z"
156224075,"PNJ","1701934108","b","100","79000","536200","2023-12-07T07:28:41.673Z","2023-12-07T07:28:41.673Z"
156223226,"PNJ","1701934095","b","100","79000","536200","2023-12-07T07:28:28.730Z","2023-12-07T07:28:28.730Z"
156222204,"PNJ","1701934081","b","500","79000","536100","2023-12-07T07:28:14.672Z","2023-12-07T07:28:14.672Z"
156222097,"PNJ","1701934079","b","100","79000","535500","2023-12-07T07:28:12.659Z","2023-12-07T07:28:12.659Z"
156221873,"PNJ","1701934074","b","400","79000","535100","2023-12-07T07:28:08.713Z","2023-12-07T07:28:08.713Z"
156221620,"PNJ","1701934070","b","2800","79000","525100","2023-12-07T07:28:03.677Z","2023-12-07T07:28:03.677Z"
156221619,"PNJ","1701934070","b","5800","79000","525100","2023-12-07T07:28:03.677Z","2023-12-07T07:28:03.677Z"
156221618,"PNJ","1701934070","b","1400","79000","525100","2023-12-07T07:28:03.677Z","2023-12-07T07:28:03.677Z"
156220652,"PNJ","1701934056","b","500","79000","525100","2023-12-07T07:27:49.666Z","2023-12-07T07:27:49.666Z"
156219861,"PNJ","1701934045","b","100","79000","523600","2023-12-07T07:27:38.686Z","2023-12-07T07:27:38.686Z"
156219860,"PNJ","1701934045","b","900","79000","523600","2023-12-07T07:27:38.686Z","2023-12-07T07:27:38.686Z"
156218413,"PNJ","1701934024","b","100","79000","523300","2023-12-07T07:27:16.665Z","2023-12-07T07:27:16.665Z"
156218412,"PNJ","1701934024","b","200","79000","523300","2023-12-07T07:27:16.665Z","2023-12-07T07:27:16.665Z"
156216259,"PNJ","1701933991","b","200","79000","523300","2023-12-07T07:26:44.675Z","2023-12-07T07:26:44.675Z"
156215655,"PNJ","1701933982","b","1800","79000","521100","2023-12-07T07:26:35.678Z","2023-12-07T07:26:35.678Z"
156215654,"PNJ","1701933982","b","200","79000","521100","2023-12-07T07:26:35.678Z","2023-12-07T07:26:35.678Z"
156213739,"PNJ","1701933956","b","100","79000","521100","2023-12-07T07:26:09.678Z","2023-12-07T07:26:09.678Z"
156213425,"PNJ","1701933951","b","200","79000","521000","2023-12-07T07:26:04.673Z","2023-12-07T07:26:04.673Z"
156213424,"PNJ","1701933951","b","1800","79000","521000","2023-12-07T07:26:04.673Z","2023-12-07T07:26:04.673Z"
156212324,"PNJ","1701933934","b","1000","79000","518000","2023-12-07T07:25:47.739Z","2023-12-07T07:25:47.739Z"
156211473,"PNJ","1701933922","b","100","79000","518000","2023-12-07T07:25:35.671Z","2023-12-07T07:25:35.671Z"
156210254,"PNJ","1701933905","b","200","78900","517700","2023-12-07T07:25:18.684Z","2023-12-07T07:25:18.684Z"
156209982,"PNJ","1701933901","b","1000","78900","516700","2023-12-07T07:25:15.714Z","2023-12-07T07:25:15.714Z"
156209762,"PNJ","1701933898","b","500","78900","516700","2023-12-07T07:25:11.672Z","2023-12-07T07:25:11.672Z"
156209344,"PNJ","1701933892","b","500","78900","515700","2023-12-07T07:25:04.681Z","2023-12-07T07:25:04.681Z"
156209302,"PNJ","1701933891","b","1000","78900","515700","2023-12-07T07:25:04.681Z","2023-12-07T07:25:04.681Z"
156208623,"PNJ","1701933882","b","700","78900","514000","2023-12-07T07:24:55.662Z","2023-12-07T07:24:55.662Z"
156208503,"PNJ","1701933880","b","100","78900","513900","2023-12-07T07:24:53.667Z","2023-12-07T07:24:53.667Z"
156206568,"PNJ","1701933859","s","100","78800","513900","2023-12-07T07:24:33.672Z","2023-12-07T07:24:33.672Z"
156205687,"PNJ","1701933850","b","100","78900","513800","2023-12-07T07:24:23.658Z","2023-12-07T07:24:23.658Z"
156204637,"PNJ","1701933835","b","100","78900","513700","2023-12-07T07:24:08.660Z","2023-12-07T07:24:08.660Z"
156204129,"PNJ","1701933830","s","500","78800","513600","2023-12-07T07:24:03.675Z","2023-12-07T07:24:03.675Z"
156204128,"PNJ","1701933830","s","100","78800","513600","2023-12-07T07:24:03.675Z","2023-12-07T07:24:03.675Z"
156204127,"PNJ","1701933830","s","100","78800","513600","2023-12-07T07:24:03.675Z","2023-12-07T07:24:03.675Z"
156204126,"PNJ","1701933830","s","100","78800","513600","2023-12-07T07:24:03.675Z","2023-12-07T07:24:03.675Z"
156204125,"PNJ","1701933830","s","3000","78800","513600","2023-12-07T07:24:03.675Z","2023-12-07T07:24:03.675Z"
156204124,"PNJ","1701933830","s","300","78800","513600","2023-12-07T07:24:03.675Z","2023-12-07T07:24:03.675Z"
156204123,"PNJ","1701933830","s","100","78800","513600","2023-12-07T07:24:03.675Z","2023-12-07T07:24:03.675Z"
