"id","symbol","truncTime","matchType","matchVol","matchPrice","accumulatedVolume","createdAt","updatedAt"
158859774,"ASM","1702885488","unknown","84900","9920","1692300","2023-12-18T07:45:03.117Z","2023-12-18T07:45:03.117Z"
158858442,"ASM","1702884579","s","200","9920","1692300","2023-12-18T07:29:54.112Z","2023-12-18T07:29:54.112Z"
158858441,"ASM","1702884579","s","5800","9920","1692300","2023-12-18T07:29:54.112Z","2023-12-18T07:29:54.112Z"
158858204,"ASM","1702884578","b","100","9930","1686200","2023-12-18T07:29:53.103Z","2023-12-18T07:29:53.103Z"
158858007,"ASM","1702884576","s","4200","9920","1678200","2023-12-18T07:29:51.105Z","2023-12-18T07:29:51.105Z"
158858006,"ASM","1702884576","s","100","9920","1678200","2023-12-18T07:29:51.105Z","2023-12-18T07:29:51.105Z"
158858005,"ASM","1702884576","s","300","9920","1678200","2023-12-18T07:29:51.105Z","2023-12-18T07:29:51.105Z"
158858004,"ASM","1702884576","s","3400","9920","1678200","2023-12-18T07:29:51.105Z","2023-12-18T07:29:51.105Z"
158857863,"ASM","1702884573","s","500","9920","1677700","2023-12-18T07:29:48.094Z","2023-12-18T07:29:48.094Z"
158856914,"ASM","1702884561","s","100","9930","1677500","2023-12-18T07:29:36.099Z","2023-12-18T07:29:36.099Z"
158856913,"ASM","1702884561","s","100","9930","1677500","2023-12-18T07:29:36.099Z","2023-12-18T07:29:36.099Z"
158854849,"ASM","1702884538","b","900","9930","1677500","2023-12-18T07:29:13.097Z","2023-12-18T07:29:13.097Z"
158854330,"ASM","1702884531","s","300","9920","1676300","2023-12-18T07:29:06.091Z","2023-12-18T07:29:06.091Z"
158854276,"ASM","1702884530","b","7000","9930","1669300","2023-12-18T07:29:05.097Z","2023-12-18T07:29:05.097Z"
158853948,"ASM","1702884524","s","800","9920","1664300","2023-12-18T07:28:59.106Z","2023-12-18T07:28:59.106Z"
158853947,"ASM","1702884524","s","4200","9920","1664300","2023-12-18T07:28:59.106Z","2023-12-18T07:28:59.106Z"
158852933,"ASM","1702884510","b","2100","9930","1662200","2023-12-18T07:28:45.100Z","2023-12-18T07:28:45.100Z"
158851726,"ASM","1702884500","s","300","9920","1661900","2023-12-18T07:28:35.116Z","2023-12-18T07:28:35.116Z"
158851628,"ASM","1702884498","s","500","9920","1661100","2023-12-18T07:28:34.103Z","2023-12-18T07:28:34.103Z"
158851627,"ASM","1702884498","s","300","9930","1661100","2023-12-18T07:28:34.103Z","2023-12-18T07:28:34.103Z"
158850526,"ASM","1702884489","s","200","9930","1661100","2023-12-18T07:28:24.102Z","2023-12-18T07:28:24.102Z"
158850525,"ASM","1702884489","s","500","9930","1661100","2023-12-18T07:28:24.102Z","2023-12-18T07:28:24.102Z"
158850524,"ASM","1702884489","s","100","9930","1661100","2023-12-18T07:28:24.102Z","2023-12-18T07:28:24.102Z"
158849019,"ASM","1702884468","b","500","9960","1660300","2023-12-18T07:28:03.101Z","2023-12-18T07:28:03.101Z"
158849018,"ASM","1702884468","b","800","9960","1660300","2023-12-18T07:28:03.101Z","2023-12-18T07:28:03.101Z"
158849017,"ASM","1702884468","b","800","9960","1660300","2023-12-18T07:28:03.101Z","2023-12-18T07:28:03.101Z"
158849016,"ASM","1702884468","b","1300","9960","1660300","2023-12-18T07:28:03.101Z","2023-12-18T07:28:03.101Z"
158849015,"ASM","1702884468","b","1600","9950","1660300","2023-12-18T07:28:03.101Z","2023-12-18T07:28:03.101Z"
158848518,"ASM","1702884463","b","100","9950","1655200","2023-12-18T07:27:58.108Z","2023-12-18T07:27:58.108Z"
158848271,"ASM","1702884458","s","1300","9950","1655200","2023-12-18T07:27:53.105Z","2023-12-18T07:27:53.105Z"
158848270,"ASM","1702884458","s","100","9950","1655200","2023-12-18T07:27:53.105Z","2023-12-18T07:27:53.105Z"
158848269,"ASM","1702884458","s","100","9950","1655200","2023-12-18T07:27:53.105Z","2023-12-18T07:27:53.105Z"
158848268,"ASM","1702884458","s","100","9950","1655200","2023-12-18T07:27:53.105Z","2023-12-18T07:27:53.105Z"
158848267,"ASM","1702884458","s","300","9950","1655200","2023-12-18T07:27:53.105Z","2023-12-18T07:27:53.105Z"
158844956,"ASM","1702884412","s","200","9950","1652600","2023-12-18T07:27:07.097Z","2023-12-18T07:27:07.097Z"
158844955,"ASM","1702884412","s","500","9950","1652600","2023-12-18T07:27:07.097Z","2023-12-18T07:27:07.097Z"
158843809,"ASM","1702884398","b","500","9960","1652100","2023-12-18T07:26:53.099Z","2023-12-18T07:26:53.099Z"
158842893,"ASM","1702884387","s","300","9960","1643200","2023-12-18T07:26:42.099Z","2023-12-18T07:26:42.099Z"
158842892,"ASM","1702884387","s","8600","9960","1643200","2023-12-18T07:26:42.099Z","2023-12-18T07:26:42.099Z"
158841696,"ASM","1702884374","s","600","9960","1643200","2023-12-18T07:26:30.107Z","2023-12-18T07:26:30.107Z"
158841695,"ASM","1702884374","s","200","9960","1643200","2023-12-18T07:26:30.107Z","2023-12-18T07:26:30.107Z"
158840853,"ASM","1702884367","b","1100","10050","1640700","2023-12-18T07:26:22.093Z","2023-12-18T07:26:22.093Z"
158840852,"ASM","1702884367","b","300","10000","1640700","2023-12-18T07:26:22.093Z","2023-12-18T07:26:22.093Z"
158840851,"ASM","1702884367","b","300","9980","1640700","2023-12-18T07:26:22.093Z","2023-12-18T07:26:22.093Z"
158840185,"ASM","1702884360","s","300","9960","1640700","2023-12-18T07:26:15.097Z","2023-12-18T07:26:15.097Z"
158840184,"ASM","1702884360","s","500","9960","1640700","2023-12-18T07:26:15.097Z","2023-12-18T07:26:15.097Z"
158840108,"ASM","1702884359","b","300","9980","1639600","2023-12-18T07:26:14.096Z","2023-12-18T07:26:14.096Z"
158839747,"ASM","1702884353","b","100","9980","1639500","2023-12-18T07:26:08.098Z","2023-12-18T07:26:08.098Z"
158839600,"ASM","1702884352","s","100","9980","1639400","2023-12-18T07:26:06.103Z","2023-12-18T07:26:06.103Z"
158838023,"ASM","1702884322","s","500","9980","1638900","2023-12-18T07:25:37.092Z","2023-12-18T07:25:37.092Z"
158837887,"ASM","1702884319","s","100","9990","1638600","2023-12-18T07:25:34.095Z","2023-12-18T07:25:34.095Z"
158837886,"ASM","1702884319","s","100","9990","1638600","2023-12-18T07:25:34.095Z","2023-12-18T07:25:34.095Z"
158837885,"ASM","1702884319","s","100","9990","1638600","2023-12-18T07:25:34.095Z","2023-12-18T07:25:34.095Z"
158837853,"ASM","1702884318","b","600","10050","1638000","2023-12-18T07:25:33.093Z","2023-12-18T07:25:33.093Z"
158837772,"ASM","1702884316","b","300","10050","1637400","2023-12-18T07:25:31.089Z","2023-12-18T07:25:31.089Z"
158837771,"ASM","1702884316","b","300","10050","1637400","2023-12-18T07:25:31.089Z","2023-12-18T07:25:31.089Z"
158837764,"ASM","1702884316","s","800","9990","1636600","2023-12-18T07:25:31.089Z","2023-12-18T07:25:31.089Z"
158835445,"ASM","1702884264","b","600","10050","1636000","2023-12-18T07:24:39.087Z","2023-12-18T07:24:39.087Z"
158834568,"ASM","1702884246","s","800","10000","1635200","2023-12-18T07:24:22.100Z","2023-12-18T07:24:22.100Z"
158833744,"ASM","1702884232","b","100","10050","1633500","2023-12-18T07:24:08.090Z","2023-12-18T07:24:08.090Z"
158833743,"ASM","1702884232","b","100","10050","1633500","2023-12-18T07:24:08.090Z","2023-12-18T07:24:08.090Z"
158833742,"ASM","1702884232","b","100","10050","1633500","2023-12-18T07:24:08.090Z","2023-12-18T07:24:08.090Z"
158833741,"ASM","1702884232","b","1000","10050","1633500","2023-12-18T07:24:08.090Z","2023-12-18T07:24:08.090Z"
158833740,"ASM","1702884232","b","200","10050","1633500","2023-12-18T07:24:08.090Z","2023-12-18T07:24:08.090Z"
158833739,"ASM","1702884232","b","100","10050","1633500","2023-12-18T07:24:08.090Z","2023-12-18T07:24:08.090Z"
158833738,"ASM","1702884232","b","100","10050","1633500","2023-12-18T07:24:08.090Z","2023-12-18T07:24:08.090Z"
158833706,"ASM","1702884232","s","200","10000","1633500","2023-12-18T07:24:07.099Z","2023-12-18T07:24:07.099Z"
158833705,"ASM","1702884232","s","100","10000","1633500","2023-12-18T07:24:07.099Z","2023-12-18T07:24:07.099Z"
158833704,"ASM","1702884232","s","1200","10000","1633500","2023-12-18T07:24:07.099Z","2023-12-18T07:24:07.099Z"
158833521,"ASM","1702884228","s","3800","10000","1627900","2023-12-18T07:24:04.090Z","2023-12-18T07:24:04.090Z"
158833520,"ASM","1702884228","s","300","10000","1627900","2023-12-18T07:24:04.090Z","2023-12-18T07:24:04.090Z"
158832656,"ASM","1702884217","s","800","10000","1627900","2023-12-18T07:23:52.099Z","2023-12-18T07:23:52.099Z"
158832484,"ASM","1702884214","s","200","10000","1626900","2023-12-18T07:23:49.094Z","2023-12-18T07:23:49.094Z"
158832283,"ASM","1702884212","b","400","10050","1626300","2023-12-18T07:23:47.093Z","2023-12-18T07:23:47.093Z"
158832282,"ASM","1702884212","b","200","10050","1626300","2023-12-18T07:23:47.093Z","2023-12-18T07:23:47.093Z"
158832268,"ASM","1702884212","s","800","10000","1625500","2023-12-18T07:23:46.096Z","2023-12-18T07:23:46.096Z"
158832167,"ASM","1702884211","s","800","10000","1624700","2023-12-18T07:23:45.095Z","2023-12-18T07:23:45.095Z"
158832152,"ASM","1702884210","s","400","10000","1624300","2023-12-18T07:23:45.095Z","2023-12-18T07:23:45.095Z"
158832056,"ASM","1702884209","s","800","10000","1623500","2023-12-18T07:23:43.091Z","2023-12-18T07:23:43.091Z"
158831954,"ASM","1702884207","s","300","10000","1622700","2023-12-18T07:23:42.092Z","2023-12-18T07:23:42.092Z"
158831953,"ASM","1702884207","s","500","10000","1622700","2023-12-18T07:23:42.092Z","2023-12-18T07:23:42.092Z"
158829377,"ASM","1702884140","b","300","10050","1622100","2023-12-18T07:22:35.086Z","2023-12-18T07:22:35.086Z"
158829376,"ASM","1702884140","b","300","10050","1622100","2023-12-18T07:22:35.086Z","2023-12-18T07:22:35.086Z"
158827272,"ASM","1702884080","b","2000","10000","1618600","2023-12-18T07:21:35.087Z","2023-12-18T07:21:35.087Z"
158827271,"ASM","1702884080","b","1300","10000","1618600","2023-12-18T07:21:35.087Z","2023-12-18T07:21:35.087Z"
158827270,"ASM","1702884080","b","200","10000","1618600","2023-12-18T07:21:35.087Z","2023-12-18T07:21:35.087Z"
158826839,"ASM","1702884066","s","200","10000","1616700","2023-12-18T07:21:22.090Z","2023-12-18T07:21:22.090Z"
158826838,"ASM","1702884066","s","1700","10000","1616700","2023-12-18T07:21:22.090Z","2023-12-18T07:21:22.090Z"
158826715,"ASM","1702884061","b","1700","10050","1616700","2023-12-18T07:21:17.084Z","2023-12-18T07:21:17.084Z"
158826137,"ASM","1702884040","s","5000","10000","1610000","2023-12-18T07:20:55.085Z","2023-12-18T07:20:55.085Z"
158825473,"ASM","1702884021","b","800","10000","1606700","2023-12-18T07:20:36.091Z","2023-12-18T07:20:36.091Z"
158825472,"ASM","1702884021","b","2500","10000","1606700","2023-12-18T07:20:36.091Z","2023-12-18T07:20:36.091Z"
158825279,"ASM","1702884014","b","14000","10000","1592700","2023-12-18T07:20:29.085Z","2023-12-18T07:20:29.085Z"
158825126,"ASM","1702884009","b","100","10000","1592600","2023-12-18T07:20:23.086Z","2023-12-18T07:20:23.086Z"
158825011,"ASM","1702884005","s","4500","10000","1570100","2023-12-18T07:20:20.089Z","2023-12-18T07:20:20.089Z"
158825010,"ASM","1702884005","s","8400","10000","1570100","2023-12-18T07:20:20.089Z","2023-12-18T07:20:20.089Z"
158825009,"ASM","1702884005","s","600","10000","1570100","2023-12-18T07:20:20.089Z","2023-12-18T07:20:20.089Z"
158825008,"ASM","1702884005","s","4000","10000","1570100","2023-12-18T07:20:20.089Z","2023-12-18T07:20:20.089Z"
158825007,"ASM","1702884005","s","200","10000","1570100","2023-12-18T07:20:20.089Z","2023-12-18T07:20:20.089Z"
158825006,"ASM","1702884005","s","1000","10000","1570100","2023-12-18T07:20:20.089Z","2023-12-18T07:20:20.089Z"
