"id","symbol","truncTime","matchType","matchVol","matchPrice","accumulatedVolume","createdAt","updatedAt"
158859813,"HTN","1702885489","unknown","34400","15600","316800","2023-12-18T07:45:03.117Z","2023-12-18T07:45:03.117Z"
158859078,"HTN","1702884586","b","2900","15700","282400","2023-12-18T07:30:01.096Z","2023-12-18T07:30:01.096Z"
158859077,"HTN","1702884586","b","2000","15700","282400","2023-12-18T07:30:01.096Z","2023-12-18T07:30:01.096Z"
158859076,"HTN","1702884586","b","100","15700","282400","2023-12-18T07:30:01.096Z","2023-12-18T07:30:01.096Z"
158857893,"HTN","1702884574","s","100","15650","277400","2023-12-18T07:29:49.098Z","2023-12-18T07:29:49.098Z"
158857892,"HTN","1702884574","s","1000","15650","277400","2023-12-18T07:29:49.098Z","2023-12-18T07:29:49.098Z"
158857891,"HTN","1702884574","s","100","15650","277400","2023-12-18T07:29:49.098Z","2023-12-18T07:29:49.098Z"
158857890,"HTN","1702884574","s","100","15650","277400","2023-12-18T07:29:49.098Z","2023-12-18T07:29:49.098Z"
158857889,"HTN","1702884574","s","100","15650","277400","2023-12-18T07:29:49.098Z","2023-12-18T07:29:49.098Z"
158857243,"HTN","1702884564","s","1000","15700","273100","2023-12-18T07:29:39.103Z","2023-12-18T07:29:39.103Z"
158857242,"HTN","1702884564","s","300","15700","273100","2023-12-18T07:29:39.103Z","2023-12-18T07:29:39.103Z"
158857241,"HTN","1702884564","s","800","15700","273100","2023-12-18T07:29:39.103Z","2023-12-18T07:29:39.103Z"
158857240,"HTN","1702884564","s","500","15700","273100","2023-12-18T07:29:39.103Z","2023-12-18T07:29:39.103Z"
158857239,"HTN","1702884564","s","300","15700","273100","2023-12-18T07:29:39.103Z","2023-12-18T07:29:39.103Z"
158856864,"HTN","1702884560","s","200","15700","272600","2023-12-18T07:29:35.096Z","2023-12-18T07:29:35.096Z"
158856863,"HTN","1702884560","s","300","15700","272600","2023-12-18T07:29:35.096Z","2023-12-18T07:29:35.096Z"
158855442,"HTN","1702884546","s","100","15700","272400","2023-12-18T07:29:21.099Z","2023-12-18T07:29:21.099Z"
158855441,"HTN","1702884546","s","100","15700","272400","2023-12-18T07:29:21.099Z","2023-12-18T07:29:21.099Z"
158855156,"HTN","1702884542","s","300","15700","265800","2023-12-18T07:29:17.094Z","2023-12-18T07:29:17.094Z"
158855155,"HTN","1702884542","s","100","15700","265800","2023-12-18T07:29:17.094Z","2023-12-18T07:29:17.094Z"
158855154,"HTN","1702884542","s","1000","15700","265800","2023-12-18T07:29:17.094Z","2023-12-18T07:29:17.094Z"
158855153,"HTN","1702884542","s","1000","15700","265800","2023-12-18T07:29:17.094Z","2023-12-18T07:29:17.094Z"
158855152,"HTN","1702884542","s","200","15700","265800","2023-12-18T07:29:17.094Z","2023-12-18T07:29:17.094Z"
158855151,"HTN","1702884542","s","4000","15700","265800","2023-12-18T07:29:17.094Z","2023-12-18T07:29:17.094Z"
158855115,"HTN","1702884541","b","5000","15800","260800","2023-12-18T07:29:17.094Z","2023-12-18T07:29:17.094Z"
158855080,"HTN","1702884541","s","1000","15700","258900","2023-12-18T07:29:16.101Z","2023-12-18T07:29:16.101Z"
158855079,"HTN","1702884541","s","100","15700","258900","2023-12-18T07:29:16.101Z","2023-12-18T07:29:16.101Z"
158855078,"HTN","1702884541","s","200","15700","258900","2023-12-18T07:29:16.101Z","2023-12-18T07:29:16.101Z"
158855077,"HTN","1702884541","s","100","15700","258900","2023-12-18T07:29:16.101Z","2023-12-18T07:29:16.101Z"
158855076,"HTN","1702884541","s","200","15700","258900","2023-12-18T07:29:16.101Z","2023-12-18T07:29:16.101Z"
158855075,"HTN","1702884541","s","100","15700","258900","2023-12-18T07:29:16.101Z","2023-12-18T07:29:16.101Z"
158855074,"HTN","1702884541","s","200","15700","258900","2023-12-18T07:29:16.101Z","2023-12-18T07:29:16.101Z"
158854742,"HTN","1702884536","s","300","15750","258600","2023-12-18T07:29:11.101Z","2023-12-18T07:29:11.101Z"
158854191,"HTN","1702884528","b","1200","15800","257400","2023-12-18T07:29:04.097Z","2023-12-18T07:29:04.097Z"
158853786,"HTN","1702884522","s","700","15750","245400","2023-12-18T07:28:57.106Z","2023-12-18T07:28:57.106Z"
158853785,"HTN","1702884522","s","5000","15750","245400","2023-12-18T07:28:57.106Z","2023-12-18T07:28:57.106Z"
158853784,"HTN","1702884522","s","100","15750","245400","2023-12-18T07:28:57.106Z","2023-12-18T07:28:57.106Z"
158853783,"HTN","1702884522","s","100","15750","245400","2023-12-18T07:28:57.106Z","2023-12-18T07:28:57.106Z"
158853782,"HTN","1702884522","s","1400","15750","245400","2023-12-18T07:28:57.106Z","2023-12-18T07:28:57.106Z"
158853781,"HTN","1702884522","s","600","15750","245400","2023-12-18T07:28:57.106Z","2023-12-18T07:28:57.106Z"
158853780,"HTN","1702884522","s","400","15750","245400","2023-12-18T07:28:57.106Z","2023-12-18T07:28:57.106Z"
158853779,"HTN","1702884522","s","300","15750","245400","2023-12-18T07:28:57.106Z","2023-12-18T07:28:57.106Z"
158853778,"HTN","1702884522","s","100","15750","245400","2023-12-18T07:28:57.106Z","2023-12-18T07:28:57.106Z"
158853777,"HTN","1702884522","s","1000","15750","245400","2023-12-18T07:28:57.106Z","2023-12-18T07:28:57.106Z"
158853776,"HTN","1702884522","s","200","15750","245400","2023-12-18T07:28:57.106Z","2023-12-18T07:28:57.106Z"
158853775,"HTN","1702884522","s","500","15750","245400","2023-12-18T07:28:57.106Z","2023-12-18T07:28:57.106Z"
158853774,"HTN","1702884522","s","100","15750","245400","2023-12-18T07:28:57.106Z","2023-12-18T07:28:57.106Z"
158853773,"HTN","1702884522","s","400","15750","245400","2023-12-18T07:28:57.106Z","2023-12-18T07:28:57.106Z"
158853772,"HTN","1702884522","s","100","15750","245400","2023-12-18T07:28:57.106Z","2023-12-18T07:28:57.106Z"
158853771,"HTN","1702884522","s","600","15750","245400","2023-12-18T07:28:57.106Z","2023-12-18T07:28:57.106Z"
158853770,"HTN","1702884522","s","400","15750","245400","2023-12-18T07:28:57.106Z","2023-12-18T07:28:57.106Z"
158852957,"HTN","1702884511","b","400","15800","245000","2023-12-18T07:28:45.100Z","2023-12-18T07:28:45.100Z"
158852349,"HTN","1702884506","s","100","15800","243600","2023-12-18T07:28:41.101Z","2023-12-18T07:28:41.101Z"
158852348,"HTN","1702884506","s","300","15800","243600","2023-12-18T07:28:41.101Z","2023-12-18T07:28:41.101Z"
158852347,"HTN","1702884506","s","1000","15800","243600","2023-12-18T07:28:41.101Z","2023-12-18T07:28:41.101Z"
158850326,"HTN","1702884487","s","500","15800","243100","2023-12-18T07:28:22.100Z","2023-12-18T07:28:22.100Z"
158850209,"HTN","1702884485","b","3000","15850","240100","2023-12-18T07:28:20.100Z","2023-12-18T07:28:20.100Z"
158845593,"HTN","1702884423","s","1000","15850","238900","2023-12-18T07:27:18.093Z","2023-12-18T07:27:18.093Z"
158845592,"HTN","1702884423","s","200","15850","238900","2023-12-18T07:27:18.093Z","2023-12-18T07:27:18.093Z"
158844885,"HTN","1702884411","s","3700","15850","233900","2023-12-18T07:27:06.094Z","2023-12-18T07:27:06.094Z"
158844884,"HTN","1702884411","s","1300","15850","233900","2023-12-18T07:27:06.094Z","2023-12-18T07:27:06.094Z"
158835672,"HTN","1702884269","s","100","15900","231100","2023-12-18T07:24:44.089Z","2023-12-18T07:24:44.089Z"
158835671,"HTN","1702884269","s","1000","15900","231100","2023-12-18T07:24:44.089Z","2023-12-18T07:24:44.089Z"
158835670,"HTN","1702884269","s","1700","15900","231100","2023-12-18T07:24:44.089Z","2023-12-18T07:24:44.089Z"
158834955,"HTN","1702884253","s","1000","15900","230100","2023-12-18T07:24:28.090Z","2023-12-18T07:24:28.090Z"
158832256,"HTN","1702884211","s","200","15900","229900","2023-12-18T07:23:46.096Z","2023-12-18T07:23:46.096Z"
158828740,"HTN","1702884123","b","100","15900","229800","2023-12-18T07:22:18.087Z","2023-12-18T07:22:18.087Z"
158828603,"HTN","1702884118","b","400","15900","228000","2023-12-18T07:22:14.092Z","2023-12-18T07:22:14.092Z"
158828602,"HTN","1702884118","b","1400","15900","228000","2023-12-18T07:22:14.092Z","2023-12-18T07:22:14.092Z"
158827636,"HTN","1702884092","b","1000","15900","227000","2023-12-18T07:21:48.088Z","2023-12-18T07:21:48.088Z"
158827020,"HTN","1702884071","b","500","15900","227000","2023-12-18T07:21:27.086Z","2023-12-18T07:21:27.086Z"
158826360,"HTN","1702884049","b","1000","15900","225500","2023-12-18T07:21:04.086Z","2023-12-18T07:21:04.086Z"
158825878,"HTN","1702884032","b","300","15900","225200","2023-12-18T07:20:46.087Z","2023-12-18T07:20:46.087Z"
158823478,"HTN","1702883952","s","200","15900","224400","2023-12-18T07:19:27.086Z","2023-12-18T07:19:27.086Z"
158823477,"HTN","1702883952","s","300","15900","224400","2023-12-18T07:19:27.086Z","2023-12-18T07:19:27.086Z"
158823476,"HTN","1702883952","s","300","15900","224400","2023-12-18T07:19:27.086Z","2023-12-18T07:19:27.086Z"
158822108,"HTN","1702883896","b","100","15900","223400","2023-12-18T07:18:31.085Z","2023-12-18T07:18:31.085Z"
158822107,"HTN","1702883896","b","900","15900","223400","2023-12-18T07:18:31.085Z","2023-12-18T07:18:31.085Z"
158821674,"HTN","1702883880","b","4200","15900","219200","2023-12-18T07:18:15.078Z","2023-12-18T07:18:15.078Z"
158821130,"HTN","1702883855","b","200","15900","219000","2023-12-18T07:17:50.081Z","2023-12-18T07:17:50.081Z"
158816878,"HTN","1702883654","s","400","15850","218600","2023-12-18T07:14:29.076Z","2023-12-18T07:14:29.076Z"
158811336,"HTN","1702883399","b","1000","15900","217600","2023-12-18T07:10:14.073Z","2023-12-18T07:10:14.073Z"
158808270,"HTN","1702883255","s","500","15800","217600","2023-12-18T07:07:50.078Z","2023-12-18T07:07:50.078Z"
158808269,"HTN","1702883255","s","100","15800","217600","2023-12-18T07:07:50.078Z","2023-12-18T07:07:50.078Z"
158808268,"HTN","1702883255","s","100","15800","217600","2023-12-18T07:07:50.078Z","2023-12-18T07:07:50.078Z"
158808267,"HTN","1702883255","s","1900","15800","217600","2023-12-18T07:07:50.078Z","2023-12-18T07:07:50.078Z"
158808266,"HTN","1702883255","s","1000","15800","217600","2023-12-18T07:07:50.078Z","2023-12-18T07:07:50.078Z"
158808265,"HTN","1702883255","s","500","15800","217600","2023-12-18T07:07:50.078Z","2023-12-18T07:07:50.078Z"
158808264,"HTN","1702883255","s","300","15800","217600","2023-12-18T07:07:50.078Z","2023-12-18T07:07:50.078Z"
158808263,"HTN","1702883255","s","100","15800","217600","2023-12-18T07:07:50.078Z","2023-12-18T07:07:50.078Z"
158808262,"HTN","1702883255","s","3200","15800","217600","2023-12-18T07:07:50.078Z","2023-12-18T07:07:50.078Z"
158808261,"HTN","1702883255","s","2300","15800","217600","2023-12-18T07:07:50.078Z","2023-12-18T07:07:50.078Z"
158807869,"HTN","1702883238","s","300","15800","205600","2023-12-18T07:07:33.076Z","2023-12-18T07:07:33.076Z"
158807868,"HTN","1702883238","s","100","15850","205600","2023-12-18T07:07:33.076Z","2023-12-18T07:07:33.076Z"
158807867,"HTN","1702883238","s","1600","15850","205600","2023-12-18T07:07:33.076Z","2023-12-18T07:07:33.076Z"
158806390,"HTN","1702883191","s","400","15850","205600","2023-12-18T07:06:46.079Z","2023-12-18T07:06:46.079Z"
158806389,"HTN","1702883191","s","100","15850","205600","2023-12-18T07:06:46.079Z","2023-12-18T07:06:46.079Z"
158805960,"HTN","1702883176","s","100","15900","205000","2023-12-18T07:06:31.069Z","2023-12-18T07:06:31.069Z"
158805151,"HTN","1702883139","s","300","15900","204700","2023-12-18T07:05:54.072Z","2023-12-18T07:05:54.072Z"
158803291,"HTN","1702883064","s","600","15900","204700","2023-12-18T07:04:39.068Z","2023-12-18T07:04:39.068Z"
