"id","symbol","truncTime","matchType","matchVol","matchPrice","accumulatedVolume","createdAt","updatedAt"
158859848,"NTL","1702885489","unknown","31600","26800","368200","2023-12-18T07:45:04.110Z","2023-12-18T07:45:04.110Z"
158859022,"NTL","1702884585","s","200","26900","366900","2023-12-18T07:30:00.101Z","2023-12-18T07:30:00.101Z"
158859021,"NTL","1702884585","s","100","26900","366900","2023-12-18T07:30:00.101Z","2023-12-18T07:30:00.101Z"
158859020,"NTL","1702884585","s","100","26900","366900","2023-12-18T07:30:00.101Z","2023-12-18T07:30:00.101Z"
158859019,"NTL","1702884585","s","500","26900","366900","2023-12-18T07:30:00.101Z","2023-12-18T07:30:00.101Z"
158859018,"NTL","1702884585","s","400","26900","366900","2023-12-18T07:30:00.101Z","2023-12-18T07:30:00.101Z"
158854768,"NTL","1702884536","s","1600","26900","364900","2023-12-18T07:29:12.104Z","2023-12-18T07:29:12.104Z"
158854767,"NTL","1702884536","s","400","26900","364900","2023-12-18T07:29:12.104Z","2023-12-18T07:29:12.104Z"
158852041,"NTL","1702884503","s","200","26900","361900","2023-12-18T07:28:38.105Z","2023-12-18T07:28:38.105Z"
158852040,"NTL","1702884503","s","2000","26900","361900","2023-12-18T07:28:38.105Z","2023-12-18T07:28:38.105Z"
158852039,"NTL","1702884503","s","500","26900","361900","2023-12-18T07:28:38.105Z","2023-12-18T07:28:38.105Z"
158852038,"NTL","1702884503","s","100","26900","361900","2023-12-18T07:28:38.105Z","2023-12-18T07:28:38.105Z"
158852037,"NTL","1702884503","s","100","26900","361900","2023-12-18T07:28:38.105Z","2023-12-18T07:28:38.105Z"
158852036,"NTL","1702884503","s","100","26900","361900","2023-12-18T07:28:38.105Z","2023-12-18T07:28:38.105Z"
158849005,"NTL","1702884468","s","900","26900","359400","2023-12-18T07:28:03.101Z","2023-12-18T07:28:03.101Z"
158849004,"NTL","1702884468","s","1000","26900","359400","2023-12-18T07:28:03.101Z","2023-12-18T07:28:03.101Z"
158849003,"NTL","1702884468","s","600","26900","359400","2023-12-18T07:28:03.101Z","2023-12-18T07:28:03.101Z"
158847601,"NTL","1702884450","s","400","26900","355900","2023-12-18T07:27:44.098Z","2023-12-18T07:27:44.098Z"
158847600,"NTL","1702884450","s","500","26900","355900","2023-12-18T07:27:44.098Z","2023-12-18T07:27:44.098Z"
158847599,"NTL","1702884450","s","100","26900","355900","2023-12-18T07:27:44.098Z","2023-12-18T07:27:44.098Z"
158847598,"NTL","1702884450","s","200","26900","355900","2023-12-18T07:27:44.098Z","2023-12-18T07:27:44.098Z"
158847597,"NTL","1702884450","s","300","26900","355900","2023-12-18T07:27:44.098Z","2023-12-18T07:27:44.098Z"
158847596,"NTL","1702884450","s","2000","26900","355900","2023-12-18T07:27:44.098Z","2023-12-18T07:27:44.098Z"
158846530,"NTL","1702884434","b","400","26950","355900","2023-12-18T07:27:29.094Z","2023-12-18T07:27:29.094Z"
158845177,"NTL","1702884416","s","1000","26950","354400","2023-12-18T07:27:11.094Z","2023-12-18T07:27:11.094Z"
158845176,"NTL","1702884416","s","100","26950","354400","2023-12-18T07:27:11.094Z","2023-12-18T07:27:11.094Z"
158844415,"NTL","1702884404","b","4000","27000","354400","2023-12-18T07:26:59.107Z","2023-12-18T07:26:59.107Z"
158844093,"NTL","1702884401","b","4000","27000","346400","2023-12-18T07:26:56.098Z","2023-12-18T07:26:56.098Z"
158839923,"NTL","1702884356","s","100","27000","340800","2023-12-18T07:26:11.091Z","2023-12-18T07:26:11.091Z"
158839922,"NTL","1702884356","s","5500","27000","340800","2023-12-18T07:26:11.091Z","2023-12-18T07:26:11.091Z"
158838603,"NTL","1702884337","s","9500","27000","330600","2023-12-18T07:25:52.097Z","2023-12-18T07:25:52.097Z"
158838602,"NTL","1702884337","s","100","27000","330600","2023-12-18T07:25:52.097Z","2023-12-18T07:25:52.097Z"
158838601,"NTL","1702884337","s","400","27000","330600","2023-12-18T07:25:52.097Z","2023-12-18T07:25:52.097Z"
158838600,"NTL","1702884337","s","200","27000","330600","2023-12-18T07:25:52.097Z","2023-12-18T07:25:52.097Z"
158837443,"NTL","1702884310","s","200","27050","330400","2023-12-18T07:25:25.098Z","2023-12-18T07:25:25.098Z"
158837266,"NTL","1702884306","s","300","27050","330400","2023-12-18T07:25:21.087Z","2023-12-18T07:25:21.087Z"
158835925,"NTL","1702884275","s","300","27050","329800","2023-12-18T07:24:50.093Z","2023-12-18T07:24:50.093Z"
158834663,"NTL","1702884247","s","300","27050","329500","2023-12-18T07:24:23.095Z","2023-12-18T07:24:23.095Z"
158834555,"NTL","1702884246","s","400","27050","328500","2023-12-18T07:24:21.090Z","2023-12-18T07:24:21.090Z"
158834554,"NTL","1702884246","s","600","27050","328500","2023-12-18T07:24:21.090Z","2023-12-18T07:24:21.090Z"
158833763,"NTL","1702884233","b","500","27100","328000","2023-12-18T07:24:08.090Z","2023-12-18T07:24:08.090Z"
158831452,"NTL","1702884197","b","1200","27100","326800","2023-12-18T07:23:32.087Z","2023-12-18T07:23:32.087Z"
158831112,"NTL","1702884190","b","100","27100","326700","2023-12-18T07:23:24.089Z","2023-12-18T07:23:24.089Z"
158830041,"NTL","1702884158","b","900","27100","323700","2023-12-18T07:22:53.089Z","2023-12-18T07:22:53.089Z"
158830040,"NTL","1702884158","b","2000","27100","323700","2023-12-18T07:22:53.089Z","2023-12-18T07:22:53.089Z"
158830039,"NTL","1702884158","b","100","27100","323700","2023-12-18T07:22:53.089Z","2023-12-18T07:22:53.089Z"
158827227,"NTL","1702884079","s","1000","27050","322700","2023-12-18T07:21:34.085Z","2023-12-18T07:21:34.085Z"
158826744,"NTL","1702884062","b","5000","27050","314300","2023-12-18T07:21:18.084Z","2023-12-18T07:21:18.084Z"
158826743,"NTL","1702884062","b","2000","27050","314300","2023-12-18T07:21:18.084Z","2023-12-18T07:21:18.084Z"
158826742,"NTL","1702884062","b","1000","27050","314300","2023-12-18T07:21:18.084Z","2023-12-18T07:21:18.084Z"
158826741,"NTL","1702884062","b","400","27050","314300","2023-12-18T07:21:18.084Z","2023-12-18T07:21:18.084Z"
158826674,"NTL","1702884059","s","200","27000","314300","2023-12-18T07:21:15.088Z","2023-12-18T07:21:15.088Z"
158826489,"NTL","1702884053","b","200","27000","313500","2023-12-18T07:21:09.085Z","2023-12-18T07:21:09.085Z"
158826488,"NTL","1702884053","b","400","27000","313500","2023-12-18T07:21:09.085Z","2023-12-18T07:21:09.085Z"
158825625,"NTL","1702884024","b","100","27000","313400","2023-12-18T07:20:38.088Z","2023-12-18T07:20:38.088Z"
158825345,"NTL","1702884017","b","200","27000","313200","2023-12-18T07:20:31.087Z","2023-12-18T07:20:31.087Z"
158823330,"NTL","1702883946","b","100","27000","313100","2023-12-18T07:19:21.084Z","2023-12-18T07:19:21.084Z"
158823051,"NTL","1702883937","b","1000","27000","313100","2023-12-18T07:19:12.084Z","2023-12-18T07:19:12.084Z"
158822869,"NTL","1702883929","b","1200","27000","307100","2023-12-18T07:19:04.085Z","2023-12-18T07:19:04.085Z"
158822868,"NTL","1702883929","b","3800","27000","307100","2023-12-18T07:19:04.085Z","2023-12-18T07:19:04.085Z"
158822599,"NTL","1702883918","b","1000","27000","306100","2023-12-18T07:18:53.080Z","2023-12-18T07:18:53.080Z"
158821566,"NTL","1702883877","b","100","27000","306000","2023-12-18T07:18:12.089Z","2023-12-18T07:18:12.089Z"
158821146,"NTL","1702883856","s","100","27000","305900","2023-12-18T07:17:51.080Z","2023-12-18T07:17:51.080Z"
158821112,"NTL","1702883854","b","1900","27000","304000","2023-12-18T07:17:49.082Z","2023-12-18T07:17:49.082Z"
158820259,"NTL","1702883816","b","1100","27000","298900","2023-12-18T07:17:12.084Z","2023-12-18T07:17:12.084Z"
158820258,"NTL","1702883816","b","2000","27000","298900","2023-12-18T07:17:12.084Z","2023-12-18T07:17:12.084Z"
158820257,"NTL","1702883816","b","2000","27000","298900","2023-12-18T07:17:12.084Z","2023-12-18T07:17:12.084Z"
158819839,"NTL","1702883796","s","300","26950","297900","2023-12-18T07:16:52.083Z","2023-12-18T07:16:52.083Z"
158819838,"NTL","1702883796","s","200","26950","297900","2023-12-18T07:16:52.083Z","2023-12-18T07:16:52.083Z"
158819837,"NTL","1702883796","s","500","26950","297900","2023-12-18T07:16:52.083Z","2023-12-18T07:16:52.083Z"
158818694,"NTL","1702883741","s","300","26950","297500","2023-12-18T07:15:56.078Z","2023-12-18T07:15:56.078Z"
158818693,"NTL","1702883741","s","100","26950","297500","2023-12-18T07:15:56.078Z","2023-12-18T07:15:56.078Z"
158818359,"NTL","1702883728","b","400","27000","297100","2023-12-18T07:15:43.083Z","2023-12-18T07:15:43.083Z"
158817122,"NTL","1702883666","b","200","27000","296100","2023-12-18T07:14:41.078Z","2023-12-18T07:14:41.078Z"
158817121,"NTL","1702883666","b","500","27000","296100","2023-12-18T07:14:41.078Z","2023-12-18T07:14:41.078Z"
158817120,"NTL","1702883666","b","300","27000","296100","2023-12-18T07:14:41.078Z","2023-12-18T07:14:41.078Z"
158816462,"NTL","1702883633","b","900","27000","295200","2023-12-18T07:14:08.078Z","2023-12-18T07:14:08.078Z"
158815901,"NTL","1702883611","s","500","27000","294400","2023-12-18T07:13:46.083Z","2023-12-18T07:13:46.083Z"
158815900,"NTL","1702883611","s","300","27000","294400","2023-12-18T07:13:46.083Z","2023-12-18T07:13:46.083Z"
158813576,"NTL","1702883507","b","400","27000","279500","2023-12-18T07:12:02.078Z","2023-12-18T07:12:02.078Z"
158813575,"NTL","1702883507","b","14500","27000","279500","2023-12-18T07:12:02.078Z","2023-12-18T07:12:02.078Z"
158812966,"NTL","1702883477","b","9000","27000","269500","2023-12-18T07:11:31.074Z","2023-12-18T07:11:31.074Z"
158812951,"NTL","1702883476","b","1000","27000","269500","2023-12-18T07:11:31.074Z","2023-12-18T07:11:31.074Z"
158812408,"NTL","1702883455","b","100","27000","269400","2023-12-18T07:11:10.080Z","2023-12-18T07:11:10.080Z"
158812371,"NTL","1702883453","s","900","27000","268500","2023-12-18T07:11:08.075Z","2023-12-18T07:11:08.075Z"
158812284,"NTL","1702883448","s","900","27000","262500","2023-12-18T07:11:03.080Z","2023-12-18T07:11:03.080Z"
158812283,"NTL","1702883448","s","400","27000","262500","2023-12-18T07:11:03.080Z","2023-12-18T07:11:03.080Z"
158812282,"NTL","1702883448","s","100","27000","262500","2023-12-18T07:11:03.080Z","2023-12-18T07:11:03.080Z"
158812281,"NTL","1702883448","s","1000","27000","262500","2023-12-18T07:11:03.080Z","2023-12-18T07:11:03.080Z"
158812280,"NTL","1702883448","s","3600","27000","262500","2023-12-18T07:11:03.080Z","2023-12-18T07:11:03.080Z"
158810708,"NTL","1702883363","s","4000","27000","258500","2023-12-18T07:09:38.076Z","2023-12-18T07:09:38.076Z"
158810171,"NTL","1702883339","b","900","27000","251100","2023-12-18T07:09:14.075Z","2023-12-18T07:09:14.075Z"
158810170,"NTL","1702883339","b","1000","27000","251100","2023-12-18T07:09:14.075Z","2023-12-18T07:09:14.075Z"
158810169,"NTL","1702883339","b","1000","27000","251100","2023-12-18T07:09:14.075Z","2023-12-18T07:09:14.075Z"
158810168,"NTL","1702883339","b","4500","27000","251100","2023-12-18T07:09:14.075Z","2023-12-18T07:09:14.075Z"
158809663,"NTL","1702883314","b","100","26950","251000","2023-12-18T07:08:50.073Z","2023-12-18T07:08:50.073Z"
158809599,"NTL","1702883310","s","200","26950","251000","2023-12-18T07:08:46.078Z","2023-12-18T07:08:46.078Z"
158809282,"NTL","1702883294","s","800","26950","248800","2023-12-18T07:08:28.073Z","2023-12-18T07:08:28.073Z"
158809281,"NTL","1702883294","s","1000","26950","248800","2023-12-18T07:08:28.073Z","2023-12-18T07:08:28.073Z"
158809280,"NTL","1702883294","s","200","26950","248800","2023-12-18T07:08:28.073Z","2023-12-18T07:08:28.073Z"
