"id","symbol","truncTime","matchType","matchVol","matchPrice","accumulatedVolume","createdAt","updatedAt"
158860018,"PSH","1702885493","unknown","77600","10100","815900","2023-12-18T07:45:07.126Z","2023-12-18T07:45:07.126Z"
158859107,"PSH","1702884586","b","100","10150","738300","2023-12-18T07:30:01.096Z","2023-12-18T07:30:01.096Z"
158858462,"PSH","1702884579","s","1500","10150","738200","2023-12-18T07:29:55.103Z","2023-12-18T07:29:55.103Z"
158858461,"PSH","1702884579","s","100","10150","738200","2023-12-18T07:29:55.103Z","2023-12-18T07:29:55.103Z"
158858460,"PSH","1702884579","s","300","10150","738200","2023-12-18T07:29:55.103Z","2023-12-18T07:29:55.103Z"
158858459,"PSH","1702884579","s","400","10150","738200","2023-12-18T07:29:55.103Z","2023-12-18T07:29:55.103Z"
158858458,"PSH","1702884579","s","500","10150","738200","2023-12-18T07:29:55.103Z","2023-12-18T07:29:55.103Z"
158858457,"PSH","1702884579","s","500","10150","738200","2023-12-18T07:29:55.103Z","2023-12-18T07:29:55.103Z"
158858456,"PSH","1702884579","s","200","10150","738200","2023-12-18T07:29:55.103Z","2023-12-18T07:29:55.103Z"
158858455,"PSH","1702884579","s","4700","10150","738200","2023-12-18T07:29:55.103Z","2023-12-18T07:29:55.103Z"
158858454,"PSH","1702884579","s","500","10150","738200","2023-12-18T07:29:55.103Z","2023-12-18T07:29:55.103Z"
158858453,"PSH","1702884579","s","500","10150","738200","2023-12-18T07:29:55.103Z","2023-12-18T07:29:55.103Z"
158858452,"PSH","1702884579","s","1000","10150","738200","2023-12-18T07:29:55.103Z","2023-12-18T07:29:55.103Z"
158858451,"PSH","1702884579","s","200","10150","738200","2023-12-18T07:29:55.103Z","2023-12-18T07:29:55.103Z"
158858450,"PSH","1702884579","s","100","10150","738200","2023-12-18T07:29:55.103Z","2023-12-18T07:29:55.103Z"
158858449,"PSH","1702884579","s","500","10150","738200","2023-12-18T07:29:55.103Z","2023-12-18T07:29:55.103Z"
158858448,"PSH","1702884579","s","600","10150","738200","2023-12-18T07:29:55.103Z","2023-12-18T07:29:55.103Z"
158857516,"PSH","1702884567","s","400","10150","726600","2023-12-18T07:29:42.099Z","2023-12-18T07:29:42.099Z"
158857515,"PSH","1702884567","s","100","10150","726600","2023-12-18T07:29:42.099Z","2023-12-18T07:29:42.099Z"
158857514,"PSH","1702884567","s","100","10150","726600","2023-12-18T07:29:42.099Z","2023-12-18T07:29:42.099Z"
158857513,"PSH","1702884567","s","4400","10150","726600","2023-12-18T07:29:42.099Z","2023-12-18T07:29:42.099Z"
158856744,"PSH","1702884558","s","600","10150","721600","2023-12-18T07:29:34.108Z","2023-12-18T07:29:34.108Z"
158856743,"PSH","1702884558","s","1400","10150","721600","2023-12-18T07:29:34.108Z","2023-12-18T07:29:34.108Z"
158855830,"PSH","1702884550","b","100","10200","719600","2023-12-18T07:29:25.102Z","2023-12-18T07:29:25.102Z"
158855391,"PSH","1702884545","b","3000","10200","719500","2023-12-18T07:29:20.097Z","2023-12-18T07:29:20.097Z"
158854489,"PSH","1702884532","b","200","10200","716500","2023-12-18T07:29:08.096Z","2023-12-18T07:29:08.096Z"
158854404,"PSH","1702884531","s","100","10200","716300","2023-12-18T07:29:07.102Z","2023-12-18T07:29:07.102Z"
158854403,"PSH","1702884531","s","500","10200","716300","2023-12-18T07:29:07.102Z","2023-12-18T07:29:07.102Z"
158854402,"PSH","1702884531","s","100","10200","716300","2023-12-18T07:29:07.102Z","2023-12-18T07:29:07.102Z"
158854401,"PSH","1702884531","s","200","10200","716300","2023-12-18T07:29:07.102Z","2023-12-18T07:29:07.102Z"
158854400,"PSH","1702884531","s","100","10200","716300","2023-12-18T07:29:07.102Z","2023-12-18T07:29:07.102Z"
158854399,"PSH","1702884531","s","1000","10200","716300","2023-12-18T07:29:07.102Z","2023-12-18T07:29:07.102Z"
158854398,"PSH","1702884531","s","100","10200","716300","2023-12-18T07:29:07.102Z","2023-12-18T07:29:07.102Z"
158853867,"PSH","1702884523","s","12600","10200","714200","2023-12-18T07:28:59.106Z","2023-12-18T07:28:59.106Z"
158853866,"PSH","1702884523","s","500","10200","714200","2023-12-18T07:28:59.106Z","2023-12-18T07:28:59.106Z"
158853865,"PSH","1702884523","s","1000","10200","714200","2023-12-18T07:28:59.106Z","2023-12-18T07:28:59.106Z"
158853864,"PSH","1702884523","s","200","10200","714200","2023-12-18T07:28:59.106Z","2023-12-18T07:28:59.106Z"
158853863,"PSH","1702884523","s","100","10200","714200","2023-12-18T07:28:59.106Z","2023-12-18T07:28:59.106Z"
158853862,"PSH","1702884523","s","3000","10200","714200","2023-12-18T07:28:59.106Z","2023-12-18T07:28:59.106Z"
158853861,"PSH","1702884523","s","2000","10200","714200","2023-12-18T07:28:59.106Z","2023-12-18T07:28:59.106Z"
158853860,"PSH","1702884523","s","3000","10200","714200","2023-12-18T07:28:59.106Z","2023-12-18T07:28:59.106Z"
158853859,"PSH","1702884523","s","3900","10200","714200","2023-12-18T07:28:59.106Z","2023-12-18T07:28:59.106Z"
158853858,"PSH","1702884523","s","200","10200","714200","2023-12-18T07:28:59.106Z","2023-12-18T07:28:59.106Z"
158853857,"PSH","1702884523","s","500","10200","714200","2023-12-18T07:28:59.106Z","2023-12-18T07:28:59.106Z"
158853083,"PSH","1702884513","s","500","10200","687200","2023-12-18T07:28:48.101Z","2023-12-18T07:28:48.101Z"
158853082,"PSH","1702884513","s","500","10200","687200","2023-12-18T07:28:48.101Z","2023-12-18T07:28:48.101Z"
158853081,"PSH","1702884513","s","19000","10200","687200","2023-12-18T07:28:48.101Z","2023-12-18T07:28:48.101Z"
158853020,"PSH","1702884511","b","100","10250","667200","2023-12-18T07:28:47.094Z","2023-12-18T07:28:47.094Z"
158852262,"PSH","1702884505","s","2500","10200","667100","2023-12-18T07:28:40.092Z","2023-12-18T07:28:40.092Z"
158850114,"PSH","1702884484","b","100","10250","664500","2023-12-18T07:28:18.099Z","2023-12-18T07:28:18.099Z"
158849144,"PSH","1702884470","s","4800","10250","664500","2023-12-18T07:28:05.100Z","2023-12-18T07:28:05.100Z"
158847611,"PSH","1702884450","s","5200","10250","649700","2023-12-18T07:27:44.098Z","2023-12-18T07:27:44.098Z"
158847610,"PSH","1702884450","s","1000","10250","649700","2023-12-18T07:27:44.098Z","2023-12-18T07:27:44.098Z"
158847609,"PSH","1702884450","s","1000","10250","649700","2023-12-18T07:27:44.098Z","2023-12-18T07:27:44.098Z"
158847608,"PSH","1702884450","s","100","10250","649700","2023-12-18T07:27:44.098Z","2023-12-18T07:27:44.098Z"
158847607,"PSH","1702884450","s","400","10250","649700","2023-12-18T07:27:44.098Z","2023-12-18T07:27:44.098Z"
158847606,"PSH","1702884450","s","1000","10250","649700","2023-12-18T07:27:44.098Z","2023-12-18T07:27:44.098Z"
158847605,"PSH","1702884450","s","100","10250","649700","2023-12-18T07:27:44.098Z","2023-12-18T07:27:44.098Z"
158847604,"PSH","1702884450","s","1200","10250","649700","2023-12-18T07:27:44.098Z","2023-12-18T07:27:44.098Z"
158845853,"PSH","1702884427","b","3300","10300","649700","2023-12-18T07:27:22.094Z","2023-12-18T07:27:22.094Z"
158845852,"PSH","1702884427","b","1700","10300","649700","2023-12-18T07:27:22.094Z","2023-12-18T07:27:22.094Z"
158845831,"PSH","1702884426","s","100","10250","644700","2023-12-18T07:27:21.097Z","2023-12-18T07:27:21.097Z"
158844612,"PSH","1702884408","s","300","10300","644600","2023-12-18T07:27:03.096Z","2023-12-18T07:27:03.096Z"
158843782,"PSH","1702884397","s","200","10300","644300","2023-12-18T07:26:52.099Z","2023-12-18T07:26:52.099Z"
158841172,"PSH","1702884370","s","500","10300","644100","2023-12-18T07:26:25.097Z","2023-12-18T07:26:25.097Z"
158841171,"PSH","1702884370","s","100","10300","644100","2023-12-18T07:26:25.097Z","2023-12-18T07:26:25.097Z"
158841170,"PSH","1702884370","s","800","10300","644100","2023-12-18T07:26:25.097Z","2023-12-18T07:26:25.097Z"
158841169,"PSH","1702884370","s","600","10300","644100","2023-12-18T07:26:25.097Z","2023-12-18T07:26:25.097Z"
158838462,"PSH","1702884333","s","300","10300","642100","2023-12-18T07:25:48.090Z","2023-12-18T07:25:48.090Z"
158835526,"PSH","1702884266","s","3000","10350","638700","2023-12-18T07:24:41.089Z","2023-12-18T07:24:41.089Z"
158835525,"PSH","1702884266","s","100","10350","638700","2023-12-18T07:24:41.089Z","2023-12-18T07:24:41.089Z"
158835181,"PSH","1702884258","s","5000","10350","633700","2023-12-18T07:24:33.093Z","2023-12-18T07:24:33.093Z"
158834531,"PSH","1702884245","s","400","10350","633300","2023-12-18T07:24:21.090Z","2023-12-18T07:24:21.090Z"
158833896,"PSH","1702884235","s","5000","10350","633300","2023-12-18T07:24:11.086Z","2023-12-18T07:24:11.086Z"
158833335,"PSH","1702884226","s","100","10350","628300","2023-12-18T07:24:01.093Z","2023-12-18T07:24:01.093Z"
158829438,"PSH","1702884143","b","900","10400","628200","2023-12-18T07:22:38.088Z","2023-12-18T07:22:38.088Z"
158828810,"PSH","1702884125","b","100","10400","627200","2023-12-18T07:22:21.092Z","2023-12-18T07:22:21.092Z"
158828276,"PSH","1702884110","b","200","10400","627000","2023-12-18T07:22:05.089Z","2023-12-18T07:22:05.089Z"
158827074,"PSH","1702884074","b","100","10400","626500","2023-12-18T07:21:29.088Z","2023-12-18T07:21:29.088Z"
158827073,"PSH","1702884074","b","400","10400","626500","2023-12-18T07:21:29.088Z","2023-12-18T07:21:29.088Z"
158825419,"PSH","1702884020","b","100","10400","626500","2023-12-18T07:20:35.082Z","2023-12-18T07:20:35.082Z"
158825418,"PSH","1702884020","b","900","10400","626500","2023-12-18T07:20:35.082Z","2023-12-18T07:20:35.082Z"
158823626,"PSH","1702883958","b","100","10400","625500","2023-12-18T07:19:33.083Z","2023-12-18T07:19:33.083Z"
158823257,"PSH","1702883943","b","100","10350","625400","2023-12-18T07:19:19.086Z","2023-12-18T07:19:19.086Z"
158818802,"PSH","1702883747","s","100","10300","625300","2023-12-18T07:16:02.085Z","2023-12-18T07:16:02.085Z"
158814928,"PSH","1702883571","s","100","10300","625200","2023-12-18T07:13:07.075Z","2023-12-18T07:13:07.075Z"
158811671,"PSH","1702883418","b","2000","10350","618000","2023-12-18T07:10:33.081Z","2023-12-18T07:10:33.081Z"
158811670,"PSH","1702883418","b","2000","10350","618000","2023-12-18T07:10:33.081Z","2023-12-18T07:10:33.081Z"
158811669,"PSH","1702883418","b","2000","10350","618000","2023-12-18T07:10:33.081Z","2023-12-18T07:10:33.081Z"
158811668,"PSH","1702883418","b","1000","10350","618000","2023-12-18T07:10:33.081Z","2023-12-18T07:10:33.081Z"
158811667,"PSH","1702883418","b","100","10350","618000","2023-12-18T07:10:33.081Z","2023-12-18T07:10:33.081Z"
158810033,"PSH","1702883333","s","100","10300","617900","2023-12-18T07:09:08.072Z","2023-12-18T07:09:08.072Z"
158808432,"PSH","1702883264","b","100","10300","617800","2023-12-18T07:07:58.071Z","2023-12-18T07:07:58.071Z"
158803687,"PSH","1702883083","b","1000","10300","616800","2023-12-18T07:04:59.069Z","2023-12-18T07:04:59.069Z"
158799578,"PSH","1702882885","s","700","10250","616800","2023-12-18T07:01:40.072Z","2023-12-18T07:01:40.072Z"
158799577,"PSH","1702882885","s","1000","10250","616800","2023-12-18T07:01:40.072Z","2023-12-18T07:01:40.072Z"
158799576,"PSH","1702882885","s","1000","10250","616800","2023-12-18T07:01:40.072Z","2023-12-18T07:01:40.072Z"
158799575,"PSH","1702882885","s","5000","10250","616800","2023-12-18T07:01:40.072Z","2023-12-18T07:01:40.072Z"
158799574,"PSH","1702882885","s","1000","10250","616800","2023-12-18T07:01:40.072Z","2023-12-18T07:01:40.072Z"
158799573,"PSH","1702882885","s","1000","10250","616800","2023-12-18T07:01:40.072Z","2023-12-18T07:01:40.072Z"
