"Stockcode","Package","TradingDate","Price","Vol","TotalVol","TotalVal","Change","IsBuy","PerChange"
"BCG",144410,"/Date(1703490300000)/",9050,267300,5565300,50106000000,180,false,2.03
"BCG",142842,"/Date(1703489371000)/",9050,10000,5298000,47687000000,180,true,2.03
"BCG",142842,"/Date(1703489371000)/",9050,200,5288000,47597000000,180,true,2.03
"BCG",142842,"/Date(1703489371000)/",9050,10000,5287800,47595000000,180,true,2.03
"BCG",142842,"/Date(1703489371000)/",9050,100,5277800,47504000000,180,true,2.03
"BCG",142842,"/Date(1703489371000)/",9050,500,5277700,47503000000,180,true,2.03
"BCG",142842,"/Date(1703489371000)/",9050,100,5277200,47499000000,180,true,2.03
"BCG",142842,"/Date(1703489371000)/",9050,2000,5277100,47498000000,180,true,2.03
"BCG",142842,"/Date(1703489371000)/",9050,300,5275100,47480000000,180,true,2.03
"BCG",142842,"/Date(1703489371000)/",9050,23500,5274800,47477000000,180,true,2.03
"BCG",142842,"/Date(1703489371000)/",9050,2000,5251300,47265000000,180,true,2.03
"BCG",142842,"/Date(1703489371000)/",9050,600,5249300,47246000000,180,true,2.03
"BCG",142842,"/Date(1703489370000)/",9050,1400,5248700,47241000000,180,true,2.03
"BCG",142842,"/Date(1703489370000)/",9050,100,5247300,47228000000,180,true,2.03
"BCG",142842,"/Date(1703489370000)/",9050,5000,5247200,47227000000,180,true,2.03
"BCG",142842,"/Date(1703489370000)/",9050,600,5242200,47182000000,180,true,2.03
"BCG",142842,"/Date(1703489370000)/",9050,500,5241600,47177000000,180,true,2.03
"BCG",142842,"/Date(1703489370000)/",9050,1700,5241100,47172000000,180,true,2.03
"BCG",142842,"/Date(1703489370000)/",9050,100,5239400,47157000000,180,true,2.03
"BCG",142842,"/Date(1703489370000)/",9050,1200,5239300,47156000000,180,true,2.03
"BCG",142842,"/Date(1703489370000)/",9050,1000,5238100,47145000000,180,true,2.03
"BCG",142842,"/Date(1703489370000)/",9050,2000,5237100,47136000000,180,true,2.03
"BCG",142842,"/Date(1703489370000)/",9050,1400,5235100,47118000000,180,true,2.03
"BCG",142839,"/Date(1703489367000)/",9050,600,5233700,47105000000,180,true,2.03
"BCG",142839,"/Date(1703489367000)/",9050,700,5233100,47100000000,180,true,2.03
"BCG",142836,"/Date(1703489363000)/",9050,500,5232400,47093000000,180,true,2.03
"BCG",142833,"/Date(1703489360000)/",9050,100,5231900,47089000000,180,true,2.03
"BCG",142823,"/Date(1703489350000)/",9050,700,5231800,47088000000,180,true,2.03
"BCG",142823,"/Date(1703489350000)/",9050,200,5231100,47082000000,180,true,2.03
"BCG",142807,"/Date(1703489334000)/",9060,5000,5230900,47080000000,190,false,2.14
"BCG",142754,"/Date(1703489320000)/",9060,500,5225900,47035000000,190,false,2.14
"BCG",142751,"/Date(1703489317000)/",9060,100,5225400,47030000000,190,false,2.14
"BCG",142751,"/Date(1703489317000)/",9060,100,5225300,47029000000,190,false,2.14
"BCG",142751,"/Date(1703489317000)/",9060,2000,5225200,47028000000,190,false,2.14
"BCG",142751,"/Date(1703489317000)/",9060,26300,5223200,47010000000,190,false,2.14
"BCG",142751,"/Date(1703489317000)/",9060,100,5196900,46772000000,190,false,2.14
"BCG",142751,"/Date(1703489317000)/",9060,5000,5196800,46771000000,190,false,2.14
"BCG",142751,"/Date(1703489317000)/",9060,1500,5191800,46726000000,190,false,2.14
"BCG",142751,"/Date(1703489317000)/",9060,5000,5190300,46712000000,190,false,2.14
"BCG",142751,"/Date(1703489317000)/",9060,3900,5185300,46667000000,190,false,2.14
"BCG",142751,"/Date(1703489317000)/",9060,100,5181400,46631000000,190,false,2.14
"BCG",142751,"/Date(1703489317000)/",9060,100,5181300,46631000000,190,false,2.14
"BCG",142751,"/Date(1703489317000)/",9060,200,5181200,46630000000,190,false,2.14
"BCG",142751,"/Date(1703489317000)/",9060,100,5181000,46628000000,190,false,2.14
"BCG",142751,"/Date(1703489317000)/",9060,27100,5180900,46627000000,190,false,2.14
"BCG",142748,"/Date(1703489314000)/",9060,15000,5153800,46381000000,190,true,2.14
"BCG",142745,"/Date(1703489313000)/",9060,300,5138800,46245000000,190,true,2.14
"BCG",142739,"/Date(1703489304000)/",9070,2000,5138500,46243000000,200,false,2.25
"BCG",142729,"/Date(1703489297000)/",9060,100,5136500,46225000000,190,true,2.14
"BCG",142729,"/Date(1703489296000)/",9060,100,5136400,46224000000,190,true,2.14
"BCG",142722,"/Date(1703489291000)/",9060,5000,5136300,46223000000,190,true,2.14
"BCG",142719,"/Date(1703489288000)/",9070,5000,5131300,46178000000,200,false,2.25
"BCG",142716,"/Date(1703489284000)/",9070,8000,5126300,46132000000,200,false,2.25
"BCG",142710,"/Date(1703489278000)/",9060,2400,5118300,46060000000,190,true,2.14
"BCG",142710,"/Date(1703489278000)/",9060,2000,5115900,46038000000,190,true,2.14
"BCG",142710,"/Date(1703489278000)/",9060,300,5113900,46020000000,190,true,2.14
"BCG",142710,"/Date(1703489278000)/",9060,300,5113600,46017000000,190,true,2.14
"BCG",142710,"/Date(1703489276000)/",9060,700,5113300,46014000000,190,true,2.14
"BCG",142710,"/Date(1703489276000)/",9060,300,5112600,46008000000,190,true,2.14
"BCG",142703,"/Date(1703489269000)/",9070,5000,5112300,46005000000,200,false,2.25
"BCG",142654,"/Date(1703489262000)/",9060,1700,5107300,45960000000,190,true,2.14
"BCG",142654,"/Date(1703489262000)/",9060,300,5105600,45944000000,190,true,2.14
"BCG",142638,"/Date(1703489244000)/",9060,1000,5105300,45942000000,190,true,2.14
"BCG",142635,"/Date(1703489242000)/",9060,1000,5104300,45933000000,190,true,2.14
"BCG",142631,"/Date(1703489238000)/",9060,7000,5103300,45924000000,190,true,2.14
"BCG",142628,"/Date(1703489235000)/",9060,100,5096300,45860000000,190,true,2.14
"BCG",142622,"/Date(1703489229000)/",9060,100,5096200,45859000000,190,true,2.14
"BCG",142615,"/Date(1703489223000)/",9060,500,5096100,45858000000,190,true,2.14
"BCG",142615,"/Date(1703489223000)/",9060,500,5095600,45854000000,190,true,2.14
"BCG",142615,"/Date(1703489223000)/",9060,500,5095100,45849000000,190,true,2.14
"BCG",142609,"/Date(1703489216000)/",9070,500,5094600,45845000000,200,false,2.25
"BCG",142609,"/Date(1703489215000)/",9070,2000,5094100,45840000000,200,false,2.25
"BCG",142556,"/Date(1703489205000)/",9070,9000,5092100,45822000000,200,false,2.25
"BCG",142547,"/Date(1703489195000)/",9060,200,5083100,45741000000,190,true,2.14
"BCG",142547,"/Date(1703489193000)/",9060,100,5082900,45739000000,190,true,2.14
"BCG",142547,"/Date(1703489192000)/",9060,5000,5082800,45738000000,190,true,2.14
"BCG",142543,"/Date(1703489190000)/",9060,800,5077800,45693000000,190,true,2.14
"BCG",142540,"/Date(1703489187000)/",9060,100,5077000,45685000000,190,true,2.14
"BCG",142524,"/Date(1703489171000)/",9060,1000,5076900,45684000000,190,true,2.14
"BCG",142521,"/Date(1703489167000)/",9060,1800,5075900,45675000000,190,true,2.14
"BCG",142518,"/Date(1703489164000)/",9060,100,5074100,45659000000,190,true,2.14
"BCG",142511,"/Date(1703489158000)/",9060,400,5074000,45658000000,190,true,2.14
"BCG",142511,"/Date(1703489158000)/",9060,1400,5073600,45654000000,190,true,2.14
"BCG",142459,"/Date(1703489145000)/",9060,600,5072200,45642000000,190,true,2.14
"BCG",142459,"/Date(1703489145000)/",9060,200,5071600,45636000000,190,true,2.14
"BCG",142459,"/Date(1703489145000)/",9060,200,5071400,45635000000,190,true,2.14
"BCG",142459,"/Date(1703489144000)/",9070,1000,5071200,45633000000,200,false,2.25
"BCG",142449,"/Date(1703489135000)/",9070,300,5070200,45624000000,200,false,2.25
"BCG",142443,"/Date(1703489129000)/",9060,100,5069900,45621000000,190,true,2.14
"BCG",142439,"/Date(1703489125000)/",9060,500,5069800,45620000000,190,true,2.14
"BCG",142430,"/Date(1703489117000)/",9060,5000,5069300,45615000000,190,true,2.14
"BCG",142427,"/Date(1703489112000)/",9060,10000,5064300,45570000000,190,true,2.14
"BCG",142420,"/Date(1703489108000)/",9070,2800,5054300,45480000000,200,false,2.25
"BCG",142420,"/Date(1703489108000)/",9070,400,5051500,45454000000,200,false,2.25
"BCG",142420,"/Date(1703489108000)/",9070,300,5051100,45451000000,200,false,2.25
"BCG",142420,"/Date(1703489108000)/",9070,200,5050800,45448000000,200,false,2.25
"BCG",142420,"/Date(1703489108000)/",9070,300,5050600,45446000000,200,false,2.25
"BCG",142420,"/Date(1703489108000)/",9070,7000,5050300,45443000000,200,false,2.25
"BCG",142420,"/Date(1703489107000)/",9060,900,5043300,45380000000,190,true,2.14
"BCG",142408,"/Date(1703489095000)/",9060,500,5042400,45372000000,190,true,2.14
"BCG",142404,"/Date(1703489093000)/",9070,100,5041900,45367000000,200,false,2.25
"BCG",142404,"/Date(1703489093000)/",9070,300,5041800,45366000000,200,false,2.25
"BCG",142404,"/Date(1703489093000)/",9070,500,5041500,45363000000,200,false,2.25
"BCG",142404,"/Date(1703489093000)/",9070,1000,5041000,45359000000,200,false,2.25
"BCG",142404,"/Date(1703489093000)/",9070,2200,5040000,45350000000,200,false,2.25
"BCG",142404,"/Date(1703489093000)/",9070,3900,5037800,45330000000,200,false,2.25
"BCG",142401,"/Date(1703489089000)/",9060,1600,5033900,45295000000,190,true,2.14
"BCG",142401,"/Date(1703489089000)/",9060,6900,5032300,45280000000,190,true,2.14
"BCG",142401,"/Date(1703489089000)/",9060,900,5025400,45218000000,190,true,2.14
"BCG",142401,"/Date(1703489089000)/",9060,2000,5024500,45209000000,190,true,2.14
"BCG",142401,"/Date(1703489089000)/",9060,1500,5022500,45191000000,190,true,2.14
"BCG",142401,"/Date(1703489089000)/",9060,7100,5021000,45178000000,190,true,2.14
"BCG",142401,"/Date(1703489088000)/",9070,100,5013900,45113000000,200,false,2.25
"BCG",142401,"/Date(1703489088000)/",9060,100,5013800,45112000000,190,true,2.14
"BCG",142355,"/Date(1703489082000)/",9060,2800,5013700,45112000000,190,true,2.14
"BCG",142355,"/Date(1703489082000)/",9060,1000,5010900,45086000000,190,true,2.14
"BCG",142355,"/Date(1703489082000)/",9060,2000,5009900,45077000000,190,true,2.14
"BCG",142355,"/Date(1703489082000)/",9060,4200,5007900,45059000000,190,true,2.14
"BCG",142348,"/Date(1703489076000)/",9070,100,5003700,45021000000,200,false,2.25
"BCG",142348,"/Date(1703489076000)/",9060,3400,5003600,45020000000,190,true,2.14
"BCG",142342,"/Date(1703489070000)/",9060,2400,5000200,44989000000,190,true,2.14
"BCG",142342,"/Date(1703489070000)/",9060,2600,4997800,44967000000,190,true,2.14
"BCG",142342,"/Date(1703489069000)/",9070,5000,4995200,44944000000,200,false,2.25
"BCG",142300,"/Date(1703489029000)/",9070,3000,4990200,44899000000,200,false,2.25
"BCG",142300,"/Date(1703489028000)/",9060,1800,4987200,44871000000,190,true,2.14
"BCG",142257,"/Date(1703489024000)/",9070,100,4985400,44855000000,200,false,2.25
"BCG",142254,"/Date(1703489020000)/",9060,300,4985300,44854000000,190,true,2.14
"BCG",142241,"/Date(1703489007000)/",9070,100,4985000,44851000000,200,false,2.25
"BCG",142238,"/Date(1703489004000)/",9060,1000,4984900,44851000000,190,true,2.14
"BCG",142232,"/Date(1703489000000)/",9070,3700,4983900,44841000000,200,false,2.25
"BCG",142228,"/Date(1703488994000)/",9070,1000,4980200,44808000000,200,false,2.25
"BCG",142225,"/Date(1703488993000)/",9070,3000,4979200,44799000000,200,false,2.25
"BCG",142225,"/Date(1703488993000)/",9070,500,4976200,44772000000,200,false,2.25
"BCG",142225,"/Date(1703488992000)/",9060,100,4975700,44767000000,190,true,2.14
"BCG",142212,"/Date(1703488980000)/",9060,200,4975600,44766000000,190,true,2.14
"BCG",142209,"/Date(1703488974000)/",9070,100,4975400,44764000000,200,false,2.25
"BCG",142206,"/Date(1703488971000)/",9060,500,4975300,44763000000,190,true,2.14
"BCG",142153,"/Date(1703488958000)/",9070,100,4974800,44759000000,200,false,2.25
"BCG",142153,"/Date(1703488958000)/",9070,1000,4974700,44758000000,200,false,2.25
"BCG",142153,"/Date(1703488958000)/",9070,2000,4973700,44749000000,200,false,2.25
"BCG",142153,"/Date(1703488958000)/",9070,1500,4971700,44731000000,200,false,2.25
"BCG",142153,"/Date(1703488958000)/",9070,200,4970200,44717000000,200,false,2.25
"BCG",142153,"/Date(1703488958000)/",9070,200,4970000,44715000000,200,false,2.25
"BCG",142150,"/Date(1703488957000)/",9070,100,4969800,44714000000,200,false,2.25
"BCG",142137,"/Date(1703488942000)/",9070,700,4969700,44713000000,200,false,2.25
"BCG",142137,"/Date(1703488942000)/",9070,100,4969000,44706000000,200,false,2.25
"BCG",142127,"/Date(1703488935000)/",9060,2200,4968900,44705000000,190,true,2.14
"BCG",142118,"/Date(1703488924000)/",9060,1300,4966700,44686000000,190,true,2.14
"BCG",142118,"/Date(1703488924000)/",9060,300,4965400,44674000000,190,true,2.14
"BCG",142118,"/Date(1703488924000)/",9060,500,4965100,44671000000,190,true,2.14
"BCG",142118,"/Date(1703488924000)/",9060,200,4964600,44666000000,190,true,2.14
"BCG",142115,"/Date(1703488922000)/",9060,700,4964400,44665000000,190,true,2.14
"BCG",142115,"/Date(1703488922000)/",9060,100,4963700,44658000000,190,true,2.14
"BCG",142112,"/Date(1703488919000)/",9060,1000,4963600,44657000000,190,true,2.14
"BCG",142105,"/Date(1703488913000)/",9060,500,4962600,44648000000,190,true,2.14
"BCG",142059,"/Date(1703488905000)/",9060,100,4962100,44644000000,190,true,2.14
"BCG",142056,"/Date(1703488903000)/",9070,1000,4962000,44643000000,200,false,2.25
"BCG",142043,"/Date(1703488890000)/",9070,100,4961000,44634000000,200,false,2.25
"BCG",142040,"/Date(1703488885000)/",9060,400,4960900,44633000000,190,true,2.14
"BCG",142030,"/Date(1703488876000)/",9070,100,4960500,44629000000,200,false,2.25
"BCG",142024,"/Date(1703488870000)/",9060,7700,4960400,44628000000,190,false,2.14
"BCG",142024,"/Date(1703488870000)/",9060,900,4952700,44559000000,190,false,2.14
"BCG",142024,"/Date(1703488870000)/",9060,3300,4951800,44551000000,190,false,2.14
"BCG",142020,"/Date(1703488868000)/",9060,1000,4948500,44521000000,190,false,2.14
"BCG",142011,"/Date(1703488857000)/",9060,200,4947500,44512000000,190,false,2.14
"BCG",141952,"/Date(1703488837000)/",9060,8300,4947300,44510000000,190,false,2.14
"BCG",141945,"/Date(1703488832000)/",9060,2900,4939000,44435000000,190,false,2.14
"BCG",141945,"/Date(1703488832000)/",9060,200,4936100,44408000000,190,false,2.14
"BCG",141942,"/Date(1703488830000)/",9060,300,4935900,44406000000,190,false,2.14
"BCG",141926,"/Date(1703488811000)/",9060,300,4935600,44404000000,190,true,2.14
"BCG",141926,"/Date(1703488811000)/",9060,100,4935300,44401000000,190,true,2.14
"BCG",141926,"/Date(1703488811000)/",9060,2000,4935200,44400000000,190,true,2.14
"BCG",141926,"/Date(1703488811000)/",9060,100,4933200,44382000000,190,true,2.14
"BCG",141926,"/Date(1703488811000)/",9060,17000,4933100,44381000000,190,true,2.14
"BCG",141916,"/Date(1703488803000)/",9060,3000,4916100,44227000000,190,true,2.14
"BCG",141841,"/Date(1703488766000)/",9070,100,4913100,44200000000,200,false,2.25
"BCG",141832,"/Date(1703488758000)/",9050,500,4913000,44199000000,180,true,2.03
"BCG",141819,"/Date(1703488747000)/",9060,200,4912500,44194000000,190,false,2.14
"BCG",141819,"/Date(1703488747000)/",9060,1100,4912300,44193000000,190,false,2.14
"BCG",141813,"/Date(1703488740000)/",9060,2400,4911200,44183000000,190,false,2.14
"BCG",141813,"/Date(1703488740000)/",9060,400,4908800,44161000000,190,false,2.14
"BCG",141813,"/Date(1703488740000)/",9060,1200,4908400,44157000000,190,false,2.14
"BCG",141803,"/Date(1703488729000)/",9060,800,4907200,44146000000,190,false,2.14
"BCG",141803,"/Date(1703488729000)/",9060,500,4906400,44139000000,190,false,2.14
"BCG",141803,"/Date(1703488729000)/",9060,200,4905900,44135000000,190,false,2.14
"BCG",141800,"/Date(1703488726000)/",9060,800,4905700,44133000000,190,false,2.14
"BCG",141800,"/Date(1703488726000)/",9060,200,4904900,44126000000,190,false,2.14
"BCG",141800,"/Date(1703488725000)/",9060,200,4904700,44124000000,190,false,2.14
"BCG",141800,"/Date(1703488725000)/",9060,500,4904500,44122000000,190,false,2.14
"BCG",141800,"/Date(1703488725000)/",9060,100,4904000,44117000000,190,false,2.14
"BCG",141800,"/Date(1703488725000)/",9060,100,4903900,44117000000,190,false,2.14
"BCG",141800,"/Date(1703488725000)/",9060,600,4903800,44116000000,190,false,2.14
"BCG",141800,"/Date(1703488725000)/",9060,4400,4903200,44110000000,190,false,2.14
"BCG",141800,"/Date(1703488725000)/",9060,2000,4898800,44070000000,190,false,2.14
"BCG",141800,"/Date(1703488725000)/",9060,1000,4896800,44052000000,190,false,2.14
"BCG",141800,"/Date(1703488725000)/",9060,2000,4895800,44043000000,190,false,2.14
"BCG",141800,"/Date(1703488725000)/",9060,500,4893800,44025000000,190,false,2.14
"BCG",141800,"/Date(1703488725000)/",9060,100,4893300,44020000000,190,false,2.14
"BCG",141757,"/Date(1703488724000)/",9060,900,4893200,44020000000,190,false,2.14
"BCG",141757,"/Date(1703488724000)/",9060,100,4892300,44011000000,190,false,2.14
"BCG",141757,"/Date(1703488724000)/",9060,400,4892200,44011000000,190,false,2.14
"BCG",141757,"/Date(1703488724000)/",9060,300,4891800,44007000000,190,false,2.14
"BCG",141757,"/Date(1703488724000)/",9060,100,4891500,44004000000,190,false,2.14
"BCG",141753,"/Date(1703488721000)/",9060,200,4891400,44003000000,190,false,2.14
"BCG",141753,"/Date(1703488721000)/",9060,800,4891200,44001000000,190,false,2.14
"BCG",141747,"/Date(1703488713000)/",9060,200,4890400,43994000000,190,false,2.14
"BCG",141747,"/Date(1703488713000)/",9060,1500,4890200,43992000000,190,false,2.14
"BCG",141747,"/Date(1703488713000)/",9060,100,4888700,43979000000,190,false,2.14
"BCG",141747,"/Date(1703488713000)/",9060,200,4888600,43978000000,190,false,2.14
"BCG",141741,"/Date(1703488706000)/",9060,100,4888400,43976000000,190,false,2.14
"BCG",141734,"/Date(1703488699000)/",9060,100,4888300,43975000000,190,false,2.14
"BCG",141731,"/Date(1703488697000)/",9050,2600,4888200,43974000000,180,true,2.03
"BCG",141731,"/Date(1703488697000)/",9050,1300,4885600,43951000000,180,true,2.03
"BCG",141731,"/Date(1703488697000)/",9050,500,4884300,43939000000,180,true,2.03
"BCG",141731,"/Date(1703488697000)/",9050,100,4883800,43934000000,180,true,2.03
"BCG",141731,"/Date(1703488697000)/",9050,500,4883700,43934000000,180,true,2.03
"BCG",141728,"/Date(1703488694000)/",9050,2000,4883200,43929000000,180,true,2.03
"BCG",141702,"/Date(1703488667000)/",9050,600,4881200,43911000000,180,true,2.03
"BCG",141637,"/Date(1703488644000)/",9060,2500,4880600,43906000000,190,false,2.14
"BCG",141611,"/Date(1703488618000)/",9060,5000,4878100,43883000000,190,false,2.14
"BCG",141558,"/Date(1703488603000)/",9060,1000,4873100,43838000000,190,false,2.14
"BCG",141520,"/Date(1703488565000)/",9060,1000,4872100,43829000000,190,false,2.14
"BCG",141507,"/Date(1703488552000)/",9060,800,4871100,43819000000,190,false,2.14
"BCG",141504,"/Date(1703488549000)/",9060,2500,4870300,43812000000,190,false,2.14
"BCG",141501,"/Date(1703488546000)/",9060,1500,4867800,43790000000,190,false,2.14
"BCG",141445,"/Date(1703488532000)/",9060,400,4866300,43776000000,190,false,2.14
"BCG",141445,"/Date(1703488532000)/",9060,1000,4865900,43772000000,190,false,2.14
"BCG",141439,"/Date(1703488524000)/",9060,2000,4864900,43763000000,190,false,2.14
"BCG",141429,"/Date(1703488516000)/",9060,10000,4862900,43745000000,190,false,2.14
"BCG",141423,"/Date(1703488509000)/",9060,10000,4852900,43655000000,190,false,2.14
"BCG",141423,"/Date(1703488509000)/",9050,100,4842900,43564000000,180,true,2.03
"BCG",141357,"/Date(1703488481000)/",9060,100,4842800,43563000000,190,false,2.14
"BCG",141338,"/Date(1703488464000)/",9050,100,4842700,43562000000,180,true,2.03
"BCG",141328,"/Date(1703488455000)/",9060,6900,4842600,43561000000,190,false,2.14
"BCG",141328,"/Date(1703488455000)/",9060,100,4835700,43499000000,190,false,2.14
"BCG",141328,"/Date(1703488455000)/",9060,3000,4835600,43498000000,190,false,2.14
"BCG",141325,"/Date(1703488452000)/",9050,5000,4832600,43471000000,180,true,2.03
"BCG",141322,"/Date(1703488446000)/",9050,700,4827600,43425000000,180,true,2.03
"BCG",141322,"/Date(1703488446000)/",9050,400,4826900,43419000000,180,true,2.03
"BCG",141322,"/Date(1703488446000)/",9050,5300,4826500,43415000000,180,true,2.03
"BCG",141306,"/Date(1703488433000)/",9050,200,4821200,43367000000,180,true,2.03
"BCG",141306,"/Date(1703488433000)/",9050,100,4821000,43366000000,180,true,2.03
"BCG",141306,"/Date(1703488433000)/",9050,200,4820900,43365000000,180,true,2.03
"BCG",141306,"/Date(1703488432000)/",9050,100,4820700,43363000000,180,true,2.03
"BCG",141256,"/Date(1703488422000)/",9050,200,4820600,43362000000,180,true,2.03
"BCG",141256,"/Date(1703488422000)/",9050,400,4820400,43360000000,180,true,2.03
"BCG",141256,"/Date(1703488422000)/",9050,500,4820000,43357000000,180,true,2.03
"BCG",141256,"/Date(1703488422000)/",9050,100,4819500,43352000000,180,true,2.03
"BCG",141256,"/Date(1703488422000)/",9050,400,4819400,43351000000,180,true,2.03
"BCG",141256,"/Date(1703488422000)/",9050,300,4819000,43348000000,180,true,2.03
"BCG",141256,"/Date(1703488422000)/",9050,100,4818700,43345000000,180,true,2.03
"BCG",141250,"/Date(1703488415000)/",9050,100,4818600,43344000000,180,true,2.03
"BCG",141221,"/Date(1703488387000)/",9050,100,4818500,43343000000,180,true,2.03
"BCG",141221,"/Date(1703488387000)/",9050,100,4818400,43342000000,180,true,2.03
"BCG",141153,"/Date(1703488358000)/",9050,400,4818300,43341000000,180,true,2.03
"BCG",141149,"/Date(1703488354000)/",9050,300,4817900,43338000000,180,true,2.03
"BCG",141137,"/Date(1703488342000)/",9050,3800,4817600,43335000000,180,true,2.03
"BCG",141137,"/Date(1703488342000)/",9050,100,4813800,43300000000,180,true,2.03
"BCG",141137,"/Date(1703488342000)/",9050,2000,4813700,43300000000,180,true,2.03
"BCG",141137,"/Date(1703488342000)/",9050,300,4811700,43281000000,180,true,2.03
"BCG",141137,"/Date(1703488342000)/",9050,1000,4811400,43279000000,180,true,2.03
"BCG",141137,"/Date(1703488342000)/",9050,500,4810400,43270000000,180,true,2.03
"BCG",141137,"/Date(1703488342000)/",9050,1000,4809900,43265000000,180,true,2.03
"BCG",141137,"/Date(1703488342000)/",9050,1000,4808900,43256000000,180,true,2.03
"BCG",141137,"/Date(1703488342000)/",9050,5000,4807900,43247000000,180,true,2.03
"BCG",141137,"/Date(1703488342000)/",9050,200,4802900,43202000000,180,true,2.03
"BCG",141137,"/Date(1703488342000)/",9050,200,4802700,43200000000,180,true,2.03
"BCG",141137,"/Date(1703488342000)/",9050,200,4802500,43198000000,180,true,2.03
"BCG",141137,"/Date(1703488342000)/",9050,300,4802300,43196000000,180,true,2.03
"BCG",141137,"/Date(1703488342000)/",9050,100,4802000,43194000000,180,true,2.03
"BCG",141137,"/Date(1703488342000)/",9050,3000,4801900,43193000000,180,true,2.03
"BCG",141137,"/Date(1703488342000)/",9050,6000,4798900,43166000000,180,true,2.03
"BCG",141137,"/Date(1703488342000)/",9050,5300,4792900,43111000000,180,true,2.03
"BCG",141117,"/Date(1703488324000)/",9060,100,4787600,43063000000,190,false,2.14
"BCG",141117,"/Date(1703488323000)/",9060,600,4787500,43062000000,190,false,2.14
"BCG",141111,"/Date(1703488315000)/",9050,500,4786900,43057000000,180,true,2.03
"BCG",141105,"/Date(1703488310000)/",9060,100,4786400,43053000000,190,false,2.14
"BCG",141058,"/Date(1703488304000)/",9050,2000,4786300,43052000000,180,true,2.03
"BCG",141045,"/Date(1703488292000)/",9050,700,4784300,43034000000,180,true,2.03
"BCG",141030,"/Date(1703488275000)/",9050,100,4783600,43027000000,180,true,2.03
"BCG",141017,"/Date(1703488261000)/",9060,100,4783500,43026000000,190,false,2.14
"BCG",141010,"/Date(1703488255000)/",9050,1400,4783400,43025000000,180,true,2.03
"BCG",141010,"/Date(1703488255000)/",9050,600,4782000,43013000000,180,true,2.03
"BCG",141007,"/Date(1703488253000)/",9060,2100,4781400,43007000000,190,false,2.14
"BCG",141007,"/Date(1703488253000)/",9060,500,4779300,42988000000,190,false,2.14
"BCG",141007,"/Date(1703488253000)/",9060,400,4778800,42984000000,190,false,2.14
"BCG",140951,"/Date(1703488235000)/",9050,1400,4778400,42980000000,180,true,2.03
"BCG",140951,"/Date(1703488235000)/",9050,6500,4777000,42967000000,180,true,2.03
"BCG",140932,"/Date(1703488217000)/",9060,300,4770500,42909000000,190,false,2.14
"BCG",140929,"/Date(1703488215000)/",9060,200,4770200,42906000000,190,false,2.14
"BCG",140913,"/Date(1703488197000)/",9060,1100,4770000,42904000000,190,false,2.14
"BCG",140844,"/Date(1703488170000)/",9060,3000,4768900,42894000000,190,false,2.14
"BCG",140819,"/Date(1703488145000)/",9060,1000,4765900,42867000000,190,false,2.14
"BCG",140806,"/Date(1703488131000)/",9060,200,4764900,42858000000,190,false,2.14
"BCG",140750,"/Date(1703488114000)/",9050,3500,4764700,42856000000,180,true,2.03
"BCG",140750,"/Date(1703488114000)/",9050,5000,4761200,42824000000,180,true,2.03
"BCG",140750,"/Date(1703488114000)/",9050,1500,4756200,42779000000,180,true,2.03
"BCG",140747,"/Date(1703488111000)/",9060,800,4754700,42766000000,190,false,2.14
"BCG",140747,"/Date(1703488111000)/",9060,4700,4753900,42758000000,190,false,2.14
"BCG",140747,"/Date(1703488111000)/",9050,500,4749200,42716000000,180,true,2.03
"BCG",140744,"/Date(1703488109000)/",9050,200,4748700,42711000000,180,true,2.03
"BCG",140737,"/Date(1703488102000)/",9060,100,4748500,42709000000,190,false,2.14
"BCG",140724,"/Date(1703488090000)/",9050,200,4748400,42708000000,180,true,2.03
"BCG",140724,"/Date(1703488089000)/",9060,200,4748200,42707000000,190,false,2.14
"BCG",140718,"/Date(1703488082000)/",9060,500,4748000,42705000000,190,false,2.14
"BCG",140715,"/Date(1703488080000)/",9060,1500,4747500,42700000000,190,false,2.14
"BCG",140715,"/Date(1703488080000)/",9060,13500,4746000,42687000000,190,false,2.14
"BCG",140705,"/Date(1703488071000)/",9060,2400,4732500,42564000000,190,false,2.14
"BCG",140705,"/Date(1703488070000)/",9060,400,4730100,42543000000,190,false,2.14
"BCG",140656,"/Date(1703488060000)/",9060,100,4729700,42539000000,190,false,2.14
"BCG",140646,"/Date(1703488052000)/",9060,100,4729600,42538000000,190,false,2.14
"BCG",140646,"/Date(1703488052000)/",9060,100,4729500,42537000000,190,false,2.14
"BCG",140643,"/Date(1703488048000)/",9060,10000,4729400,42536000000,190,false,2.14
"BCG",140640,"/Date(1703488044000)/",9060,2000,4719400,42446000000,190,false,2.14
"BCG",140633,"/Date(1703488038000)/",9060,3000,4717400,42428000000,190,false,2.14
"BCG",140555,"/Date(1703487999000)/",9060,500,4714400,42400000000,190,false,2.14
"BCG",140549,"/Date(1703487994000)/",9060,1000,4713900,42396000000,190,false,2.14
"BCG",140546,"/Date(1703487991000)/",9060,1000,4712900,42387000000,190,false,2.14
"BCG",140539,"/Date(1703487983000)/",9060,1000,4711900,42378000000,190,false,2.14
"BCG",140536,"/Date(1703487981000)/",9060,3000,4710900,42369000000,190,true,2.14
"BCG",140536,"/Date(1703487981000)/",9060,3000,4707900,42342000000,190,true,2.14
"BCG",140536,"/Date(1703487981000)/",9060,500,4704900,42314000000,190,true,2.14
"BCG",140536,"/Date(1703487981000)/",9060,1000,4704400,42310000000,190,true,2.14
"BCG",140536,"/Date(1703487981000)/",9060,1000,4703400,42301000000,190,true,2.14
"BCG",140536,"/Date(1703487981000)/",9060,500,4702400,42292000000,190,true,2.14
"BCG",140536,"/Date(1703487981000)/",9060,500,4701900,42287000000,190,true,2.14
"BCG",140536,"/Date(1703487981000)/",9060,2500,4701400,42283000000,190,true,2.14
"BCG",140536,"/Date(1703487980000)/",9060,4500,4698900,42260000000,190,true,2.14
"BCG",140523,"/Date(1703487970000)/",9060,100,4694400,42219000000,190,true,2.14
"BCG",140520,"/Date(1703487964000)/",9060,500,4694300,42218000000,190,true,2.14
"BCG",140507,"/Date(1703487954000)/",9060,500,4693800,42214000000,190,true,2.14
"BCG",140507,"/Date(1703487952000)/",9060,1000,4693300,42209000000,190,true,2.14
"BCG",140458,"/Date(1703487941000)/",9060,600,4692300,42200000000,190,false,2.14
"BCG",140458,"/Date(1703487941000)/",9060,500,4691700,42195000000,190,false,2.14
"BCG",140458,"/Date(1703487941000)/",9060,9800,4691200,42190000000,190,false,2.14
"BCG",140451,"/Date(1703487936000)/",9060,1000,4681400,42101000000,190,false,2.14
"BCG",140448,"/Date(1703487932000)/",9060,1000,4680400,42092000000,190,false,2.14
"BCG",140442,"/Date(1703487927000)/",9050,1600,4679400,42083000000,180,true,2.03
"BCG",140442,"/Date(1703487927000)/",9050,5000,4677800,42069000000,180,true,2.03
"BCG",140442,"/Date(1703487927000)/",9050,1100,4672800,42024000000,180,true,2.03
"BCG",140435,"/Date(1703487922000)/",9060,500,4671700,42014000000,190,false,2.14
"BCG",140429,"/Date(1703487915000)/",9060,500,4671200,42009000000,190,true,2.14
"BCG",140429,"/Date(1703487915000)/",9060,2000,4670700,42005000000,190,true,2.14
"BCG",140429,"/Date(1703487915000)/",9060,2100,4668700,41986000000,190,true,2.14
"BCG",140429,"/Date(1703487915000)/",9060,800,4666600,41967000000,190,true,2.14
"BCG",140429,"/Date(1703487915000)/",9060,100,4665800,41960000000,190,true,2.14
"BCG",140429,"/Date(1703487915000)/",9060,2000,4665700,41959000000,190,true,2.14
"BCG",140429,"/Date(1703487915000)/",9060,100,4663700,41941000000,190,true,2.14
"BCG",140429,"/Date(1703487915000)/",9060,100,4663600,41940000000,190,true,2.14
"BCG",140423,"/Date(1703487908000)/",9070,1500,4663500,41939000000,200,false,2.25
"BCG",140420,"/Date(1703487904000)/",9060,1900,4662000,41926000000,190,true,2.14
"BCG",140410,"/Date(1703487895000)/",9070,500,4660100,41909000000,200,false,2.25
"BCG",140404,"/Date(1703487890000)/",9070,300,4659600,41904000000,200,false,2.25
"BCG",140404,"/Date(1703487888000)/",9070,100,4659300,41901000000,200,false,2.25
"BCG",140354,"/Date(1703487880000)/",9070,100,4659200,41900000000,200,false,2.25
"BCG",140351,"/Date(1703487875000)/",9070,1000,4659100,41899000000,200,false,2.25
"BCG",140348,"/Date(1703487873000)/",9070,100,4658100,41890000000,200,true,2.25
"BCG",140341,"/Date(1703487865000)/",9070,100,4658000,41889000000,200,false,2.25
"BCG",140332,"/Date(1703487856000)/",9070,1000,4657900,41889000000,200,false,2.25
"BCG",140332,"/Date(1703487856000)/",9070,500,4656900,41880000000,200,false,2.25
"BCG",140332,"/Date(1703487856000)/",9070,8000,4656400,41875000000,200,false,2.25
"BCG",140332,"/Date(1703487856000)/",9070,1000,4648400,41802000000,200,false,2.25
"BCG",140332,"/Date(1703487856000)/",9070,1500,4647400,41793000000,200,false,2.25
"BCG",140332,"/Date(1703487856000)/",9070,2000,4645900,41780000000,200,false,2.25
"BCG",140332,"/Date(1703487856000)/",9070,4600,4643900,41762000000,200,false,2.25
"BCG",140332,"/Date(1703487856000)/",9070,200,4639300,41720000000,200,false,2.25
"BCG",140332,"/Date(1703487856000)/",9070,1000,4639100,41718000000,200,false,2.25
"BCG",140332,"/Date(1703487856000)/",9070,100,4638100,41709000000,200,false,2.25
"BCG",140332,"/Date(1703487856000)/",9070,1800,4638000,41708000000,200,false,2.25
"BCG",140332,"/Date(1703487856000)/",9070,500,4636200,41692000000,200,false,2.25
"BCG",140332,"/Date(1703487856000)/",9070,500,4635700,41687000000,200,false,2.25
"BCG",140332,"/Date(1703487856000)/",9070,1000,4635200,41683000000,200,false,2.25
"BCG",140332,"/Date(1703487856000)/",9070,6800,4634200,41674000000,200,false,2.25
"BCG",140329,"/Date(1703487854000)/",9070,600,4627400,41612000000,200,true,2.25
"BCG",140329,"/Date(1703487853000)/",9080,100,4626800,41607000000,210,false,2.37
"BCG",140329,"/Date(1703487853000)/",9080,3300,4626700,41606000000,210,false,2.37
"BCG",140329,"/Date(1703487853000)/",9080,1000,4623400,41576000000,210,false,2.37
"BCG",140329,"/Date(1703487853000)/",9080,600,4622400,41567000000,210,false,2.37
"BCG",140316,"/Date(1703487842000)/",9080,100,4621800,41561000000,210,false,2.37
"BCG",140316,"/Date(1703487840000)/",9070,1000,4621700,41560000000,200,true,2.25
"BCG",140250,"/Date(1703487815000)/",9080,100,4620700,41551000000,210,false,2.37
"BCG",140250,"/Date(1703487815000)/",9080,1000,4620600,41550000000,210,false,2.37
"BCG",140250,"/Date(1703487815000)/",9080,8900,4619600,41541000000,210,false,2.37
"BCG",140247,"/Date(1703487813000)/",9070,2400,4610700,41460000000,200,true,2.25
"BCG",140228,"/Date(1703487793000)/",9080,200,4608300,41439000000,210,false,2.37
"BCG",140222,"/Date(1703487785000)/",9080,4000,4608100,41437000000,210,false,2.37
"BCG",140206,"/Date(1703487770000)/",9080,1200,4604100,41400000000,210,false,2.37
"BCG",140206,"/Date(1703487769000)/",9080,2000,4602900,41390000000,210,false,2.37
"BCG",140202,"/Date(1703487767000)/",9070,500,4600900,41371000000,200,true,2.25
"BCG",140156,"/Date(1703487759000)/",9080,500,4600400,41367000000,210,false,2.37
"BCG",140121,"/Date(1703487726000)/",9080,1000,4599900,41362000000,210,false,2.37
"BCG",140121,"/Date(1703487726000)/",9080,2000,4598900,41353000000,210,false,2.37
"BCG",140118,"/Date(1703487722000)/",9080,200,4596900,41335000000,210,false,2.37
"BCG",140118,"/Date(1703487721000)/",9070,200,4596700,41333000000,200,true,2.25
"BCG",140105,"/Date(1703487708000)/",9080,100,4596500,41331000000,210,false,2.37
"BCG",140059,"/Date(1703487703000)/",9070,5000,4596400,41331000000,200,true,2.25
"BCG",140055,"/Date(1703487700000)/",9080,100,4591400,41285000000,210,false,2.37
"BCG",140055,"/Date(1703487698000)/",9080,3000,4591300,41284000000,210,false,2.37
"BCG",140052,"/Date(1703487695000)/",9080,6800,4588300,41257000000,210,false,2.37
"BCG",140052,"/Date(1703487695000)/",9080,5000,4581500,41195000000,210,false,2.37
"BCG",140052,"/Date(1703487695000)/",9080,1000,4576500,41150000000,210,false,2.37
"BCG",140052,"/Date(1703487695000)/",9080,2500,4575500,41141000000,210,false,2.37
"BCG",140052,"/Date(1703487695000)/",9080,1000,4573000,41118000000,210,false,2.37
"BCG",140052,"/Date(1703487695000)/",9080,900,4572000,41109000000,210,false,2.37
"BCG",140052,"/Date(1703487695000)/",9080,100,4571100,41101000000,210,false,2.37
"BCG",140052,"/Date(1703487695000)/",9080,1000,4571000,41100000000,210,false,2.37
"BCG",140052,"/Date(1703487695000)/",9080,1000,4570000,41091000000,210,false,2.37
"BCG",140052,"/Date(1703487695000)/",9080,5000,4569000,41082000000,210,false,2.37
"BCG",140052,"/Date(1703487695000)/",9080,100,4564000,41036000000,210,false,2.37
"BCG",140052,"/Date(1703487695000)/",9080,100,4563900,41035000000,210,false,2.37
"BCG",140052,"/Date(1703487695000)/",9080,4400,4563800,41035000000,210,false,2.37
"BCG",140052,"/Date(1703487695000)/",9080,100,4559400,40995000000,210,false,2.37
"BCG",140052,"/Date(1703487695000)/",9080,600,4559300,40994000000,210,false,2.37
"BCG",140052,"/Date(1703487695000)/",9080,400,4558700,40988000000,210,false,2.37
"BCG",140049,"/Date(1703487694000)/",9070,5000,4558300,40985000000,200,true,2.25
"BCG",140030,"/Date(1703487674000)/",9080,1000,4553300,40939000000,210,false,2.37
"BCG",140024,"/Date(1703487667000)/",9080,500,4552300,40930000000,210,false,2.37
"BCG",140020,"/Date(1703487666000)/",9080,100,4551800,40926000000,210,false,2.37
"BCG",140020,"/Date(1703487663000)/",9070,500,4551700,40925000000,200,true,2.25
"BCG",140017,"/Date(1703487662000)/",9080,400,4551200,40920000000,210,false,2.37
"BCG",140017,"/Date(1703487662000)/",9080,300,4550800,40917000000,210,false,2.37
"BCG",140001,"/Date(1703487647000)/",9080,100,4550500,40914000000,210,false,2.37
"BCG",135952,"/Date(1703487638000)/",9070,10000,4550400,40913000000,200,false,2.25
"BCG",135952,"/Date(1703487638000)/",9070,100,4540400,40822000000,200,false,2.25
"BCG",135952,"/Date(1703487638000)/",9070,1600,4540300,40821000000,200,false,2.25
"BCG",135952,"/Date(1703487638000)/",9070,5400,4538700,40807000000,200,false,2.25
"BCG",135948,"/Date(1703487632000)/",9060,400,4533300,40758000000,190,true,2.14
"BCG",135948,"/Date(1703487632000)/",9060,1000,4532900,40754000000,190,true,2.14
"BCG",135948,"/Date(1703487632000)/",9060,200,4531900,40745000000,190,true,2.14
"BCG",135939,"/Date(1703487624000)/",9070,100,4531700,40743000000,200,false,2.25
"BCG",135926,"/Date(1703487612000)/",9070,2000,4531600,40742000000,200,false,2.25
"BCG",135926,"/Date(1703487611000)/",9060,100,4529600,40724000000,190,true,2.14
"BCG",135926,"/Date(1703487611000)/",9070,1000,4529500,40723000000,200,false,2.25
"BCG",135923,"/Date(1703487606000)/",9070,400,4528500,40714000000,200,false,2.25
"BCG",135920,"/Date(1703487605000)/",9070,1100,4528100,40711000000,200,false,2.25
"BCG",135920,"/Date(1703487605000)/",9070,200,4527000,40701000000,200,false,2.25
"BCG",135920,"/Date(1703487605000)/",9070,3000,4526800,40699000000,200,false,2.25
"BCG",135920,"/Date(1703487605000)/",9070,1000,4523800,40672000000,200,false,2.25
"BCG",135920,"/Date(1703487605000)/",9070,1700,4522800,40663000000,200,false,2.25
"BCG",135920,"/Date(1703487605000)/",9070,100,4521100,40647000000,200,false,2.25
"BCG",135920,"/Date(1703487604000)/",9070,200,4521000,40646000000,200,false,2.25
"BCG",135920,"/Date(1703487604000)/",9070,3000,4520800,40644000000,200,false,2.25
"BCG",135920,"/Date(1703487604000)/",9070,1000,4517800,40617000000,200,false,2.25
"BCG",135920,"/Date(1703487604000)/",9070,1000,4516800,40608000000,200,false,2.25
"BCG",135920,"/Date(1703487604000)/",9070,400,4515800,40599000000,200,false,2.25
"BCG",135920,"/Date(1703487604000)/",9070,200,4515400,40596000000,200,false,2.25
"BCG",135920,"/Date(1703487604000)/",9070,9000,4515200,40594000000,200,false,2.25
"BCG",135920,"/Date(1703487604000)/",9070,1000,4506200,40512000000,200,false,2.25
"BCG",135920,"/Date(1703487604000)/",9070,500,4505200,40503000000,200,false,2.25
"BCG",135920,"/Date(1703487604000)/",9070,200,4504700,40498000000,200,false,2.25
"BCG",135920,"/Date(1703487604000)/",9070,1000,4504500,40497000000,200,false,2.25
"BCG",135920,"/Date(1703487604000)/",9070,2500,4503500,40488000000,200,false,2.25
"BCG",135857,"/Date(1703487582000)/",9070,500,4501000,40465000000,200,false,2.25
"BCG",135854,"/Date(1703487578000)/",9070,1000,4500500,40460000000,200,false,2.25
"BCG",135848,"/Date(1703487573000)/",9070,1000,4499500,40451000000,200,false,2.25
"BCG",135835,"/Date(1703487561000)/",9070,500,4498500,40442000000,200,false,2.25
"BCG",135819,"/Date(1703487543000)/",9070,100,4498000,40438000000,200,false,2.25
"BCG",135819,"/Date(1703487542000)/",9060,2500,4497900,40437000000,190,true,2.14
"BCG",135816,"/Date(1703487540000)/",9060,3000,4495400,40414000000,190,true,2.14
"BCG",135816,"/Date(1703487540000)/",9060,1000,4492400,40387000000,190,true,2.14
"BCG",135816,"/Date(1703487540000)/",9060,500,4491400,40378000000,190,true,2.14
"BCG",135816,"/Date(1703487540000)/",9060,1000,4490900,40373000000,190,true,2.14
"BCG",135816,"/Date(1703487540000)/",9060,200,4489900,40364000000,190,true,2.14
"BCG",135816,"/Date(1703487540000)/",9060,100,4489700,40362000000,190,true,2.14
"BCG",135813,"/Date(1703487537000)/",9060,900,4489600,40362000000,190,false,2.14
"BCG",135813,"/Date(1703487537000)/",9060,500,4488700,40353000000,190,false,2.14
"BCG",135813,"/Date(1703487537000)/",9060,500,4488200,40349000000,190,false,2.14
"BCG",135813,"/Date(1703487537000)/",9060,500,4487700,40344000000,190,false,2.14
"BCG",135813,"/Date(1703487537000)/",9060,1000,4487200,40340000000,190,false,2.14
"BCG",135813,"/Date(1703487537000)/",9060,1000,4486200,40331000000,190,false,2.14
"BCG",135813,"/Date(1703487537000)/",9060,500,4485200,40322000000,190,false,2.14
"BCG",135813,"/Date(1703487537000)/",9060,100,4484700,40317000000,190,false,2.14
"BCG",135813,"/Date(1703487536000)/",9060,200,4484600,40316000000,190,false,2.14
"BCG",135813,"/Date(1703487536000)/",9060,800,4484400,40314000000,190,false,2.14
"BCG",135813,"/Date(1703487535000)/",9050,20000,4483600,40307000000,180,true,2.03
"BCG",135757,"/Date(1703487521000)/",9050,2000,4463600,40126000000,180,true,2.03
"BCG",135757,"/Date(1703487521000)/",9050,800,4461600,40108000000,180,true,2.03
"BCG",135757,"/Date(1703487521000)/",9050,100,4460800,40101000000,180,true,2.03
"BCG",135757,"/Date(1703487521000)/",9050,10000,4460700,40100000000,180,true,2.03
"BCG",135757,"/Date(1703487521000)/",9050,100,4450700,40009000000,180,true,2.03
"BCG",135757,"/Date(1703487521000)/",9050,500,4450600,40009000000,180,true,2.03
"BCG",135757,"/Date(1703487521000)/",9050,5000,4450100,40004000000,180,true,2.03
"BCG",135757,"/Date(1703487521000)/",9050,2000,4445100,39959000000,180,true,2.03
"BCG",135757,"/Date(1703487521000)/",9050,500,4443100,39941000000,180,true,2.03
"BCG",135757,"/Date(1703487521000)/",9050,4600,4442600,39936000000,180,true,2.03
"BCG",135750,"/Date(1703487515000)/",9050,7000,4438000,39895000000,180,false,2.03
"BCG",135750,"/Date(1703487515000)/",9050,1000,4431000,39831000000,180,false,2.03
"BCG",135750,"/Date(1703487515000)/",9050,200,4430000,39822000000,180,false,2.03
"BCG",135750,"/Date(1703487515000)/",9050,2200,4429800,39820000000,180,false,2.03
"BCG",135750,"/Date(1703487515000)/",9050,100,4427600,39800000000,180,false,2.03
"BCG",135750,"/Date(1703487515000)/",9050,500,4427500,39800000000,180,false,2.03
"BCG",135750,"/Date(1703487515000)/",9050,200,4427000,39795000000,180,false,2.03
"BCG",135750,"/Date(1703487515000)/",9050,3600,4426800,39793000000,180,false,2.03
"BCG",135750,"/Date(1703487515000)/",9050,200,4423200,39761000000,180,false,2.03
"BCG",135744,"/Date(1703487508000)/",9050,800,4423000,39759000000,180,false,2.03
"BCG",135744,"/Date(1703487508000)/",9050,100,4422200,39752000000,180,false,2.03
"BCG",135744,"/Date(1703487508000)/",9050,5000,4422100,39751000000,180,false,2.03
"BCG",135744,"/Date(1703487508000)/",9050,400,4417100,39705000000,180,false,2.03
"BCG",135744,"/Date(1703487508000)/",9050,5000,4416700,39702000000,180,false,2.03
"BCG",135744,"/Date(1703487508000)/",9050,1000,4411700,39657000000,180,false,2.03
"BCG",135744,"/Date(1703487508000)/",9050,7700,4410700,39647000000,180,false,2.03
"BCG",135731,"/Date(1703487495000)/",9040,200,4403000,39578000000,170,true,1.92
"BCG",135728,"/Date(1703487492000)/",9050,1000,4402800,39576000000,180,false,2.03
"BCG",135706,"/Date(1703487469000)/",9050,9300,4401800,39567000000,180,false,2.03
"BCG",135650,"/Date(1703487453000)/",9050,700,4392500,39483000000,180,false,2.03
"BCG",135627,"/Date(1703487431000)/",9040,3000,4391800,39476000000,170,true,1.92
"BCG",135552,"/Date(1703487396000)/",9050,600,4388800,39449000000,180,false,2.03
"BCG",135549,"/Date(1703487393000)/",9050,500,4388200,39444000000,180,false,2.03
"BCG",135539,"/Date(1703487384000)/",9050,2000,4387700,39439000000,180,false,2.03
"BCG",135529,"/Date(1703487373000)/",9050,800,4385700,39421000000,180,false,2.03
"BCG",135517,"/Date(1703487359000)/",9040,2000,4384900,39414000000,170,true,1.92
"BCG",135457,"/Date(1703487341000)/",9050,200,4382900,39396000000,180,false,2.03
"BCG",135454,"/Date(1703487337000)/",9050,100,4382700,39394000000,180,false,2.03
"BCG",135448,"/Date(1703487331000)/",9040,100,4382600,39393000000,170,true,1.92
"BCG",135442,"/Date(1703487326000)/",9040,300,4382500,39392000000,170,true,1.92
"BCG",135429,"/Date(1703487312000)/",9040,2200,4382200,39390000000,170,true,1.92
"BCG",135426,"/Date(1703487310000)/",9050,100,4380000,39370000000,180,false,2.03
"BCG",135422,"/Date(1703487305000)/",9040,1000,4379900,39369000000,170,true,1.92
"BCG",135419,"/Date(1703487303000)/",9040,3000,4378900,39360000000,170,true,1.92
"BCG",135419,"/Date(1703487303000)/",9040,200,4375900,39333000000,170,true,1.92
"BCG",135419,"/Date(1703487303000)/",9040,5300,4375700,39331000000,170,true,1.92
"BCG",135410,"/Date(1703487294000)/",9040,4700,4370400,39283000000,170,false,1.92
"BCG",135410,"/Date(1703487294000)/",9040,300,4365700,39240000000,170,false,1.92
"BCG",135410,"/Date(1703487294000)/",9040,1000,4365400,39238000000,170,false,1.92
"BCG",135410,"/Date(1703487294000)/",9040,500,4364400,39229000000,170,false,1.92
"BCG",135410,"/Date(1703487294000)/",9040,2000,4363900,39224000000,170,false,1.92
"BCG",135410,"/Date(1703487294000)/",9040,100,4361900,39206000000,170,false,1.92
"BCG",135410,"/Date(1703487294000)/",9040,1000,4361800,39205000000,170,false,1.92
"BCG",135410,"/Date(1703487294000)/",9040,500,4360800,39196000000,170,false,1.92
"BCG",135410,"/Date(1703487294000)/",9040,500,4360300,39192000000,170,false,1.92
"BCG",135410,"/Date(1703487294000)/",9040,9400,4359800,39187000000,170,false,1.92
"BCG",135410,"/Date(1703487293000)/",9040,3300,4350400,39102000000,170,false,1.92
"BCG",135403,"/Date(1703487285000)/",9040,10000,4347100,39072000000,170,false,1.92
"BCG",135400,"/Date(1703487284000)/",9040,5000,4337100,38982000000,170,false,1.92
"BCG",135335,"/Date(1703487257000)/",9040,2300,4332100,38937000000,170,false,1.92
"BCG",135335,"/Date(1703487257000)/",9040,100,4329800,38916000000,170,false,1.92
"BCG",135335,"/Date(1703487257000)/",9040,600,4329700,38915000000,170,false,1.92
"BCG",135319,"/Date(1703487243000)/",9040,2500,4329100,38910000000,170,false,1.92
"BCG",135250,"/Date(1703487214000)/",9040,100,4326600,38887000000,170,false,1.92
"BCG",135247,"/Date(1703487211000)/",9030,100,4326500,38886000000,160,true,1.8
"BCG",135240,"/Date(1703487204000)/",9040,6800,4326400,38885000000,170,false,1.92
"BCG",135240,"/Date(1703487204000)/",9040,3200,4319600,38824000000,170,false,1.92
"BCG",135234,"/Date(1703487198000)/",9030,500,4316400,38795000000,160,true,1.8
"BCG",135228,"/Date(1703487191000)/",9040,100,4315900,38790000000,170,false,1.92
"BCG",135221,"/Date(1703487186000)/",9030,1000,4315800,38789000000,160,true,1.8
"BCG",135221,"/Date(1703487186000)/",9030,1000,4314800,38780000000,160,true,1.8
"BCG",135221,"/Date(1703487186000)/",9030,1000,4313800,38771000000,160,true,1.8
"BCG",135221,"/Date(1703487186000)/",9030,6100,4312800,38762000000,160,true,1.8
"BCG",135221,"/Date(1703487185000)/",9030,400,4306700,38707000000,160,true,1.8
"BCG",135218,"/Date(1703487182000)/",9030,500,4306300,38704000000,160,false,1.8
"BCG",135218,"/Date(1703487182000)/",9030,1000,4305800,38699000000,160,false,1.8
"BCG",135218,"/Date(1703487182000)/",9030,200,4304800,38690000000,160,false,1.8
"BCG",135218,"/Date(1703487182000)/",9030,200,4304600,38688000000,160,false,1.8
"BCG",135218,"/Date(1703487182000)/",9030,1000,4304400,38686000000,160,false,1.8
"BCG",135218,"/Date(1703487182000)/",9030,400,4303400,38677000000,160,false,1.8
"BCG",135218,"/Date(1703487182000)/",9030,100,4303000,38674000000,160,false,1.8
"BCG",135218,"/Date(1703487182000)/",9030,400,4302900,38673000000,160,false,1.8
"BCG",135218,"/Date(1703487182000)/",9030,200,4302500,38669000000,160,false,1.8
"BCG",135215,"/Date(1703487180000)/",9030,1000,4302300,38667000000,160,false,1.8
"BCG",135205,"/Date(1703487169000)/",9030,100,4301300,38658000000,160,false,1.8
"BCG",135202,"/Date(1703487165000)/",9020,1000,4301200,38658000000,150,true,1.69
"BCG",135159,"/Date(1703487162000)/",9030,100,4300200,38649000000,160,false,1.8
"BCG",135152,"/Date(1703487156000)/",9020,200,4300100,38648000000,150,true,1.69
"BCG",135152,"/Date(1703487156000)/",9020,1700,4299900,38646000000,150,true,1.69
"BCG",135149,"/Date(1703487153000)/",9020,1000,4298200,38630000000,150,false,1.69
"BCG",135146,"/Date(1703487150000)/",9020,2000,4297200,38621000000,150,false,1.69
"BCG",135146,"/Date(1703487149000)/",9020,500,4295200,38603000000,150,false,1.69
"BCG",135139,"/Date(1703487143000)/",9020,200,4294700,38599000000,150,false,1.69
"BCG",135055,"/Date(1703487099000)/",9020,500,4294500,38597000000,150,false,1.69
"BCG",135048,"/Date(1703487093000)/",9020,500,4294000,38593000000,150,false,1.69
"BCG",135045,"/Date(1703487090000)/",9020,500,4293500,38588000000,150,false,1.69
"BCG",135033,"/Date(1703487077000)/",9020,5000,4293000,38584000000,150,false,1.69
"BCG",135033,"/Date(1703487077000)/",9020,600,4288000,38538000000,150,false,1.69
"BCG",135033,"/Date(1703487077000)/",9020,700,4287400,38533000000,150,false,1.69
"BCG",135017,"/Date(1703487061000)/",9020,500,4286700,38527000000,150,true,1.69
"BCG",135013,"/Date(1703487057000)/",9020,1400,4286200,38522000000,150,true,1.69
"BCG",135013,"/Date(1703487057000)/",9020,1000,4284800,38510000000,150,true,1.69
"BCG",135013,"/Date(1703487057000)/",9020,400,4283800,38501000000,150,true,1.69
"BCG",135013,"/Date(1703487057000)/",9020,1000,4283400,38497000000,150,true,1.69
"BCG",134954,"/Date(1703487037000)/",9020,100,4282400,38488000000,150,false,1.69
"BCG",134954,"/Date(1703487037000)/",9020,300,4282300,38487000000,150,false,1.69
"BCG",134935,"/Date(1703487019000)/",9010,300,4282000,38484000000,140,true,1.58
"BCG",134935,"/Date(1703487019000)/",9010,1300,4281700,38482000000,140,true,1.58
"BCG",134935,"/Date(1703487019000)/",9020,400,4280400,38470000000,150,true,1.69
"BCG",134932,"/Date(1703487016000)/",9020,100,4280000,38466000000,150,false,1.69
"BCG",134932,"/Date(1703487015000)/",9020,500,4279900,38465000000,150,false,1.69
"BCG",134900,"/Date(1703486983000)/",9010,1000,4279400,38461000000,140,true,1.58
"BCG",134857,"/Date(1703486981000)/",9010,7700,4278400,38452000000,140,true,1.58
"BCG",134831,"/Date(1703486954000)/",9020,1000,4270700,38383000000,150,false,1.69
"BCG",134812,"/Date(1703486935000)/",9020,500,4269700,38373000000,150,false,1.69
"BCG",134812,"/Date(1703486935000)/",9020,300,4269200,38369000000,150,false,1.69
"BCG",134812,"/Date(1703486935000)/",9020,2000,4268900,38366000000,150,false,1.69
"BCG",134812,"/Date(1703486935000)/",9020,500,4266900,38348000000,150,false,1.69
"BCG",134812,"/Date(1703486935000)/",9020,100,4266400,38344000000,150,false,1.69
"BCG",134812,"/Date(1703486935000)/",9020,5000,4266300,38343000000,150,false,1.69
"BCG",134812,"/Date(1703486935000)/",9020,300,4261300,38298000000,150,false,1.69
"BCG",134812,"/Date(1703486935000)/",9020,1900,4261000,38295000000,150,false,1.69
"BCG",134812,"/Date(1703486935000)/",9020,1200,4259100,38278000000,150,false,1.69
"BCG",134812,"/Date(1703486935000)/",9020,2000,4257900,38267000000,150,false,1.69
"BCG",134812,"/Date(1703486935000)/",9020,1000,4255900,38249000000,150,false,1.69
"BCG",134812,"/Date(1703486935000)/",9020,500,4254900,38240000000,150,false,1.69
"BCG",134812,"/Date(1703486935000)/",9020,500,4254400,38235000000,150,false,1.69
"BCG",134812,"/Date(1703486935000)/",9020,500,4253900,38231000000,150,false,1.69
"BCG",134812,"/Date(1703486935000)/",9020,2000,4253400,38226000000,150,false,1.69
"BCG",134812,"/Date(1703486935000)/",9020,100,4251400,38208000000,150,false,1.69
"BCG",134812,"/Date(1703486935000)/",9020,100,4251300,38208000000,150,false,1.69
"BCG",134800,"/Date(1703486923000)/",9020,400,4251200,38207000000,150,true,1.69
"BCG",134800,"/Date(1703486923000)/",9020,100,4250800,38203000000,150,true,1.69
"BCG",134737,"/Date(1703486900000)/",9020,1000,4250700,38202000000,150,true,1.69
"BCG",134728,"/Date(1703486890000)/",9030,100,4249700,38193000000,160,false,1.8
"BCG",134721,"/Date(1703486884000)/",9020,2100,4249600,38192000000,150,true,1.69
"BCG",134659,"/Date(1703486861000)/",9030,100,4247500,38173000000,160,false,1.8
"BCG",134630,"/Date(1703486834000)/",9020,200,4247400,38172000000,150,true,1.69
"BCG",134602,"/Date(1703486803000)/",9030,100,4247200,38171000000,160,false,1.8
"BCG",134539,"/Date(1703486782000)/",9020,1100,4247100,38170000000,150,true,1.69
"BCG",134539,"/Date(1703486781000)/",9020,1000,4246000,38160000000,150,true,1.69
"BCG",134520,"/Date(1703486762000)/",9030,100,4245000,38151000000,160,false,1.8
"BCG",134458,"/Date(1703486741000)/",9020,4500,4244900,38150000000,150,true,1.69
"BCG",134458,"/Date(1703486741000)/",9020,500,4240400,38109000000,150,true,1.69
"BCG",134351,"/Date(1703486675000)/",9030,200,4239900,38105000000,160,false,1.8
"BCG",134341,"/Date(1703486664000)/",9030,200,4239700,38103000000,160,false,1.8
"BCG",134338,"/Date(1703486661000)/",9030,7800,4239500,38101000000,160,false,1.8
"BCG",134338,"/Date(1703486661000)/",9030,1000,4231700,38031000000,160,false,1.8
"BCG",134338,"/Date(1703486661000)/",9030,500,4230700,38022000000,160,false,1.8
"BCG",134338,"/Date(1703486661000)/",9030,500,4230200,38017000000,160,false,1.8
"BCG",134338,"/Date(1703486661000)/",9030,2200,4229700,38013000000,160,false,1.8
"BCG",134335,"/Date(1703486656000)/",9030,3800,4227500,37993000000,160,false,1.8
"BCG",134329,"/Date(1703486651000)/",9030,100,4223700,37958000000,160,false,1.8
"BCG",134212,"/Date(1703486573000)/",9030,500,4223600,37958000000,160,false,1.8
"BCG",134105,"/Date(1703486509000)/",9030,100,4223100,37953000000,160,true,1.8
"BCG",134105,"/Date(1703486509000)/",9030,300,4223000,37952000000,160,true,1.8
"BCG",134105,"/Date(1703486509000)/",9030,100,4222700,37949000000,160,true,1.8
"BCG",134105,"/Date(1703486509000)/",9030,200,4222600,37948000000,160,true,1.8
"BCG",134105,"/Date(1703486509000)/",9030,2700,4222400,37947000000,160,true,1.8
"BCG",134105,"/Date(1703486506000)/",9030,300,4219700,37922000000,160,true,1.8
"BCG",134105,"/Date(1703486506000)/",9030,400,4219400,37920000000,160,true,1.8
"BCG",134059,"/Date(1703486502000)/",9030,100,4219000,37916000000,160,true,1.8
"BCG",134059,"/Date(1703486502000)/",9030,100,4218900,37915000000,160,true,1.8
"BCG",134059,"/Date(1703486500000)/",9030,900,4218800,37914000000,160,true,1.8
"BCG",134059,"/Date(1703486500000)/",9030,1000,4217900,37906000000,160,true,1.8
"BCG",134059,"/Date(1703486500000)/",9030,1000,4216900,37897000000,160,true,1.8
"BCG",134059,"/Date(1703486500000)/",9030,100,4215900,37888000000,160,true,1.8
"BCG",134055,"/Date(1703486498000)/",9030,100,4215800,37887000000,160,true,1.8
"BCG",134055,"/Date(1703486498000)/",9030,5000,4215700,37886000000,160,true,1.8
"BCG",134055,"/Date(1703486498000)/",9030,5000,4210700,37841000000,160,true,1.8
"BCG",134055,"/Date(1703486498000)/",9030,1900,4205700,37796000000,160,true,1.8
"BCG",134052,"/Date(1703486494000)/",9030,200,4203800,37779000000,160,true,1.8
"BCG",134043,"/Date(1703486484000)/",9040,10000,4203600,37777000000,170,false,1.92
"BCG",134033,"/Date(1703486474000)/",9030,100,4193600,37687000000,160,true,1.8
"BCG",133949,"/Date(1703486431000)/",9030,5000,4193500,37686000000,160,true,1.8
"BCG",133949,"/Date(1703486430000)/",9040,200,4188500,37640000000,170,false,1.92
"BCG",133933,"/Date(1703486414000)/",9030,1000,4188300,37639000000,160,true,1.8
"BCG",133917,"/Date(1703486397000)/",9040,2500,4187300,37630000000,170,true,1.92
"BCG",133917,"/Date(1703486397000)/",9040,500,4184800,37607000000,170,true,1.92
"BCG",133917,"/Date(1703486397000)/",9040,4000,4184300,37602000000,170,true,1.92
"BCG",133917,"/Date(1703486397000)/",9040,100,4180300,37566000000,170,true,1.92
"BCG",133917,"/Date(1703486397000)/",9040,4200,4180200,37565000000,170,true,1.92
"BCG",133917,"/Date(1703486397000)/",9040,2000,4176000,37527000000,170,true,1.92
"BCG",133914,"/Date(1703486396000)/",9040,200,4174000,37509000000,170,true,1.92
"BCG",133901,"/Date(1703486381000)/",9040,5000,4173800,37508000000,170,true,1.92
"BCG",133842,"/Date(1703486364000)/",9040,500,4168800,37462000000,170,false,1.92
"BCG",133725,"/Date(1703486287000)/",9050,7000,4168300,37458000000,180,false,2.03
"BCG",133725,"/Date(1703486287000)/",9050,5000,4161300,37395000000,180,false,2.03
"BCG",133725,"/Date(1703486287000)/",9050,300,4156300,37349000000,180,false,2.03
"BCG",133725,"/Date(1703486287000)/",9050,1000,4156000,37347000000,180,false,2.03
"BCG",133725,"/Date(1703486287000)/",9040,10000,4155000,37337000000,170,false,1.92
"BCG",133725,"/Date(1703486287000)/",9040,6700,4145000,37247000000,170,false,1.92
"BCG",133706,"/Date(1703486267000)/",9040,100,4138300,37187000000,170,false,1.92
"BCG",133703,"/Date(1703486266000)/",9040,1000,4138200,37186000000,170,false,1.92
"BCG",133650,"/Date(1703486252000)/",9040,500,4137200,37177000000,170,false,1.92
"BCG",133540,"/Date(1703486181000)/",9040,200,4136700,37172000000,170,false,1.92
"BCG",133540,"/Date(1703486181000)/",9040,900,4136500,37170000000,170,false,1.92
"BCG",133540,"/Date(1703486181000)/",9040,700,4135600,37162000000,170,false,1.92
"BCG",133540,"/Date(1703486181000)/",9040,3000,4134900,37156000000,170,false,1.92
"BCG",133540,"/Date(1703486181000)/",9040,1000,4131900,37129000000,170,false,1.92
"BCG",133540,"/Date(1703486181000)/",9040,900,4130900,37120000000,170,false,1.92
"BCG",133530,"/Date(1703486172000)/",9040,100,4130000,37111000000,170,true,1.92
"BCG",133530,"/Date(1703486172000)/",9040,200,4129900,37111000000,170,true,1.92
"BCG",133530,"/Date(1703486172000)/",9040,200,4129700,37109000000,170,true,1.92
"BCG",133527,"/Date(1703486169000)/",9040,800,4129500,37107000000,170,true,1.92
"BCG",133527,"/Date(1703486169000)/",9040,400,4128700,37100000000,170,true,1.92
"BCG",133502,"/Date(1703486142000)/",9050,2700,4128300,37096000000,180,false,2.03
"BCG",133502,"/Date(1703486142000)/",9050,200,4125600,37072000000,180,false,2.03
"BCG",133502,"/Date(1703486142000)/",9050,500,4125400,37070000000,180,false,2.03
"BCG",133502,"/Date(1703486142000)/",9050,100,4124900,37065000000,180,false,2.03
"BCG",133502,"/Date(1703486142000)/",9050,1500,4124800,37064000000,180,false,2.03
"BCG",133458,"/Date(1703486140000)/",9040,600,4123300,37051000000,170,true,1.92
"BCG",133458,"/Date(1703486140000)/",9040,400,4122700,37045000000,170,true,1.92
"BCG",133414,"/Date(1703486096000)/",9050,400,4122300,37042000000,180,false,2.03
"BCG",133414,"/Date(1703486095000)/",9050,100,4121900,37038000000,180,false,2.03
"BCG",133401,"/Date(1703486082000)/",9050,100,4121800,37037000000,180,false,2.03
"BCG",133335,"/Date(1703486058000)/",9050,400,4121700,37036000000,180,true,2.03
"BCG",133335,"/Date(1703486058000)/",9050,1000,4121300,37033000000,180,true,2.03
"BCG",133329,"/Date(1703486052000)/",9050,1000,4120300,37024000000,180,true,2.03
"BCG",133329,"/Date(1703486049000)/",9050,5000,4119300,37015000000,180,true,2.03
"BCG",133329,"/Date(1703486049000)/",9050,4000,4114300,36969000000,180,true,2.03
"BCG",133320,"/Date(1703486040000)/",9050,600,4110300,36933000000,180,true,2.03
"BCG",133320,"/Date(1703486040000)/",9050,1100,4109700,36928000000,180,true,2.03
"BCG",133300,"/Date(1703486022000)/",9050,500,4108600,36918000000,180,true,2.03
"BCG",133300,"/Date(1703486022000)/",9050,100,4108100,36913000000,180,true,2.03
"BCG",133300,"/Date(1703486022000)/",9050,1400,4108000,36912000000,180,true,2.03
"BCG",133300,"/Date(1703486022000)/",9050,200,4106600,36900000000,180,true,2.03
"BCG",133300,"/Date(1703486022000)/",9050,100,4106400,36898000000,180,true,2.03
"BCG",133300,"/Date(1703486022000)/",9050,500,4106300,36897000000,180,true,2.03
"BCG",133300,"/Date(1703486022000)/",9050,100,4105800,36893000000,180,true,2.03
"BCG",133300,"/Date(1703486022000)/",9050,1100,4105700,36892000000,180,true,2.03
"BCG",133244,"/Date(1703486004000)/",9040,4700,4104600,36882000000,170,true,1.92
"BCG",133244,"/Date(1703486004000)/",9040,2000,4099900,36839000000,170,true,1.92
"BCG",133244,"/Date(1703486004000)/",9040,2200,4097900,36821000000,170,true,1.92
"BCG",133244,"/Date(1703486004000)/",9040,1100,4095700,36801000000,170,true,1.92
"BCG",133235,"/Date(1703485998000)/",9050,1000,4094600,36791000000,180,false,2.03
"BCG",133229,"/Date(1703485989000)/",9040,100,4093600,36782000000,170,true,1.92
"BCG",133229,"/Date(1703485989000)/",9040,900,4093500,36781000000,170,true,1.92
"BCG",133225,"/Date(1703485986000)/",9050,100,4092600,36773000000,180,false,2.03
"BCG",133222,"/Date(1703485983000)/",9050,3800,4092500,36772000000,180,false,2.03
"BCG",133222,"/Date(1703485983000)/",9050,200,4088700,36738000000,180,false,2.03
"BCG",133222,"/Date(1703485983000)/",9050,2500,4088500,36736000000,180,false,2.03
"BCG",133122,"/Date(1703485924000)/",9050,1000,4086000,36713000000,180,false,2.03
"BCG",133050,"/Date(1703485889000)/",9050,300,4085000,36704000000,180,false,2.03
"BCG",133043,"/Date(1703485883000)/",9050,4000,4084700,36702000000,180,false,2.03
"BCG",133024,"/Date(1703485867000)/",9050,200,4080700,36665000000,180,false,2.03
"BCG",133011,"/Date(1703485853000)/",9050,1000,4080500,36664000000,180,false,2.03
"BCG",133005,"/Date(1703485845000)/",9050,100,4079500,36655000000,180,false,2.03
"BCG",132949,"/Date(1703485829000)/",9050,900,4079400,36654000000,180,false,2.03
"BCG",132940,"/Date(1703485820000)/",9050,100,4078500,36646000000,180,true,2.03
"BCG",132933,"/Date(1703485814000)/",9050,1300,4078400,36645000000,180,true,2.03
"BCG",132930,"/Date(1703485812000)/",9050,2700,4077100,36633000000,180,true,2.03
"BCG",132930,"/Date(1703485811000)/",9050,300,4074400,36608000000,180,true,2.03
"BCG",132930,"/Date(1703485811000)/",9050,700,4074100,36606000000,180,true,2.03
"BCG",132924,"/Date(1703485804000)/",9050,200,4073400,36599000000,180,true,2.03
"BCG",132924,"/Date(1703485804000)/",9050,100,4073200,36598000000,180,true,2.03
"BCG",132901,"/Date(1703485782000)/",9050,4900,4073100,36597000000,180,true,2.03
"BCG",132901,"/Date(1703485782000)/",9050,3000,4068200,36552000000,180,true,2.03
"BCG",132901,"/Date(1703485782000)/",9050,5000,4065200,36525000000,180,true,2.03
"BCG",132901,"/Date(1703485782000)/",9050,1000,4060200,36480000000,180,true,2.03
"BCG",132901,"/Date(1703485782000)/",9050,100,4059200,36471000000,180,true,2.03
"BCG",132901,"/Date(1703485782000)/",9050,25000,4059100,36470000000,180,true,2.03
"BCG",132801,"/Date(1703485721000)/",9070,1000,4034100,36244000000,200,false,2.25
"BCG",132758,"/Date(1703485719000)/",9070,1600,4033100,36235000000,200,false,2.25
"BCG",132758,"/Date(1703485718000)/",9070,200,4031500,36220000000,200,false,2.25
"BCG",132754,"/Date(1703485716000)/",9070,500,4031300,36218000000,200,true,2.25
"BCG",132751,"/Date(1703485713000)/",9070,1000,4030800,36214000000,200,false,2.25
"BCG",132751,"/Date(1703485711000)/",9070,200,4029800,36205000000,200,false,2.25
"BCG",132751,"/Date(1703485711000)/",9070,1000,4029600,36203000000,200,false,2.25
"BCG",132751,"/Date(1703485711000)/",9070,500,4028600,36194000000,200,false,2.25
"BCG",132745,"/Date(1703485704000)/",9070,100,4028100,36189000000,200,false,2.25
"BCG",132729,"/Date(1703485691000)/",9070,4400,4028000,36188000000,200,false,2.25
"BCG",132729,"/Date(1703485691000)/",9070,600,4023600,36148000000,200,false,2.25
"BCG",132729,"/Date(1703485690000)/",9070,400,4023000,36143000000,200,false,2.25
"BCG",132726,"/Date(1703485688000)/",9070,500,4022600,36139000000,200,false,2.25
"BCG",132726,"/Date(1703485688000)/",9070,100,4022100,36135000000,200,false,2.25
"BCG",132726,"/Date(1703485688000)/",9070,800,4022000,36134000000,200,false,2.25
"BCG",132726,"/Date(1703485688000)/",9070,3600,4021200,36127000000,200,false,2.25
"BCG",132719,"/Date(1703485679000)/",9070,1400,4017600,36094000000,200,false,2.25
"BCG",132719,"/Date(1703485679000)/",9070,100,4016200,36081000000,200,false,2.25
"BCG",132719,"/Date(1703485679000)/",9070,8800,4016100,36080000000,200,false,2.25
"BCG",132719,"/Date(1703485679000)/",9070,500,4007300,36001000000,200,false,2.25
"BCG",132719,"/Date(1703485679000)/",9070,1000,4006800,35996000000,200,false,2.25
"BCG",132719,"/Date(1703485679000)/",9070,1000,4005800,35987000000,200,false,2.25
"BCG",132719,"/Date(1703485679000)/",9070,3300,4004800,35978000000,200,false,2.25
"BCG",132713,"/Date(1703485673000)/",9050,65300,4001500,35948000000,180,true,2.03
"BCG",132713,"/Date(1703485673000)/",9060,300,3936200,35357000000,190,true,2.14
"BCG",132713,"/Date(1703485673000)/",9060,20000,3935900,35354000000,190,true,2.14
"BCG",132713,"/Date(1703485673000)/",9060,10000,3915900,35173000000,190,true,2.14
"BCG",132713,"/Date(1703485673000)/",9060,4400,3905900,35083000000,190,true,2.14
"BCG",132657,"/Date(1703485658000)/",9070,100,3901500,35043000000,200,false,2.25
"BCG",132644,"/Date(1703485646000)/",9060,100,3901400,35042000000,190,true,2.14
"BCG",132641,"/Date(1703485642000)/",9060,500,3901300,35041000000,190,true,2.14
"BCG",132641,"/Date(1703485642000)/",9060,300,3900800,35036000000,190,true,2.14
"BCG",132641,"/Date(1703485641000)/",9060,200,3900500,35034000000,190,true,2.14
"BCG",132641,"/Date(1703485641000)/",9060,1000,3900300,35032000000,190,true,2.14
"BCG",132638,"/Date(1703485640000)/",9060,2500,3899300,35023000000,190,false,2.14
"BCG",132635,"/Date(1703485637000)/",9060,1000,3896800,35000000000,190,false,2.14
"BCG",132635,"/Date(1703485637000)/",9060,400,3895800,34991000000,190,false,2.14
"BCG",132635,"/Date(1703485637000)/",9060,2000,3895400,34987000000,190,false,2.14
"BCG",132635,"/Date(1703485637000)/",9060,500,3893400,34969000000,190,false,2.14
"BCG",132635,"/Date(1703485637000)/",9060,1100,3892900,34965000000,190,false,2.14
"BCG",132635,"/Date(1703485635000)/",9060,100,3891800,34955000000,190,false,2.14
"BCG",132635,"/Date(1703485635000)/",9060,15000,3891700,34954000000,190,false,2.14
"BCG",132632,"/Date(1703485633000)/",9060,10000,3876700,34818000000,190,false,2.14
"BCG",132632,"/Date(1703485631000)/",9060,1000,3866700,34727000000,190,false,2.14
"BCG",132628,"/Date(1703485628000)/",9060,500,3865700,34718000000,190,false,2.14
"BCG",132625,"/Date(1703485626000)/",9060,2300,3865200,34714000000,190,false,2.14
"BCG",132625,"/Date(1703485626000)/",9060,500,3862900,34693000000,190,false,2.14
"BCG",132625,"/Date(1703485626000)/",9060,5200,3862400,34688000000,190,false,2.14
"BCG",132625,"/Date(1703485625000)/",9060,5000,3857200,34641000000,190,false,2.14
"BCG",132625,"/Date(1703485625000)/",9060,2000,3852200,34596000000,190,false,2.14
"BCG",132622,"/Date(1703485624000)/",9060,600,3850200,34578000000,190,false,2.14
"BCG",132622,"/Date(1703485622000)/",9060,400,3849600,34572000000,190,false,2.14
"BCG",132616,"/Date(1703485615000)/",9060,500,3849200,34569000000,190,false,2.14
"BCG",132616,"/Date(1703485615000)/",9060,400,3848700,34564000000,190,false,2.14
"BCG",132612,"/Date(1703485614000)/",9060,1000,3848300,34561000000,190,false,2.14
"BCG",132609,"/Date(1703485611000)/",9060,900,3847300,34552000000,190,false,2.14
"BCG",132609,"/Date(1703485611000)/",9060,100,3846400,34543000000,190,false,2.14
"BCG",132609,"/Date(1703485611000)/",9060,100,3846300,34543000000,190,false,2.14
"BCG",132609,"/Date(1703485611000)/",9060,1900,3846200,34542000000,190,false,2.14
"BCG",132609,"/Date(1703485609000)/",9060,200,3844300,34524000000,190,false,2.14
"BCG",132556,"/Date(1703485598000)/",9060,1100,3844100,34523000000,190,false,2.14
"BCG",132537,"/Date(1703485579000)/",9050,200,3843000,34513000000,180,false,2.03
"BCG",132537,"/Date(1703485579000)/",9050,1000,3842800,34511000000,180,false,2.03
"BCG",132537,"/Date(1703485579000)/",9050,10000,3841800,34502000000,180,false,2.03
"BCG",132537,"/Date(1703485579000)/",9050,100,3831800,34411000000,180,false,2.03
"BCG",132537,"/Date(1703485579000)/",9050,100,3831700,34410000000,180,false,2.03
"BCG",132537,"/Date(1703485579000)/",9050,5000,3831600,34410000000,180,false,2.03
"BCG",132537,"/Date(1703485579000)/",9050,200,3826600,34364000000,180,false,2.03
"BCG",132537,"/Date(1703485579000)/",9050,100,3826400,34362000000,180,false,2.03
"BCG",132537,"/Date(1703485579000)/",9050,2000,3826300,34362000000,180,false,2.03
"BCG",132537,"/Date(1703485579000)/",9050,3700,3824300,34343000000,180,false,2.03
"BCG",132537,"/Date(1703485579000)/",9050,200,3820600,34310000000,180,false,2.03
"BCG",132537,"/Date(1703485579000)/",9050,500,3820400,34308000000,180,false,2.03
"BCG",132537,"/Date(1703485579000)/",9050,500,3819900,34304000000,180,false,2.03
"BCG",132537,"/Date(1703485579000)/",9050,100,3819400,34299000000,180,false,2.03
"BCG",132537,"/Date(1703485579000)/",9050,6000,3819300,34298000000,180,false,2.03
"BCG",132537,"/Date(1703485577000)/",9050,1000,3813300,34244000000,180,false,2.03
"BCG",132534,"/Date(1703485574000)/",9050,100,3812300,34235000000,180,false,2.03
"BCG",132534,"/Date(1703485574000)/",9050,1000,3812200,34234000000,180,false,2.03
"BCG",132534,"/Date(1703485574000)/",9050,25000,3811200,34225000000,180,false,2.03
"BCG",132534,"/Date(1703485574000)/",9050,1000,3786200,33999000000,180,false,2.03
"BCG",132534,"/Date(1703485574000)/",9050,100,3785200,33990000000,180,false,2.03
"BCG",132534,"/Date(1703485574000)/",9050,1000,3785100,33989000000,180,false,2.03
"BCG",132534,"/Date(1703485574000)/",9050,1000,3784100,33980000000,180,false,2.03
"BCG",132534,"/Date(1703485574000)/",9050,20800,3783100,33971000000,180,false,2.03
"BCG",132531,"/Date(1703485572000)/",9050,300,3762300,33782000000,180,false,2.03
"BCG",132528,"/Date(1703485567000)/",9050,200,3762000,33780000000,180,false,2.03
"BCG",132505,"/Date(1703485545000)/",9050,100,3761800,33778000000,180,false,2.03
"BCG",132443,"/Date(1703485522000)/",9050,500,3761700,33777000000,180,false,2.03
"BCG",132421,"/Date(1703485501000)/",9050,5000,3761200,33772000000,180,false,2.03
"BCG",132402,"/Date(1703485481000)/",9040,500,3756200,33727000000,170,true,1.92
"BCG",132358,"/Date(1703485478000)/",9050,3100,3755700,33723000000,180,false,2.03
"BCG",132358,"/Date(1703485478000)/",9050,10000,3752600,33695000000,180,false,2.03
"BCG",132358,"/Date(1703485478000)/",9050,100,3742600,33604000000,180,false,2.03
"BCG",132358,"/Date(1703485478000)/",9050,100,3742500,33603000000,180,false,2.03
"BCG",132358,"/Date(1703485478000)/",9050,1700,3742400,33602000000,180,false,2.03
"BCG",132355,"/Date(1703485476000)/",9040,3000,3740700,33587000000,170,true,1.92
"BCG",132336,"/Date(1703485457000)/",9040,400,3737700,33560000000,170,true,1.92
"BCG",132336,"/Date(1703485457000)/",9040,2000,3737300,33556000000,170,true,1.92
"BCG",132311,"/Date(1703485431000)/",9040,200,3735300,33538000000,170,true,1.92
"BCG",132311,"/Date(1703485431000)/",9040,2800,3735100,33536000000,170,true,1.92
"BCG",132229,"/Date(1703485390000)/",9040,200,3732300,33511000000,170,true,1.92
"BCG",132220,"/Date(1703485379000)/",9040,200,3732100,33509000000,170,true,1.92
"BCG",132216,"/Date(1703485377000)/",9050,2300,3731900,33507000000,180,false,2.03
"BCG",132216,"/Date(1703485377000)/",9050,200,3729600,33487000000,180,false,2.03
"BCG",132216,"/Date(1703485377000)/",9050,2500,3729400,33485000000,180,false,2.03
"BCG",132210,"/Date(1703485371000)/",9050,500,3726900,33462000000,180,false,2.03
"BCG",132210,"/Date(1703485371000)/",9050,500,3726400,33458000000,180,false,2.03
"BCG",132210,"/Date(1703485371000)/",9050,1000,3725900,33453000000,180,false,2.03
"BCG",132207,"/Date(1703485367000)/",9040,5000,3724900,33444000000,170,true,1.92
"BCG",132148,"/Date(1703485346000)/",9040,2000,3719900,33399000000,170,true,1.92
"BCG",132106,"/Date(1703485305000)/",9040,300,3717900,33381000000,170,false,1.92
"BCG",132106,"/Date(1703485305000)/",9040,3100,3717600,33378000000,170,false,1.92
"BCG",132106,"/Date(1703485305000)/",9040,1000,3714500,33350000000,170,false,1.92
"BCG",132106,"/Date(1703485305000)/",9040,5300,3713500,33341000000,170,false,1.92
"BCG",132106,"/Date(1703485305000)/",9040,100,3708200,33293000000,170,false,1.92
"BCG",132050,"/Date(1703485290000)/",9040,4700,3708100,33292000000,170,false,1.92
"BCG",132050,"/Date(1703485289000)/",9030,300,3703400,33250000000,160,true,1.8
"BCG",132047,"/Date(1703485288000)/",9040,100,3703100,33247000000,170,false,1.92
"BCG",132047,"/Date(1703485287000)/",9040,100,3703000,33246000000,170,false,1.92
"BCG",132038,"/Date(1703485277000)/",9030,200,3702900,33245000000,160,true,1.8
"BCG",132031,"/Date(1703485271000)/",9030,100,3702700,33243000000,160,true,1.8
"BCG",132028,"/Date(1703485268000)/",9040,5000,3702600,33242000000,170,false,1.92
"BCG",132003,"/Date(1703485243000)/",9040,100,3697600,33197000000,170,false,1.92
"BCG",131959,"/Date(1703485240000)/",9040,1000,3697500,33196000000,170,false,1.92
"BCG",131959,"/Date(1703485240000)/",9040,300,3696500,33187000000,170,false,1.92
"BCG",131959,"/Date(1703485240000)/",9040,300,3696200,33185000000,170,false,1.92
"BCG",131959,"/Date(1703485240000)/",9040,400,3695900,33182000000,170,false,1.92
"BCG",131953,"/Date(1703485233000)/",9040,300,3695500,33178000000,170,false,1.92
"BCG",131915,"/Date(1703485195000)/",9040,100,3695200,33175000000,170,false,1.92
"BCG",131846,"/Date(1703485165000)/",9040,9200,3695100,33175000000,170,false,1.92
"BCG",131840,"/Date(1703485158000)/",9040,200,3685900,33091000000,170,true,1.92
"BCG",131827,"/Date(1703485148000)/",9040,100,3685700,33090000000,170,false,1.92
"BCG",131827,"/Date(1703485148000)/",9040,500,3685600,33089000000,170,false,1.92
"BCG",131821,"/Date(1703485141000)/",9040,1000,3685100,33084000000,170,false,1.92
"BCG",131821,"/Date(1703485141000)/",9040,800,3684100,33075000000,170,false,1.92
"BCG",131811,"/Date(1703485131000)/",9040,200,3683300,33068000000,170,true,1.92
"BCG",131811,"/Date(1703485131000)/",9040,100,3683100,33066000000,170,true,1.92
"BCG",131811,"/Date(1703485131000)/",9040,900,3683000,33065000000,170,true,1.92
"BCG",131749,"/Date(1703485110000)/",9040,1000,3682100,33057000000,170,true,1.92
"BCG",131749,"/Date(1703485108000)/",9040,100,3681100,33048000000,170,true,1.92
"BCG",131746,"/Date(1703485105000)/",9040,3700,3681000,33047000000,170,false,1.92
"BCG",131746,"/Date(1703485105000)/",9040,6300,3677300,33014000000,170,false,1.92
"BCG",131736,"/Date(1703485095000)/",9040,2000,3671000,32957000000,170,false,1.92
"BCG",131733,"/Date(1703485093000)/",9040,200,3669000,32939000000,170,true,1.92
"BCG",131733,"/Date(1703485091000)/",9040,1000,3668800,32937000000,170,true,1.92
"BCG",131717,"/Date(1703485075000)/",9040,1300,3667800,32928000000,170,false,1.92
"BCG",131655,"/Date(1703485055000)/",9040,1500,3666500,32916000000,170,true,1.92
"BCG",131655,"/Date(1703485055000)/",9040,100,3665000,32902000000,170,true,1.92
"BCG",131655,"/Date(1703485055000)/",9040,500,3664900,32902000000,170,true,1.92
"BCG",131655,"/Date(1703485055000)/",9040,200,3664400,32897000000,170,true,1.92
"BCG",131655,"/Date(1703485055000)/",9040,1400,3664200,32895000000,170,true,1.92
"BCG",131623,"/Date(1703485022000)/",9040,3000,3662800,32883000000,170,true,1.92
"BCG",131600,"/Date(1703485001000)/",9040,100,3659800,32855000000,170,true,1.92
"BCG",131600,"/Date(1703485001000)/",9040,300,3659700,32855000000,170,true,1.92
"BCG",131600,"/Date(1703485001000)/",9040,200,3659400,32852000000,170,true,1.92
"BCG",131600,"/Date(1703485001000)/",9040,300,3659200,32850000000,170,true,1.92
"BCG",131600,"/Date(1703485001000)/",9040,700,3658900,32847000000,170,true,1.92
"BCG",131551,"/Date(1703484989000)/",9040,200,3658200,32841000000,170,false,1.92
"BCG",131548,"/Date(1703484988000)/",9040,10000,3658000,32839000000,170,false,1.92
"BCG",131541,"/Date(1703484980000)/",9040,19100,3648000,32749000000,170,false,1.92
"BCG",131541,"/Date(1703484980000)/",9040,300,3628900,32576000000,170,false,1.92
"BCG",131541,"/Date(1703484980000)/",9040,5000,3628600,32573000000,170,false,1.92
"BCG",131541,"/Date(1703484980000)/",9040,500,3623600,32528000000,170,false,1.92
"BCG",131541,"/Date(1703484980000)/",9040,100,3623100,32524000000,170,false,1.92
"BCG",131541,"/Date(1703484980000)/",9040,1000,3623000,32523000000,170,false,1.92
"BCG",131541,"/Date(1703484980000)/",9040,10000,3622000,32514000000,170,false,1.92
"BCG",131541,"/Date(1703484980000)/",9040,200,3612000,32423000000,170,false,1.92
"BCG",131532,"/Date(1703484972000)/",9030,1000,3611800,32422000000,160,true,1.8
"BCG",131525,"/Date(1703484966000)/",9040,300,3610800,32413000000,170,false,1.92
"BCG",131525,"/Date(1703484966000)/",9040,3700,3610500,32410000000,170,false,1.92
"BCG",131509,"/Date(1703484949000)/",9040,1300,3606800,32376000000,170,false,1.92
"BCG",131509,"/Date(1703484949000)/",9040,700,3605500,32365000000,170,false,1.92
"BCG",131509,"/Date(1703484949000)/",9030,200,3604800,32358000000,160,true,1.8
"BCG",131509,"/Date(1703484949000)/",9030,4000,3604600,32356000000,160,true,1.8
"BCG",131447,"/Date(1703484926000)/",9030,2000,3600600,32320000000,160,true,1.8
"BCG",131441,"/Date(1703484921000)/",9040,100,3598600,32302000000,170,false,1.92
"BCG",131441,"/Date(1703484920000)/",9040,200,3598500,32301000000,170,false,1.92
"BCG",131441,"/Date(1703484920000)/",9040,300,3598300,32300000000,170,false,1.92
"BCG",131434,"/Date(1703484913000)/",9030,200,3598000,32297000000,160,true,1.8
"BCG",131425,"/Date(1703484904000)/",9030,1000,3597800,32295000000,160,false,1.8
"BCG",131425,"/Date(1703484904000)/",9030,500,3596800,32286000000,160,false,1.8
"BCG",131425,"/Date(1703484904000)/",9030,300,3596300,32282000000,160,false,1.8
"BCG",131425,"/Date(1703484904000)/",9030,2000,3596000,32279000000,160,false,1.8
"BCG",131415,"/Date(1703484896000)/",9030,500,3594000,32261000000,160,false,1.8
"BCG",131403,"/Date(1703484881000)/",9030,7500,3593500,32256000000,160,false,1.8
"BCG",131403,"/Date(1703484881000)/",9030,700,3586000,32189000000,160,false,1.8
"BCG",131403,"/Date(1703484881000)/",9030,100,3585300,32182000000,160,false,1.8
"BCG",131403,"/Date(1703484881000)/",9030,200,3585200,32181000000,160,false,1.8
"BCG",131403,"/Date(1703484881000)/",9030,300,3585000,32179000000,160,false,1.8
"BCG",131403,"/Date(1703484881000)/",9030,1200,3584700,32177000000,160,false,1.8
"BCG",131343,"/Date(1703484862000)/",9030,600,3583500,32166000000,160,false,1.8
"BCG",131321,"/Date(1703484841000)/",9030,3200,3582900,32161000000,160,false,1.8
"BCG",131321,"/Date(1703484841000)/",9030,1000,3579700,32132000000,160,false,1.8
"BCG",131321,"/Date(1703484841000)/",9030,1000,3578700,32123000000,160,false,1.8
"BCG",131321,"/Date(1703484841000)/",9030,30000,3577700,32114000000,160,false,1.8
"BCG",131321,"/Date(1703484841000)/",9030,100,3547700,31843000000,160,false,1.8
"BCG",131321,"/Date(1703484841000)/",9030,500,3547600,31842000000,160,false,1.8
"BCG",131321,"/Date(1703484841000)/",9030,14200,3547100,31837000000,160,false,1.8
"BCG",131321,"/Date(1703484840000)/",9020,1200,3532900,31709000000,150,true,1.69
"BCG",131305,"/Date(1703484826000)/",9020,2000,3531700,31698000000,150,true,1.69
"BCG",131256,"/Date(1703484817000)/",9020,4000,3529700,31680000000,150,false,1.69
"BCG",131256,"/Date(1703484817000)/",9020,100,3525700,31644000000,150,false,1.69
"BCG",131256,"/Date(1703484817000)/",9020,900,3525600,31643000000,150,false,1.69
"BCG",131246,"/Date(1703484807000)/",9020,4700,3524700,31635000000,150,true,1.69
"BCG",131246,"/Date(1703484807000)/",9020,1200,3520000,31593000000,150,true,1.69
"BCG",131246,"/Date(1703484807000)/",9020,100,3518800,31582000000,150,true,1.69
"BCG",131246,"/Date(1703484807000)/",9020,8100,3518700,31581000000,150,true,1.69
"BCG",131243,"/Date(1703484803000)/",9020,1000,3510600,31508000000,150,true,1.69
"BCG",131243,"/Date(1703484802000)/",9020,900,3509600,31499000000,150,true,1.69
"BCG",131243,"/Date(1703484802000)/",9020,100,3508700,31491000000,150,true,1.69
"BCG",131237,"/Date(1703484796000)/",9020,400,3508600,31490000000,150,true,1.69
"BCG",131237,"/Date(1703484796000)/",9020,100,3508200,31486000000,150,true,1.69
"BCG",131237,"/Date(1703484796000)/",9020,4500,3508100,31485000000,150,true,1.69
"BCG",131158,"/Date(1703484758000)/",9020,4000,3503600,31445000000,150,true,1.69
"BCG",131130,"/Date(1703484730000)/",9020,7200,3499600,31409000000,150,true,1.69
"BCG",131130,"/Date(1703484730000)/",9020,5300,3492400,31344000000,150,true,1.69
"BCG",131117,"/Date(1703484716000)/",9020,300,3487100,31296000000,150,true,1.69
"BCG",131101,"/Date(1703484700000)/",9020,2000,3486800,31293000000,150,true,1.69
"BCG",131101,"/Date(1703484700000)/",9020,100,3484800,31275000000,150,true,1.69
"BCG",131101,"/Date(1703484700000)/",9020,300,3484700,31274000000,150,true,1.69
"BCG",131101,"/Date(1703484700000)/",9020,500,3484400,31272000000,150,true,1.69
"BCG",131101,"/Date(1703484700000)/",9020,100,3483900,31267000000,150,true,1.69
"BCG",131101,"/Date(1703484700000)/",9020,1400,3483800,31266000000,150,true,1.69
"BCG",131055,"/Date(1703484694000)/",9020,600,3482400,31254000000,150,false,1.69
"BCG",131055,"/Date(1703484694000)/",9020,1400,3481800,31248000000,150,false,1.69
"BCG",131045,"/Date(1703484683000)/",9020,3700,3480400,31235000000,150,false,1.69
"BCG",131039,"/Date(1703484678000)/",9020,2000,3476700,31202000000,150,false,1.69
"BCG",131035,"/Date(1703484674000)/",9020,17000,3474700,31184000000,150,false,1.69
"BCG",131026,"/Date(1703484666000)/",9020,3000,3457700,31031000000,150,false,1.69
"BCG",131023,"/Date(1703484662000)/",9020,200,3454700,31004000000,150,false,1.69
"BCG",131000,"/Date(1703484640000)/",9020,200,3454500,31002000000,150,false,1.69
"BCG",130948,"/Date(1703484627000)/",9020,100,3454300,31000000000,150,false,1.69
"BCG",130938,"/Date(1703484616000)/",9020,1600,3454200,30999000000,150,false,1.69
"BCG",130906,"/Date(1703484584000)/",9010,300,3452600,30985000000,140,false,1.58
"BCG",130903,"/Date(1703484583000)/",9000,100,3452300,30982000000,130,true,1.47
"BCG",130837,"/Date(1703484556000)/",9000,900,3452200,30981000000,130,true,1.47
"BCG",130837,"/Date(1703484556000)/",9000,500,3451300,30973000000,130,true,1.47
"BCG",130837,"/Date(1703484556000)/",9000,10000,3450800,30969000000,130,true,1.47
"BCG",130837,"/Date(1703484556000)/",9000,100,3440800,30879000000,130,true,1.47
"BCG",130837,"/Date(1703484556000)/",9000,2000,3440700,30878000000,130,true,1.47
"BCG",130837,"/Date(1703484556000)/",9000,200,3438700,30860000000,130,true,1.47
"BCG",130837,"/Date(1703484556000)/",9000,500,3438500,30858000000,130,true,1.47
"BCG",130837,"/Date(1703484556000)/",9000,100,3438000,30853000000,130,true,1.47
"BCG",130837,"/Date(1703484556000)/",9000,200,3437900,30852000000,130,true,1.47
"BCG",130837,"/Date(1703484556000)/",9000,100,3437700,30851000000,130,true,1.47
"BCG",130837,"/Date(1703484556000)/",9000,10000,3437600,30850000000,130,true,1.47
"BCG",130837,"/Date(1703484556000)/",9000,500,3427600,30760000000,130,true,1.47
"BCG",130837,"/Date(1703484556000)/",9000,1000,3427100,30755000000,130,true,1.47
"BCG",130837,"/Date(1703484556000)/",9000,1000,3426100,30746000000,130,true,1.47
"BCG",130837,"/Date(1703484556000)/",9000,1000,3425100,30737000000,130,true,1.47
"BCG",130837,"/Date(1703484556000)/",9000,500,3424100,30728000000,130,true,1.47
"BCG",130837,"/Date(1703484556000)/",9010,500,3423600,30724000000,140,true,1.58
"BCG",130837,"/Date(1703484556000)/",9010,5000,3423100,30719000000,140,true,1.58
"BCG",130837,"/Date(1703484556000)/",9010,5000,3418100,30674000000,140,true,1.58
"BCG",130837,"/Date(1703484556000)/",9010,100,3413100,30629000000,140,true,1.58
"BCG",130837,"/Date(1703484556000)/",9010,20000,3413000,30628000000,140,true,1.58
"BCG",130837,"/Date(1703484556000)/",9010,500,3393000,30448000000,140,true,1.58
"BCG",130837,"/Date(1703484556000)/",9010,300,3392500,30444000000,140,true,1.58
"BCG",130825,"/Date(1703484545000)/",9020,20000,3392200,30441000000,150,false,1.69
"BCG",130806,"/Date(1703484523000)/",9010,1000,3372200,30260000000,140,true,1.58
"BCG",130708,"/Date(1703484466000)/",9010,100,3371200,30251000000,140,true,1.58
"BCG",130656,"/Date(1703484455000)/",9010,1600,3371100,30250000000,140,true,1.58
"BCG",130656,"/Date(1703484455000)/",9010,3700,3369500,30236000000,140,true,1.58
"BCG",130445,"/Date(1703484322000)/",9010,1300,3365800,30203000000,140,false,1.58
"BCG",130436,"/Date(1703484314000)/",9010,100,3364500,30191000000,140,false,1.58
"BCG",130436,"/Date(1703484314000)/",9010,4700,3364400,30190000000,140,false,1.58
"BCG",130436,"/Date(1703484314000)/",9010,1000,3359700,30148000000,140,false,1.58
"BCG",130436,"/Date(1703484314000)/",9010,2000,3358700,30139000000,140,false,1.58
"BCG",130436,"/Date(1703484314000)/",9010,5000,3356700,30121000000,140,false,1.58
"BCG",130436,"/Date(1703484314000)/",9010,900,3351700,30076000000,140,false,1.58
"BCG",130432,"/Date(1703484312000)/",9010,2000,3350800,30068000000,140,true,1.58
"BCG",130423,"/Date(1703484301000)/",9010,500,3348800,30050000000,140,true,1.58
"BCG",130341,"/Date(1703484259000)/",9010,500,3348300,30045000000,140,true,1.58
"BCG",130319,"/Date(1703484237000)/",9010,200,3347800,30041000000,140,true,1.58
"BCG",130313,"/Date(1703484232000)/",9010,2600,3347600,30039000000,140,true,1.58
"BCG",130300,"/Date(1703484219000)/",9010,1000,3345000,30015000000,140,true,1.58
"BCG",130241,"/Date(1703484199000)/",9010,400,3344000,30006000000,140,true,1.58
"BCG",130212,"/Date(1703484169000)/",9010,100,3343600,30003000000,140,true,1.58
"BCG",130144,"/Date(1703484142000)/",9020,11900,3343500,30002000000,150,false,1.69
"BCG",130144,"/Date(1703484142000)/",9010,3000,3331600,29894000000,140,false,1.58
"BCG",130144,"/Date(1703484142000)/",9010,5100,3328600,29867000000,140,false,1.58
"BCG",130131,"/Date(1703484128000)/",9010,2000,3323500,29821000000,140,false,1.58
"BCG",130121,"/Date(1703484119000)/",9010,2000,3321500,29803000000,140,false,1.58
"BCG",130121,"/Date(1703484119000)/",9010,500,3319500,29785000000,140,false,1.58
"BCG",130121,"/Date(1703484119000)/",9010,900,3319000,29781000000,140,false,1.58
"BCG",130121,"/Date(1703484119000)/",9010,1000,3318100,29773000000,140,false,1.58
"BCG",130053,"/Date(1703484090000)/",9010,2000,3317100,29764000000,140,true,1.58
"BCG",130040,"/Date(1703484079000)/",9010,100,3315100,29746000000,140,true,1.58
"BCG",130027,"/Date(1703484064000)/",9010,1500,3315000,29745000000,140,true,1.58
"BCG",130021,"/Date(1703484060000)/",9020,1100,3313500,29731000000,150,false,1.69
"BCG",130018,"/Date(1703484057000)/",9020,6200,3312400,29721000000,150,false,1.69
"BCG",130018,"/Date(1703484057000)/",9020,1800,3306200,29666000000,150,false,1.69
"BCG",125949,"/Date(1703484019000)/",9020,200,3304400,29649000000,150,false,1.69
"BCG",125949,"/Date(1703484017000)/",9020,1000,3304200,29648000000,150,false,1.69
"BCG",125949,"/Date(1703484014000)/",9010,200,3303200,29638000000,140,true,1.58
"BCG",125943,"/Date(1703484006000)/",9010,400,3303000,29637000000,140,true,1.58
"BCG",125943,"/Date(1703484005000)/",9020,9000,3302600,29633000000,150,false,1.69
"BCG",125943,"/Date(1703484005000)/",9020,500,3293600,29552000000,150,false,1.69
"BCG",125943,"/Date(1703484005000)/",9020,5500,3293100,29547000000,150,false,1.69
"BCG",125943,"/Date(1703484005000)/",9020,500,3287600,29498000000,150,false,1.69
"BCG",125943,"/Date(1703484005000)/",9020,500,3287100,29493000000,150,false,1.69
"BCG",125943,"/Date(1703484005000)/",9020,600,3286600,29489000000,150,false,1.69
"BCG",125939,"/Date(1703484003000)/",9010,1000,3286000,29483000000,140,true,1.58
"BCG",125939,"/Date(1703484002000)/",9010,1000,3285000,29474000000,140,true,1.58
"BCG",125939,"/Date(1703484002000)/",9010,1300,3284000,29465000000,140,true,1.58
"BCG",125939,"/Date(1703484002000)/",9010,200,3282700,29454000000,140,true,1.58
"BCG",125939,"/Date(1703484002000)/",9010,300,3282500,29452000000,140,true,1.58
"BCG",125939,"/Date(1703484002000)/",9010,200,3282200,29449000000,140,true,1.58
"BCG",125939,"/Date(1703484002000)/",9010,200,3282000,29447000000,140,true,1.58
"BCG",125939,"/Date(1703484002000)/",9010,5000,3281800,29446000000,140,true,1.58
"BCG",125939,"/Date(1703484002000)/",9010,2800,3276800,29400000000,140,true,1.58
"BCG",125936,"/Date(1703484000000)/",9020,400,3274000,29375000000,150,false,1.69
"BCG",125936,"/Date(1703484000000)/",9020,100,3273600,29372000000,150,false,1.69
"BCG",125936,"/Date(1703484000000)/",9020,500,3273500,29371000000,150,false,1.69
"BCG",125936,"/Date(1703484000000)/",9010,500,3273000,29366000000,140,true,1.58
"BCG",125936,"/Date(1703484000000)/",9020,500,3272500,29362000000,150,false,1.69
"BCG",125936,"/Date(1703484000000)/",9020,500,3272000,29357000000,150,false,1.69
"BCG",125933,"/Date(1703484000000)/",9020,1000,3271500,29353000000,150,false,1.69
"BCG",125933,"/Date(1703484000000)/",9020,400,3270500,29344000000,150,false,1.69
"BCG",112906,"/Date(1703478575000)/",9020,100,3270100,29340000000,150,false,1.69
"BCG",112834,"/Date(1703478544000)/",9020,100,3270000,29339000000,150,true,1.69
"BCG",112834,"/Date(1703478544000)/",9020,100,3269900,29338000000,150,true,1.69
"BCG",112828,"/Date(1703478535000)/",9020,500,3269800,29337000000,150,true,1.69
"BCG",112815,"/Date(1703478523000)/",9020,200,3269300,29333000000,150,true,1.69
"BCG",112803,"/Date(1703478512000)/",9020,500,3269100,29331000000,150,true,1.69
"BCG",112715,"/Date(1703478465000)/",9030,5800,3268600,29327000000,160,false,1.8
"BCG",112715,"/Date(1703478465000)/",9030,4200,3262800,29274000000,160,false,1.8
"BCG",112709,"/Date(1703478457000)/",9020,100,3258600,29236000000,150,true,1.69
"BCG",112630,"/Date(1703478419000)/",9020,18600,3258500,29235000000,150,false,1.69
"BCG",112539,"/Date(1703478366000)/",9020,1400,3239900,29068000000,150,false,1.69
"BCG",112539,"/Date(1703478366000)/",9020,1500,3238500,29055000000,150,false,1.69
"BCG",112539,"/Date(1703478366000)/",9020,4500,3237000,29041000000,150,false,1.69
"BCG",112539,"/Date(1703478366000)/",9020,2600,3232500,29001000000,150,false,1.69
"BCG",112439,"/Date(1703478307000)/",9020,2400,3229900,28977000000,150,false,1.69
"BCG",112429,"/Date(1703478298000)/",9020,1000,3227500,28956000000,150,true,1.69
"BCG",112426,"/Date(1703478295000)/",9020,200,3226500,28947000000,150,true,1.69
"BCG",112410,"/Date(1703478280000)/",9020,1200,3226300,28945000000,150,true,1.69
"BCG",112341,"/Date(1703478250000)/",9020,100,3225100,28934000000,150,true,1.69
"BCG",112341,"/Date(1703478250000)/",9020,100,3225000,28933000000,150,true,1.69
"BCG",112329,"/Date(1703478238000)/",9020,100,3224900,28932000000,150,false,1.69
"BCG",112329,"/Date(1703478238000)/",9020,1000,3224800,28931000000,150,false,1.69
"BCG",112329,"/Date(1703478238000)/",9020,10000,3223800,28922000000,150,false,1.69
"BCG",112329,"/Date(1703478238000)/",9020,900,3213800,28832000000,150,false,1.69
"BCG",112322,"/Date(1703478230000)/",9020,600,3212900,28824000000,150,false,1.69
"BCG",112235,"/Date(1703478183000)/",9020,500,3212300,28819000000,150,false,1.69
"BCG",112235,"/Date(1703478183000)/",9020,400,3211800,28814000000,150,false,1.69
"BCG",112235,"/Date(1703478183000)/",9020,100,3211400,28810000000,150,false,1.69
"BCG",112235,"/Date(1703478183000)/",9020,200,3211300,28810000000,150,false,1.69
"BCG",112153,"/Date(1703478141000)/",9020,1000,3211100,28808000000,150,false,1.69
"BCG",112153,"/Date(1703478139000)/",9010,1700,3210100,28799000000,140,true,1.58
"BCG",112153,"/Date(1703478139000)/",9010,300,3208400,28783000000,140,true,1.58
"BCG",112140,"/Date(1703478128000)/",9010,1000,3208100,28781000000,140,true,1.58
"BCG",112118,"/Date(1703478106000)/",9010,3700,3207100,28772000000,140,true,1.58
"BCG",112118,"/Date(1703478106000)/",9010,100,3203400,28738000000,140,true,1.58
"BCG",112118,"/Date(1703478106000)/",9010,1200,3203300,28737000000,140,true,1.58
"BCG",112115,"/Date(1703478102000)/",9020,500,3202100,28727000000,150,false,1.69
"BCG",112105,"/Date(1703478093000)/",9020,100,3201600,28722000000,150,false,1.69
"BCG",112105,"/Date(1703478093000)/",9020,2000,3201500,28721000000,150,false,1.69
"BCG",112105,"/Date(1703478093000)/",9020,100,3199500,28703000000,150,false,1.69
"BCG",112027,"/Date(1703478055000)/",9030,800,3199400,28702000000,160,false,1.8
"BCG",112027,"/Date(1703478055000)/",9030,2200,3198600,28695000000,160,false,1.8
"BCG",112002,"/Date(1703478031000)/",9010,3800,3196400,28675000000,140,true,1.58
"BCG",112002,"/Date(1703478031000)/",9010,100,3192600,28641000000,140,true,1.58
"BCG",112002,"/Date(1703478031000)/",9010,10000,3192500,28640000000,140,true,1.58
"BCG",112002,"/Date(1703478031000)/",9010,500,3182500,28550000000,140,true,1.58
"BCG",112002,"/Date(1703478031000)/",9010,5000,3182000,28545000000,140,true,1.58
"BCG",112002,"/Date(1703478031000)/",9010,200,3177000,28500000000,140,true,1.58
"BCG",112002,"/Date(1703478031000)/",9010,400,3176800,28499000000,140,true,1.58
"BCG",112002,"/Date(1703478028000)/",9030,2800,3176400,28495000000,160,false,1.8
"BCG",112002,"/Date(1703478028000)/",9030,100,3173600,28470000000,160,false,1.8
"BCG",112002,"/Date(1703478028000)/",9020,100,3173500,28469000000,150,false,1.69
"BCG",111943,"/Date(1703478009000)/",9020,200,3173400,28468000000,150,true,1.69
"BCG",111943,"/Date(1703478009000)/",9020,1800,3173200,28466000000,150,true,1.69
"BCG",111917,"/Date(1703477986000)/",9020,1000,3171400,28450000000,150,true,1.69
"BCG",111845,"/Date(1703477952000)/",9020,200,3170400,28441000000,150,true,1.69
"BCG",111845,"/Date(1703477951000)/",9020,100,3170200,28439000000,150,true,1.69
"BCG",111839,"/Date(1703477947000)/",9020,200,3170100,28438000000,150,false,1.69
"BCG",111839,"/Date(1703477945000)/",9020,2700,3169900,28436000000,150,false,1.69
"BCG",111833,"/Date(1703477940000)/",9020,3000,3167200,28412000000,150,false,1.69
"BCG",111813,"/Date(1703477920000)/",9020,2000,3164200,28385000000,150,false,1.69
"BCG",111813,"/Date(1703477920000)/",9020,1500,3162200,28367000000,150,false,1.69
"BCG",111810,"/Date(1703477918000)/",9020,3500,3160700,28353000000,150,true,1.69
"BCG",111810,"/Date(1703477918000)/",9020,1500,3157200,28322000000,150,true,1.69
"BCG",111735,"/Date(1703477884000)/",9020,500,3155700,28308000000,150,true,1.69
"BCG",111719,"/Date(1703477868000)/",9020,1000,3155200,28304000000,150,false,1.69
"BCG",111719,"/Date(1703477868000)/",9020,1000,3154200,28295000000,150,false,1.69
"BCG",111719,"/Date(1703477868000)/",9020,2000,3153200,28286000000,150,false,1.69
"BCG",111719,"/Date(1703477868000)/",9020,5000,3151200,28268000000,150,false,1.69
"BCG",111719,"/Date(1703477868000)/",9020,100,3146200,28223000000,150,false,1.69
"BCG",111719,"/Date(1703477868000)/",9020,500,3146100,28222000000,150,false,1.69
"BCG",111719,"/Date(1703477868000)/",9020,1000,3145600,28217000000,150,false,1.69
"BCG",111719,"/Date(1703477868000)/",9020,500,3144600,28208000000,150,false,1.69
"BCG",111719,"/Date(1703477868000)/",9020,6900,3144100,28204000000,150,false,1.69
"BCG",111719,"/Date(1703477867000)/",9010,1000,3137200,28141000000,140,true,1.58
"BCG",111641,"/Date(1703477827000)/",9010,1000,3136200,28132000000,140,true,1.58
"BCG",111544,"/Date(1703477772000)/",9010,1700,3135200,28123000000,140,true,1.58
"BCG",111544,"/Date(1703477772000)/",9010,400,3133500,28108000000,140,true,1.58
"BCG",111544,"/Date(1703477772000)/",9010,2900,3133100,28104000000,140,true,1.58
"BCG",111531,"/Date(1703477760000)/",9020,100,3130200,28078000000,150,false,1.69
"BCG",111431,"/Date(1703477699000)/",9020,2000,3130100,28077000000,150,false,1.69
"BCG",111343,"/Date(1703477649000)/",9010,100,3128100,28059000000,140,true,1.58
"BCG",111343,"/Date(1703477649000)/",9010,900,3128000,28059000000,140,true,1.58
"BCG",111333,"/Date(1703477640000)/",9020,4000,3127100,28050000000,150,false,1.69
"BCG",111311,"/Date(1703477617000)/",9020,100,3123100,28014000000,150,false,1.69
"BCG",111230,"/Date(1703477575000)/",9020,300,3123000,28013000000,150,false,1.69
"BCG",111155,"/Date(1703477541000)/",9020,100,3122700,28011000000,150,false,1.69
"BCG",111135,"/Date(1703477522000)/",9010,3900,3122600,28010000000,140,true,1.58
"BCG",111135,"/Date(1703477522000)/",9010,100,3118700,27975000000,140,true,1.58
"BCG",111135,"/Date(1703477522000)/",9010,100,3118600,27974000000,140,true,1.58
"BCG",111135,"/Date(1703477522000)/",9010,900,3118500,27973000000,140,true,1.58
"BCG",111126,"/Date(1703477513000)/",9010,100,3117600,27965000000,140,true,1.58
"BCG",111038,"/Date(1703477465000)/",9020,100,3117500,27964000000,150,true,1.69
"BCG",111038,"/Date(1703477465000)/",9020,1000,3117400,27963000000,150,true,1.69
"BCG",111038,"/Date(1703477465000)/",9020,100,3116400,27954000000,150,true,1.69
"BCG",111038,"/Date(1703477465000)/",9020,5000,3116300,27953000000,150,true,1.69
"BCG",111038,"/Date(1703477465000)/",9020,5300,3111300,27908000000,150,true,1.69
"BCG",111029,"/Date(1703477454000)/",9020,200,3106000,27860000000,150,true,1.69
"BCG",111025,"/Date(1703477453000)/",9020,1000,3105800,27858000000,150,true,1.69
"BCG",110957,"/Date(1703477425000)/",9020,2200,3104800,27849000000,150,true,1.69
"BCG",110951,"/Date(1703477416000)/",9020,200,3102600,27829000000,150,true,1.69
"BCG",110944,"/Date(1703477412000)/",9020,1000,3102400,27828000000,150,true,1.69
"BCG",110909,"/Date(1703477377000)/",9020,100,3101400,27819000000,150,true,1.69
"BCG",110909,"/Date(1703477377000)/",9020,100,3101300,27818000000,150,true,1.69
"BCG",110909,"/Date(1703477377000)/",9020,200,3101200,27817000000,150,true,1.69
"BCG",110850,"/Date(1703477356000)/",9020,100,3101000,27815000000,150,true,1.69
"BCG",110850,"/Date(1703477356000)/",9020,1000,3100900,27814000000,150,true,1.69
"BCG",110850,"/Date(1703477356000)/",9020,8900,3099900,27805000000,150,true,1.69
"BCG",110844,"/Date(1703477349000)/",9020,1000,3091000,27725000000,150,true,1.69
"BCG",110840,"/Date(1703477345000)/",9030,100,3090000,27716000000,160,false,1.8
"BCG",110746,"/Date(1703477294000)/",9030,500,3089900,27715000000,160,true,1.8
"BCG",110746,"/Date(1703477294000)/",9030,100,3089400,27710000000,160,true,1.8
"BCG",110643,"/Date(1703477227000)/",9030,100,3089300,27709000000,160,true,1.8
"BCG",110639,"/Date(1703477225000)/",9030,1000,3089200,27709000000,160,true,1.8
"BCG",110611,"/Date(1703477198000)/",9030,100,3088200,27700000000,160,true,1.8
"BCG",110611,"/Date(1703477198000)/",9030,800,3088100,27699000000,160,true,1.8
"BCG",110607,"/Date(1703477193000)/",9030,1000,3087300,27691000000,160,false,1.8
"BCG",110555,"/Date(1703477182000)/",9030,1200,3086300,27682000000,160,true,1.8
"BCG",110555,"/Date(1703477181000)/",9040,200,3085100,27672000000,170,false,1.92
"BCG",110555,"/Date(1703477181000)/",9040,500,3084900,27670000000,170,false,1.92
"BCG",110555,"/Date(1703477181000)/",9040,300,3084400,27665000000,170,false,1.92
"BCG",110501,"/Date(1703477128000)/",9030,4800,3084100,27663000000,160,true,1.8
"BCG",110448,"/Date(1703477115000)/",9030,1700,3079300,27619000000,160,false,1.8
"BCG",110448,"/Date(1703477115000)/",9030,2000,3077600,27604000000,160,false,1.8
"BCG",110448,"/Date(1703477115000)/",9030,1000,3075600,27586000000,160,false,1.8
"BCG",110448,"/Date(1703477115000)/",9030,100,3074600,27577000000,160,false,1.8
"BCG",110448,"/Date(1703477115000)/",9030,5400,3074500,27576000000,160,false,1.8
"BCG",110416,"/Date(1703477083000)/",9030,100,3069100,27527000000,160,false,1.8
"BCG",110410,"/Date(1703477077000)/",9030,200,3069000,27526000000,160,false,1.8
"BCG",110354,"/Date(1703477060000)/",9030,2000,3068800,27524000000,160,false,1.8
"BCG",110351,"/Date(1703477057000)/",9020,100,3066800,27506000000,150,true,1.69
"BCG",110338,"/Date(1703477043000)/",9030,1000,3066700,27505000000,160,false,1.8
"BCG",110335,"/Date(1703477040000)/",9030,500,3065700,27496000000,160,false,1.8
"BCG",110331,"/Date(1703477037000)/",9030,1400,3065200,27492000000,160,false,1.8
"BCG",110309,"/Date(1703477014000)/",9030,1000,3063800,27479000000,160,false,1.8
"BCG",110306,"/Date(1703477011000)/",9020,5000,3062800,27470000000,150,true,1.69
"BCG",110234,"/Date(1703476980000)/",9030,500,3057800,27425000000,160,false,1.8
"BCG",110228,"/Date(1703476974000)/",9030,1600,3057300,27421000000,160,false,1.8
"BCG",110225,"/Date(1703476970000)/",9030,100,3055700,27406000000,160,false,1.8
"BCG",110221,"/Date(1703476968000)/",9030,100,3055600,27405000000,160,false,1.8
"BCG",110221,"/Date(1703476968000)/",9030,1000,3055500,27404000000,160,false,1.8
"BCG",110221,"/Date(1703476968000)/",9030,100,3054500,27395000000,160,false,1.8
"BCG",110212,"/Date(1703476959000)/",9030,500,3054400,27394000000,160,true,1.8
"BCG",110205,"/Date(1703476953000)/",9040,200,3053900,27390000000,170,false,1.92
"BCG",110205,"/Date(1703476953000)/",9040,300,3053700,27388000000,170,false,1.92
"BCG",110134,"/Date(1703476919000)/",9030,400,3053400,27385000000,160,false,1.8
"BCG",110118,"/Date(1703476903000)/",9030,100,3053000,27382000000,160,true,1.8
"BCG",110118,"/Date(1703476903000)/",9030,100,3052900,27381000000,160,true,1.8
"BCG",110118,"/Date(1703476903000)/",9030,400,3052800,27380000000,160,true,1.8
"BCG",110033,"/Date(1703476857000)/",9030,500,3052400,27376000000,160,true,1.8
"BCG",105929,"/Date(1703476793000)/",9030,100,3051900,27372000000,160,true,1.8
"BCG",105900,"/Date(1703476766000)/",9030,5000,3051800,27371000000,160,true,1.8
"BCG",105900,"/Date(1703476765000)/",9030,2700,3046800,27326000000,160,true,1.8
"BCG",105854,"/Date(1703476759000)/",9030,1000,3044100,27301000000,160,true,1.8
"BCG",105832,"/Date(1703476737000)/",9030,700,3043100,27292000000,160,true,1.8
"BCG",105832,"/Date(1703476736000)/",9030,200,3042400,27286000000,160,true,1.8
"BCG",105832,"/Date(1703476736000)/",9030,100,3042200,27284000000,160,true,1.8
"BCG",105819,"/Date(1703476724000)/",9040,300,3042100,27283000000,170,false,1.92
"BCG",105819,"/Date(1703476724000)/",9040,3000,3041800,27281000000,170,false,1.92
"BCG",105819,"/Date(1703476724000)/",9040,500,3038800,27253000000,170,false,1.92
"BCG",105819,"/Date(1703476724000)/",9040,3000,3038300,27249000000,170,false,1.92
"BCG",105819,"/Date(1703476724000)/",9040,500,3035300,27222000000,170,false,1.92
"BCG",105741,"/Date(1703476686000)/",9040,100,3034800,27217000000,170,false,1.92
"BCG",105722,"/Date(1703476667000)/",9040,400,3034700,27216000000,170,true,1.92
"BCG",105715,"/Date(1703476662000)/",9040,200,3034300,27213000000,170,true,1.92
"BCG",105715,"/Date(1703476660000)/",9040,3500,3034100,27211000000,170,true,1.92
"BCG",105702,"/Date(1703476648000)/",9040,900,3030600,27179000000,170,true,1.92
"BCG",105702,"/Date(1703476648000)/",9040,100,3029700,27171000000,170,true,1.92
"BCG",105653,"/Date(1703476637000)/",9040,2000,3029600,27170000000,170,true,1.92
"BCG",105653,"/Date(1703476637000)/",9040,100,3027600,27152000000,170,true,1.92
"BCG",105637,"/Date(1703476622000)/",9050,800,3027500,27151000000,180,false,2.03
"BCG",105634,"/Date(1703476620000)/",9050,500,3026700,27144000000,180,true,2.03
"BCG",105624,"/Date(1703476610000)/",9050,1700,3026200,27140000000,180,true,2.03
"BCG",105618,"/Date(1703476603000)/",9050,8300,3024500,27124000000,180,true,2.03
"BCG",105618,"/Date(1703476602000)/",9050,100,3016200,27049000000,180,true,2.03
"BCG",105615,"/Date(1703476599000)/",9050,300,3016100,27048000000,180,false,2.03
"BCG",105615,"/Date(1703476599000)/",9050,500,3015800,27045000000,180,false,2.03
