"Stockcode","Package","TradingDate","Price","Vol","TotalVol","TotalVal","Change","IsBuy","PerChange"
"GMD",144413,"/Date(1703490300000)/",73000,129900,2434500,174347000000,4700,true,6.88
"GMD",142908,"/Date(1703489395000)/",73000,100,2304600,164865000000,4700,true,6.88
"GMD",142858,"/Date(1703489387000)/",73000,200,2304500,164857000000,4700,true,6.88
"GMD",142855,"/Date(1703489383000)/",73000,500,2304300,164843000000,4700,true,6.88
"GMD",142845,"/Date(1703489372000)/",73000,1000,2303800,164806000000,4700,true,6.88
"GMD",142836,"/Date(1703489364000)/",73000,500,2302800,164733000000,4700,true,6.88
"GMD",142833,"/Date(1703489361000)/",73000,100,2302300,164697000000,4700,true,6.88
"GMD",142833,"/Date(1703489359000)/",73000,100,2302200,164690000000,4700,true,6.88
"GMD",142833,"/Date(1703489359000)/",73000,1000,2302100,164682000000,4700,true,6.88
"GMD",142826,"/Date(1703489354000)/",73000,3000,2301100,164609000000,4700,true,6.88
"GMD",142826,"/Date(1703489353000)/",73000,2000,2298100,164390000000,4700,true,6.88
"GMD",142826,"/Date(1703489353000)/",73000,200,2296100,164244000000,4700,true,6.88
"GMD",142823,"/Date(1703489352000)/",73000,1000,2295900,164230000000,4700,true,6.88
"GMD",142823,"/Date(1703489352000)/",73000,900,2294900,164157000000,4700,true,6.88
"GMD",142823,"/Date(1703489351000)/",73000,400,2294000,164091000000,4700,true,6.88
"GMD",142823,"/Date(1703489351000)/",72900,100,2293600,164062000000,4600,true,6.73
"GMD",142823,"/Date(1703489351000)/",72900,100,2293500,164055000000,4600,true,6.73
"GMD",142823,"/Date(1703489350000)/",73000,700,2293400,164047000000,4700,true,6.88
"GMD",142823,"/Date(1703489350000)/",73000,1000,2292700,163996000000,4700,true,6.88
"GMD",142823,"/Date(1703489350000)/",73000,100,2291700,163923000000,4700,true,6.88
"GMD",142823,"/Date(1703489350000)/",73000,2000,2291600,163916000000,4700,true,6.88
"GMD",142823,"/Date(1703489350000)/",73000,500,2289600,163770000000,4700,true,6.88
"GMD",142823,"/Date(1703489350000)/",73000,200,2289100,163733000000,4700,true,6.88
"GMD",142823,"/Date(1703489350000)/",73000,500,2288900,163719000000,4700,true,6.88
"GMD",142820,"/Date(1703489348000)/",73000,600,2288400,163682000000,4700,false,6.88
"GMD",142817,"/Date(1703489343000)/",73000,1000,2287800,163638000000,4700,false,6.88
"GMD",142817,"/Date(1703489343000)/",73000,1900,2286800,163565000000,4700,false,6.88
"GMD",142817,"/Date(1703489343000)/",73000,500,2284900,163427000000,4700,false,6.88
"GMD",142817,"/Date(1703489343000)/",73000,600,2284400,163390000000,4700,false,6.88
"GMD",142817,"/Date(1703489343000)/",73000,1000,2283800,163346000000,4700,false,6.88
"GMD",142817,"/Date(1703489343000)/",73000,100,2282800,163273000000,4700,false,6.88
"GMD",142817,"/Date(1703489343000)/",73000,1000,2282700,163266000000,4700,false,6.88
"GMD",142817,"/Date(1703489343000)/",73000,1300,2281700,163193000000,4700,false,6.88
"GMD",142814,"/Date(1703489342000)/",73000,1000,2280400,163098000000,4700,true,6.88
"GMD",142814,"/Date(1703489341000)/",73000,1200,2279400,163025000000,4700,true,6.88
"GMD",142814,"/Date(1703489341000)/",73000,8800,2278200,162938000000,4700,true,6.88
"GMD",142814,"/Date(1703489341000)/",73000,1200,2269400,162295000000,4700,true,6.88
"GMD",142814,"/Date(1703489341000)/",73000,500,2268200,162208000000,4700,true,6.88
"GMD",142814,"/Date(1703489341000)/",73000,1300,2267700,162171000000,4700,true,6.88
"GMD",142814,"/Date(1703489340000)/",73000,200,2266400,162076000000,4700,true,6.88
"GMD",142810,"/Date(1703489339000)/",73000,900,2266200,162062000000,4700,true,6.88
"GMD",142810,"/Date(1703489338000)/",73000,600,2265300,161996000000,4700,true,6.88
"GMD",142810,"/Date(1703489338000)/",73000,100,2264700,161952000000,4700,true,6.88
"GMD",142810,"/Date(1703489338000)/",73000,1300,2264600,161945000000,4700,true,6.88
"GMD",142804,"/Date(1703489332000)/",73000,500,2263300,161850000000,4700,true,6.88
"GMD",142801,"/Date(1703489328000)/",73000,500,2262800,161813000000,4700,true,6.88
"GMD",142801,"/Date(1703489328000)/",73000,2000,2262300,161777000000,4700,true,6.88
"GMD",142758,"/Date(1703489326000)/",73000,1000,2260300,161631000000,4700,true,6.88
"GMD",142758,"/Date(1703489326000)/",73000,500,2259300,161558000000,4700,true,6.88
"GMD",142758,"/Date(1703489323000)/",73000,1000,2258800,161521000000,4700,true,6.88
"GMD",142754,"/Date(1703489323000)/",73000,200,2257800,161448000000,4700,true,6.88
"GMD",142754,"/Date(1703489322000)/",73000,2000,2257600,161434000000,4700,true,6.88
"GMD",142754,"/Date(1703489322000)/",73000,800,2255600,161288000000,4700,true,6.88
"GMD",142754,"/Date(1703489322000)/",73000,2200,2254800,161229000000,4700,true,6.88
"GMD",142754,"/Date(1703489321000)/",73000,500,2252600,161069000000,4700,true,6.88
"GMD",142751,"/Date(1703489320000)/",73000,700,2252100,161032000000,4700,true,6.88
"GMD",142751,"/Date(1703489319000)/",73000,6800,2251400,160981000000,4700,true,6.88
"GMD",142751,"/Date(1703489319000)/",73000,200,2244600,160485000000,4700,true,6.88
"GMD",142751,"/Date(1703489319000)/",73000,3000,2244400,160470000000,4700,true,6.88
"GMD",142751,"/Date(1703489319000)/",73000,500,2241400,160251000000,4700,true,6.88
"GMD",142751,"/Date(1703489317000)/",73000,100,2240900,160215000000,4700,true,6.88
"GMD",142751,"/Date(1703489317000)/",73000,1000,2240800,160207000000,4700,true,6.88
"GMD",142751,"/Date(1703489317000)/",73000,5400,2239800,160134000000,4700,true,6.88
"GMD",142751,"/Date(1703489317000)/",73000,2000,2234400,159740000000,4700,true,6.88
"GMD",142751,"/Date(1703489317000)/",73000,3000,2232400,159594000000,4700,true,6.88
"GMD",142751,"/Date(1703489317000)/",73000,500,2229400,159375000000,4700,true,6.88
"GMD",142751,"/Date(1703489317000)/",73000,200,2228900,159339000000,4700,true,6.88
"GMD",142751,"/Date(1703489317000)/",73000,200,2228700,159324000000,4700,true,6.88
"GMD",142751,"/Date(1703489317000)/",73000,200,2228500,159310000000,4700,true,6.88
"GMD",142751,"/Date(1703489317000)/",73000,5000,2228300,159295000000,4700,true,6.88
"GMD",142751,"/Date(1703489317000)/",73000,1000,2223300,158930000000,4700,true,6.88
"GMD",142751,"/Date(1703489317000)/",73000,100,2222300,158857000000,4700,true,6.88
"GMD",142751,"/Date(1703489317000)/",73000,200,2222200,158850000000,4700,true,6.88
"GMD",142751,"/Date(1703489317000)/",73000,1000,2222000,158835000000,4700,true,6.88
"GMD",142751,"/Date(1703489317000)/",73000,700,2221000,158762000000,4700,true,6.88
"GMD",142751,"/Date(1703489317000)/",73000,700,2220300,158711000000,4700,true,6.88
"GMD",142751,"/Date(1703489317000)/",73000,1000,2219600,158660000000,4700,true,6.88
"GMD",142751,"/Date(1703489317000)/",73000,200,2218600,158587000000,4700,true,6.88
"GMD",142751,"/Date(1703489317000)/",73000,1400,2218400,158572000000,4700,true,6.88
"GMD",142751,"/Date(1703489317000)/",73000,100,2217000,158470000000,4700,true,6.88
"GMD",142751,"/Date(1703489317000)/",73000,800,2216900,158463000000,4700,true,6.88
"GMD",142751,"/Date(1703489317000)/",73000,200,2216100,158404000000,4700,true,6.88
"GMD",142748,"/Date(1703489317000)/",73000,9000,2215900,158390000000,4700,true,6.88
"GMD",142748,"/Date(1703489317000)/",73000,200,2206900,157733000000,4700,true,6.88
"GMD",142748,"/Date(1703489317000)/",73000,1700,2206700,157718000000,4700,true,6.88
"GMD",142748,"/Date(1703489317000)/",73000,5200,2205000,157594000000,4700,true,6.88
"GMD",142748,"/Date(1703489316000)/",73000,1000,2199800,157214000000,4700,true,6.88
"GMD",142748,"/Date(1703489316000)/",73000,100,2198800,157141000000,4700,true,6.88
"GMD",142748,"/Date(1703489315000)/",73000,3000,2198700,157134000000,4700,true,6.88
"GMD",142748,"/Date(1703489314000)/",73000,600,2195700,156915000000,4700,true,6.88
"GMD",142745,"/Date(1703489313000)/",73000,100,2195100,156871000000,4700,true,6.88
"GMD",142745,"/Date(1703489313000)/",73000,200,2195000,156864000000,4700,true,6.88
"GMD",142745,"/Date(1703489313000)/",73000,100,2194800,156849000000,4700,true,6.88
"GMD",142745,"/Date(1703489313000)/",73000,500,2194700,156842000000,4700,true,6.88
"GMD",142745,"/Date(1703489313000)/",73000,100,2194200,156806000000,4700,true,6.88
"GMD",142745,"/Date(1703489313000)/",73000,4000,2194100,156798000000,4700,true,6.88
"GMD",142745,"/Date(1703489313000)/",73000,1000,2190100,156506000000,4700,true,6.88
"GMD",142745,"/Date(1703489313000)/",73000,100,2189100,156433000000,4700,true,6.88
"GMD",142745,"/Date(1703489313000)/",73000,2000,2189000,156426000000,4700,true,6.88
"GMD",142745,"/Date(1703489313000)/",73000,600,2187000,156280000000,4700,true,6.88
"GMD",142745,"/Date(1703489313000)/",73000,400,2186400,156236000000,4700,true,6.88
"GMD",142745,"/Date(1703489313000)/",73000,300,2186000,156207000000,4700,true,6.88
"GMD",142745,"/Date(1703489313000)/",73000,100,2185700,156185000000,4700,true,6.88
"GMD",142745,"/Date(1703489313000)/",73000,100,2185600,156178000000,4700,true,6.88
"GMD",142745,"/Date(1703489313000)/",73000,200,2185500,156171000000,4700,true,6.88
"GMD",142745,"/Date(1703489313000)/",73000,2000,2185300,156156000000,4700,true,6.88
"GMD",142745,"/Date(1703489313000)/",73000,1300,2183300,156010000000,4700,true,6.88
"GMD",142745,"/Date(1703489313000)/",73000,500,2182000,155915000000,4700,true,6.88
"GMD",142745,"/Date(1703489313000)/",73000,200,2181500,155879000000,4700,true,6.88
"GMD",142745,"/Date(1703489313000)/",73000,1400,2181300,155864000000,4700,true,6.88
"GMD",142745,"/Date(1703489313000)/",73000,500,2179900,155762000000,4700,true,6.88
"GMD",142745,"/Date(1703489313000)/",73000,900,2179400,155725000000,4700,true,6.88
"GMD",142745,"/Date(1703489313000)/",73000,1000,2178500,155660000000,4700,true,6.88
"GMD",142745,"/Date(1703489313000)/",73000,200,2177500,155587000000,4700,true,6.88
"GMD",142745,"/Date(1703489313000)/",73000,500,2177300,155572000000,4700,true,6.88
"GMD",142745,"/Date(1703489313000)/",73000,100,2176800,155535000000,4700,true,6.88
"GMD",142745,"/Date(1703489313000)/",73000,3000,2176700,155528000000,4700,true,6.88
"GMD",142745,"/Date(1703489313000)/",73000,100,2173700,155309000000,4700,true,6.88
"GMD",142745,"/Date(1703489313000)/",73000,200,2173600,155302000000,4700,true,6.88
"GMD",142745,"/Date(1703489313000)/",73000,1000,2173400,155287000000,4700,true,6.88
"GMD",142745,"/Date(1703489313000)/",73000,200,2172400,155214000000,4700,true,6.88
"GMD",142745,"/Date(1703489313000)/",73000,500,2172200,155200000000,4700,true,6.88
"GMD",142745,"/Date(1703489313000)/",73000,300,2171700,155163000000,4700,true,6.88
"GMD",142745,"/Date(1703489313000)/",73000,5500,2171400,155141000000,4700,true,6.88
"GMD",142745,"/Date(1703489313000)/",73000,800,2165900,154740000000,4700,true,6.88
"GMD",142745,"/Date(1703489313000)/",73000,500,2165100,154681000000,4700,true,6.88
"GMD",142745,"/Date(1703489313000)/",73000,1000,2164600,154645000000,4700,true,6.88
"GMD",142745,"/Date(1703489313000)/",73000,500,2163600,154572000000,4700,true,6.88
"GMD",142745,"/Date(1703489313000)/",73000,100,2163100,154535000000,4700,true,6.88
"GMD",142745,"/Date(1703489313000)/",73000,200,2163000,154528000000,4700,true,6.88
"GMD",142745,"/Date(1703489313000)/",73000,1000,2162800,154513000000,4700,true,6.88
"GMD",142745,"/Date(1703489313000)/",73000,300,2161800,154440000000,4700,true,6.88
"GMD",142745,"/Date(1703489313000)/",73000,2000,2161500,154419000000,4700,true,6.88
"GMD",142745,"/Date(1703489313000)/",73000,14400,2159500,154273000000,4700,true,6.88
"GMD",142745,"/Date(1703489312000)/",73000,600,2145100,153221000000,4700,true,6.88
"GMD",142745,"/Date(1703489312000)/",73000,300,2144500,153178000000,4700,true,6.88
"GMD",142745,"/Date(1703489312000)/",73000,100,2144200,153156000000,4700,true,6.88
"GMD",142742,"/Date(1703489309000)/",73000,5000,2144100,153148000000,4700,true,6.88
"GMD",142739,"/Date(1703489307000)/",73000,400,2139100,152783000000,4700,true,6.88
"GMD",142739,"/Date(1703489306000)/",73000,500,2138700,152754000000,4700,true,6.88
"GMD",142739,"/Date(1703489305000)/",73000,200,2138200,152718000000,4700,true,6.88
"GMD",142739,"/Date(1703489305000)/",73000,3800,2138000,152703000000,4700,true,6.88
"GMD",142739,"/Date(1703489305000)/",73000,500,2134200,152426000000,4700,true,6.88
"GMD",142739,"/Date(1703489305000)/",73000,200,2133700,152389000000,4700,true,6.88
"GMD",142739,"/Date(1703489305000)/",73000,500,2133500,152375000000,4700,true,6.88
"GMD",142739,"/Date(1703489305000)/",73000,100,2133000,152338000000,4700,true,6.88
"GMD",142739,"/Date(1703489305000)/",73000,100,2132900,152331000000,4700,true,6.88
"GMD",142739,"/Date(1703489305000)/",73000,300,2132800,152323000000,4700,true,6.88
"GMD",142739,"/Date(1703489305000)/",73000,500,2132500,152302000000,4700,true,6.88
"GMD",142739,"/Date(1703489305000)/",73000,1000,2132000,152265000000,4700,true,6.88
"GMD",142739,"/Date(1703489305000)/",73000,200,2131000,152192000000,4700,true,6.88
"GMD",142739,"/Date(1703489305000)/",73000,800,2130800,152177000000,4700,true,6.88
"GMD",142739,"/Date(1703489305000)/",73000,100,2130000,152119000000,4700,true,6.88
"GMD",142739,"/Date(1703489305000)/",73000,1900,2129900,152112000000,4700,true,6.88
"GMD",142735,"/Date(1703489303000)/",73000,200,2128000,151973000000,4700,true,6.88
"GMD",142735,"/Date(1703489301000)/",73000,200,2127800,151958000000,4700,true,6.88
"GMD",142732,"/Date(1703489301000)/",73000,100,2127600,151944000000,4700,true,6.88
"GMD",142732,"/Date(1703489300000)/",73000,600,2127500,151937000000,4700,true,6.88
"GMD",142732,"/Date(1703489300000)/",73000,400,2126900,151893000000,4700,true,6.88
"GMD",142729,"/Date(1703489296000)/",73000,100,2126500,151864000000,4700,true,6.88
"GMD",142726,"/Date(1703489293000)/",73000,300,2126400,151856000000,4700,true,6.88
"GMD",142726,"/Date(1703489293000)/",73000,200,2126100,151834000000,4700,true,6.88
"GMD",142726,"/Date(1703489293000)/",73000,1000,2125900,151820000000,4700,true,6.88
"GMD",142726,"/Date(1703489293000)/",73000,500,2124900,151747000000,4700,true,6.88
"GMD",142726,"/Date(1703489293000)/",73000,100,2124400,151710000000,4700,true,6.88
"GMD",142726,"/Date(1703489293000)/",73000,5000,2124300,151703000000,4700,true,6.88
"GMD",142726,"/Date(1703489293000)/",73000,300,2119300,151338000000,4700,true,6.88
"GMD",142726,"/Date(1703489293000)/",73000,400,2119000,151316000000,4700,true,6.88
"GMD",142726,"/Date(1703489293000)/",73000,200,2118600,151287000000,4700,true,6.88
"GMD",142726,"/Date(1703489293000)/",73000,500,2118400,151272000000,4700,true,6.88
"GMD",142726,"/Date(1703489293000)/",73000,1000,2117900,151236000000,4700,true,6.88
"GMD",142726,"/Date(1703489293000)/",73000,500,2116900,151163000000,4700,true,6.88
"GMD",142726,"/Date(1703489293000)/",73000,100,2116400,151126000000,4700,true,6.88
"GMD",142726,"/Date(1703489293000)/",73000,29900,2116300,151119000000,4700,true,6.88
"GMD",142726,"/Date(1703489293000)/",73000,200,2086400,148936000000,4700,true,6.88
"GMD",142726,"/Date(1703489292000)/",73000,200,2086200,148922000000,4700,true,6.88
"GMD",142719,"/Date(1703489288000)/",73000,900,2086000,148907000000,4700,true,6.88
"GMD",142719,"/Date(1703489287000)/",73000,1500,2085100,148841000000,4700,true,6.88
"GMD",142706,"/Date(1703489274000)/",73000,100,2083600,148732000000,4700,true,6.88
"GMD",142706,"/Date(1703489273000)/",73000,17200,2083500,148725000000,4700,true,6.88
"GMD",142706,"/Date(1703489273000)/",73000,7000,2066300,147469000000,4700,true,6.88
"GMD",142706,"/Date(1703489273000)/",73000,200,2059300,146958000000,4700,true,6.88
"GMD",142706,"/Date(1703489273000)/",73000,600,2059100,146943000000,4700,true,6.88
"GMD",142703,"/Date(1703489270000)/",73000,7100,2058500,146900000000,4700,true,6.88
"GMD",142700,"/Date(1703489266000)/",73000,2300,2051400,146381000000,4700,true,6.88
"GMD",142700,"/Date(1703489266000)/",73000,300,2049100,146213000000,4700,true,6.88
"GMD",142700,"/Date(1703489266000)/",73000,500,2048800,146191000000,4700,true,6.88
"GMD",142700,"/Date(1703489266000)/",73000,600,2048300,146155000000,4700,true,6.88
"GMD",142700,"/Date(1703489266000)/",73000,100,2047700,146111000000,4700,true,6.88
"GMD",142700,"/Date(1703489266000)/",73000,6200,2047600,146104000000,4700,true,6.88
"GMD",142657,"/Date(1703489263000)/",73000,100,2041400,145651000000,4700,true,6.88
"GMD",142654,"/Date(1703489262000)/",73000,2000,2041300,145644000000,4700,true,6.88
"GMD",142654,"/Date(1703489261000)/",73000,200,2039300,145498000000,4700,true,6.88
"GMD",142650,"/Date(1703489256000)/",73000,1000,2039100,145483000000,4700,true,6.88
"GMD",142647,"/Date(1703489255000)/",73000,200,2038100,145410000000,4700,true,6.88
"GMD",142647,"/Date(1703489253000)/",73000,200,2037900,145396000000,4700,true,6.88
"GMD",142644,"/Date(1703489252000)/",73000,1000,2037700,145381000000,4700,true,6.88
"GMD",142641,"/Date(1703489248000)/",73000,2000,2036700,145308000000,4700,true,6.88
"GMD",142631,"/Date(1703489239000)/",73000,200,2034700,145162000000,4700,true,6.88
"GMD",142625,"/Date(1703489231000)/",73000,6900,2034500,145148000000,4700,true,6.88
"GMD",142625,"/Date(1703489231000)/",73000,100,2027600,144644000000,4700,true,6.88
"GMD",142625,"/Date(1703489231000)/",73000,100,2027500,144637000000,4700,true,6.88
"GMD",142625,"/Date(1703489231000)/",73000,1000,2027400,144629000000,4700,true,6.88
"GMD",142625,"/Date(1703489231000)/",73000,100,2026400,144556000000,4700,true,6.88
"GMD",142625,"/Date(1703489231000)/",73000,300,2026300,144549000000,4700,true,6.88
"GMD",142625,"/Date(1703489231000)/",73000,500,2026000,144527000000,4700,true,6.88
"GMD",142625,"/Date(1703489231000)/",73000,1000,2025500,144491000000,4700,true,6.88
"GMD",142622,"/Date(1703489229000)/",73000,1000,2024500,144418000000,4700,true,6.88
"GMD",142615,"/Date(1703489223000)/",73000,1000,2023500,144345000000,4700,true,6.88
"GMD",142615,"/Date(1703489223000)/",73000,500,2022500,144272000000,4700,true,6.88
"GMD",142615,"/Date(1703489223000)/",73000,700,2022000,144235000000,4700,true,6.88
"GMD",142615,"/Date(1703489223000)/",73000,7800,2021300,144184000000,4700,true,6.88
"GMD",142606,"/Date(1703489213000)/",73000,200,2013500,143615000000,4700,true,6.88
"GMD",142603,"/Date(1703489211000)/",73000,1000,2013300,143600000000,4700,true,6.88
"GMD",142556,"/Date(1703489203000)/",73000,1000,2012300,143527000000,4700,true,6.88
"GMD",142556,"/Date(1703489203000)/",73000,2200,2011300,143454000000,4700,true,6.88
"GMD",142540,"/Date(1703489187000)/",73000,3800,2009100,143293000000,4700,true,6.88
"GMD",142540,"/Date(1703489187000)/",73000,5000,2005300,143016000000,4700,true,6.88
"GMD",142540,"/Date(1703489187000)/",73000,100,2000300,142651000000,4700,true,6.88
"GMD",142540,"/Date(1703489187000)/",73000,1100,2000200,142644000000,4700,true,6.88
"GMD",142534,"/Date(1703489181000)/",73000,100,1999100,142563000000,4700,true,6.88
"GMD",142521,"/Date(1703489166000)/",73000,1200,1999000,142556000000,4700,true,6.88
"GMD",142518,"/Date(1703489166000)/",73000,4300,1997800,142468000000,4700,true,6.88
"GMD",142518,"/Date(1703489166000)/",73000,400,1993500,142155000000,4700,true,6.88
"GMD",142518,"/Date(1703489166000)/",73000,700,1993100,142125000000,4700,true,6.88
"GMD",142518,"/Date(1703489166000)/",73000,500,1992400,142074000000,4700,true,6.88
"GMD",142518,"/Date(1703489166000)/",73000,2700,1991900,142038000000,4700,true,6.88
"GMD",142518,"/Date(1703489166000)/",73000,300,1989200,141841000000,4700,true,6.88
"GMD",142518,"/Date(1703489166000)/",73000,500,1988900,141819000000,4700,true,6.88
"GMD",142518,"/Date(1703489166000)/",73000,600,1988400,141782000000,4700,true,6.88
"GMD",142511,"/Date(1703489158000)/",73000,700,1987800,141738000000,4700,true,6.88
"GMD",142511,"/Date(1703489158000)/",73000,500,1987100,141687000000,4700,true,6.88
"GMD",142459,"/Date(1703489145000)/",73000,500,1986600,141651000000,4700,true,6.88
"GMD",142446,"/Date(1703489133000)/",73000,2000,1986100,141614000000,4700,true,6.88
"GMD",142446,"/Date(1703489133000)/",73000,1000,1984100,141468000000,4700,true,6.88
"GMD",142443,"/Date(1703489130000)/",73000,2000,1983100,141395000000,4700,true,6.88
"GMD",142436,"/Date(1703489124000)/",73000,5000,1981100,141249000000,4700,true,6.88
"GMD",142430,"/Date(1703489116000)/",73000,200,1976100,140884000000,4700,true,6.88
"GMD",142423,"/Date(1703489111000)/",73000,1000,1975900,140870000000,4700,true,6.88
"GMD",142417,"/Date(1703489103000)/",73000,37800,1974900,140797000000,4700,true,6.88
"GMD",142417,"/Date(1703489103000)/",73000,300,1937100,138037000000,4700,true,6.88
"GMD",142417,"/Date(1703489103000)/",73000,200,1936800,138015000000,4700,true,6.88
"GMD",142417,"/Date(1703489103000)/",73000,1000,1936600,138001000000,4700,true,6.88
"GMD",142417,"/Date(1703489103000)/",73000,20000,1935600,137928000000,4700,true,6.88
"GMD",142417,"/Date(1703489103000)/",73000,1000,1915600,136468000000,4700,true,6.88
"GMD",142417,"/Date(1703489103000)/",73000,3000,1914600,136395000000,4700,true,6.88
"GMD",142417,"/Date(1703489103000)/",73000,20000,1911600,136176000000,4700,true,6.88
"GMD",142417,"/Date(1703489103000)/",73000,800,1891600,134716000000,4700,true,6.88
"GMD",142417,"/Date(1703489103000)/",73000,500,1890800,134657000000,4700,true,6.88
"GMD",142417,"/Date(1703489103000)/",73000,300,1890300,134621000000,4700,true,6.88
"GMD",142417,"/Date(1703489103000)/",73000,1500,1890000,134599000000,4700,true,6.88
"GMD",142417,"/Date(1703489103000)/",73000,500,1888500,134490000000,4700,true,6.88
"GMD",142417,"/Date(1703489103000)/",73000,500,1888000,134453000000,4700,true,6.88
"GMD",142417,"/Date(1703489103000)/",73000,100,1887500,134417000000,4700,true,6.88
"GMD",142417,"/Date(1703489103000)/",73000,800,1887400,134409000000,4700,true,6.88
"GMD",142417,"/Date(1703489103000)/",73000,100,1886600,134351000000,4700,true,6.88
"GMD",142417,"/Date(1703489103000)/",73000,5000,1886500,134344000000,4700,true,6.88
"GMD",142417,"/Date(1703489103000)/",73000,48000,1881500,133979000000,4700,true,6.88
"GMD",142417,"/Date(1703489103000)/",73000,100,1833500,130475000000,4700,true,6.88
"GMD",142417,"/Date(1703489103000)/",73000,2000,1833400,130467000000,4700,true,6.88
"GMD",142417,"/Date(1703489103000)/",73000,200,1831400,130321000000,4700,true,6.88
"GMD",142417,"/Date(1703489103000)/",73000,2000,1831200,130307000000,4700,true,6.88
"GMD",142417,"/Date(1703489103000)/",73000,4300,1829200,130161000000,4700,true,6.88
"GMD",142414,"/Date(1703489101000)/",73000,2000,1824900,129847000000,4700,true,6.88
"GMD",142345,"/Date(1703489073000)/",73000,300,1822900,129701000000,4700,true,6.88
"GMD",142316,"/Date(1703489043000)/",73000,100,1822600,129679000000,4700,true,6.88
"GMD",142316,"/Date(1703489039000)/",73000,3000,1822500,129672000000,4700,true,6.88
"GMD",142316,"/Date(1703489034000)/",73000,500,1819500,129453000000,4700,true,6.88
"GMD",142300,"/Date(1703489027000)/",73000,1200,1819000,129416000000,4700,true,6.88
"GMD",142248,"/Date(1703489013000)/",73000,500,1817800,129328000000,4700,true,6.88
"GMD",142153,"/Date(1703488959000)/",73000,500,1817300,129292000000,4700,true,6.88
"GMD",142124,"/Date(1703488931000)/",73000,100,1816800,129255000000,4700,true,6.88
"GMD",141829,"/Date(1703488756000)/",73000,600,1816700,129248000000,4700,true,6.88
"GMD",141822,"/Date(1703488748000)/",73000,300,1816100,129204000000,4700,true,6.88
"GMD",141816,"/Date(1703488740000)/",73000,1500,1815800,129182000000,4700,true,6.88
"GMD",141806,"/Date(1703488734000)/",73000,200,1814300,129073000000,4700,true,6.88
"GMD",141734,"/Date(1703488699000)/",73000,100,1814100,129058000000,4700,true,6.88
"GMD",141718,"/Date(1703488685000)/",73000,100,1814000,129051000000,4700,true,6.88
"GMD",141659,"/Date(1703488665000)/",73000,200,1813900,129044000000,4700,true,6.88
"GMD",141643,"/Date(1703488648000)/",73000,1000,1813700,129029000000,4700,true,6.88
"GMD",141630,"/Date(1703488636000)/",73000,2300,1812700,128956000000,4700,true,6.88
"GMD",141630,"/Date(1703488636000)/",73000,1700,1810400,128788000000,4700,true,6.88
"GMD",141546,"/Date(1703488591000)/",73000,300,1808700,128664000000,4700,true,6.88
"GMD",141507,"/Date(1703488554000)/",73000,2000,1808400,128642000000,4700,true,6.88
"GMD",141448,"/Date(1703488534000)/",73000,100,1806400,128496000000,4700,true,6.88
"GMD",141407,"/Date(1703488493000)/",73000,1000,1806300,128489000000,4700,true,6.88
"GMD",141351,"/Date(1703488477000)/",73000,500,1805300,128416000000,4700,true,6.88
"GMD",141244,"/Date(1703488410000)/",73000,500,1804800,128379000000,4700,true,6.88
"GMD",141228,"/Date(1703488395000)/",73000,400,1804300,128343000000,4700,true,6.88
"GMD",141215,"/Date(1703488379000)/",73000,500,1803900,128314000000,4700,true,6.88
"GMD",141146,"/Date(1703488352000)/",73000,100,1803400,128277000000,4700,true,6.88
"GMD",141108,"/Date(1703488313000)/",73000,200,1803300,128270000000,4700,true,6.88
"GMD",141052,"/Date(1703488296000)/",73000,1000,1803100,128255000000,4700,true,6.88
"GMD",141049,"/Date(1703488293000)/",73000,100,1802100,128182000000,4700,true,6.88
"GMD",141030,"/Date(1703488275000)/",73000,6000,1802000,128175000000,4700,true,6.88
"GMD",141017,"/Date(1703488261000)/",73000,200,1796000,127737000000,4700,true,6.88
"GMD",141007,"/Date(1703488251000)/",73000,200,1795800,127722000000,4700,true,6.88
"GMD",140951,"/Date(1703488238000)/",73000,100,1795600,127708000000,4700,true,6.88
"GMD",140935,"/Date(1703488220000)/",73000,500,1795500,127701000000,4700,true,6.88
"GMD",140926,"/Date(1703488212000)/",73000,3000,1795000,127664000000,4700,true,6.88
"GMD",140919,"/Date(1703488204000)/",73000,500,1792000,127445000000,4700,true,6.88
"GMD",140916,"/Date(1703488202000)/",73000,200,1791500,127409000000,4700,true,6.88
"GMD",140916,"/Date(1703488200000)/",73000,500,1791300,127394000000,4700,true,6.88
"GMD",140907,"/Date(1703488192000)/",73000,200,1790800,127357000000,4700,true,6.88
"GMD",140907,"/Date(1703488192000)/",73000,200,1790600,127343000000,4700,true,6.88
"GMD",140907,"/Date(1703488192000)/",73000,500,1790400,127328000000,4700,true,6.88
"GMD",140907,"/Date(1703488192000)/",73000,2300,1789900,127292000000,4700,true,6.88
"GMD",140857,"/Date(1703488183000)/",73000,100,1787600,127124000000,4700,true,6.88
"GMD",140841,"/Date(1703488168000)/",73000,1000,1787500,127117000000,4700,true,6.88
"GMD",140841,"/Date(1703488167000)/",73000,300,1786500,127044000000,4700,true,6.88
"GMD",140831,"/Date(1703488156000)/",73000,100,1786200,127022000000,4700,true,6.88
"GMD",140831,"/Date(1703488156000)/",73000,900,1786100,127014000000,4700,true,6.88
"GMD",140825,"/Date(1703488151000)/",73000,100,1785200,126949000000,4700,true,6.88
"GMD",140819,"/Date(1703488143000)/",73000,500,1785100,126941000000,4700,true,6.88
"GMD",140806,"/Date(1703488130000)/",73000,200,1784600,126905000000,4700,true,6.88
"GMD",140800,"/Date(1703488125000)/",73000,100,1784400,126890000000,4700,true,6.88
"GMD",140756,"/Date(1703488121000)/",73000,800,1784300,126883000000,4700,true,6.88
"GMD",140753,"/Date(1703488119000)/",73000,1800,1783500,126825000000,4700,true,6.88
"GMD",140740,"/Date(1703488104000)/",73000,200,1781700,126693000000,4700,true,6.88
"GMD",140737,"/Date(1703488103000)/",73000,15400,1781500,126679000000,4700,true,6.88
"GMD",140737,"/Date(1703488103000)/",73000,100,1766100,125554000000,4700,true,6.88
"GMD",140737,"/Date(1703488103000)/",73000,25000,1766000,125547000000,4700,true,6.88
"GMD",140737,"/Date(1703488103000)/",73000,2000,1741000,123722000000,4700,true,6.88
"GMD",140737,"/Date(1703488103000)/",73000,500,1739000,123576000000,4700,true,6.88
"GMD",140737,"/Date(1703488103000)/",73000,500,1738500,123540000000,4700,true,6.88
"GMD",140737,"/Date(1703488103000)/",73000,1000,1738000,123503000000,4700,true,6.88
"GMD",140737,"/Date(1703488103000)/",73000,200,1737000,123430000000,4700,true,6.88
"GMD",140737,"/Date(1703488103000)/",73000,4000,1736800,123415000000,4700,true,6.88
"GMD",140737,"/Date(1703488103000)/",73000,200,1732800,123123000000,4700,true,6.88
"GMD",140737,"/Date(1703488103000)/",73000,200,1732600,123109000000,4700,true,6.88
"GMD",140737,"/Date(1703488103000)/",73000,2500,1732400,123094000000,4700,true,6.88
"GMD",140728,"/Date(1703488092000)/",73000,1800,1729900,122912000000,4700,true,6.88
"GMD",140649,"/Date(1703488055000)/",73000,1700,1728100,122780000000,4700,true,6.88
"GMD",140649,"/Date(1703488054000)/",73000,600,1726400,122656000000,4700,true,6.88
"GMD",140643,"/Date(1703488047000)/",73000,200,1725800,122612000000,4700,true,6.88
"GMD",140637,"/Date(1703488042000)/",73000,200,1725600,122598000000,4700,true,6.88
"GMD",140637,"/Date(1703488041000)/",73000,500,1725400,122583000000,4700,true,6.88
"GMD",140627,"/Date(1703488033000)/",73000,500,1724900,122547000000,4700,true,6.88
"GMD",140624,"/Date(1703488028000)/",73000,1200,1724400,122510000000,4700,true,6.88
"GMD",140614,"/Date(1703488018000)/",73000,800,1723200,122423000000,4700,true,6.88
"GMD",140614,"/Date(1703488018000)/",73000,100,1722400,122364000000,4700,true,6.88
"GMD",140614,"/Date(1703488018000)/",73000,900,1722300,122357000000,4700,true,6.88
"GMD",140611,"/Date(1703488017000)/",73000,200,1721400,122291000000,4700,true,6.88
"GMD",140605,"/Date(1703488009000)/",73000,500,1721200,122277000000,4700,true,6.88
"GMD",140558,"/Date(1703488004000)/",73000,100,1720700,122240000000,4700,true,6.88
"GMD",140552,"/Date(1703487996000)/",73000,100,1720600,122233000000,4700,true,6.88
"GMD",140542,"/Date(1703487987000)/",73000,3800,1720500,122226000000,4700,true,6.88
"GMD",140542,"/Date(1703487986000)/",73000,300,1716700,121948000000,4700,true,6.88
"GMD",140542,"/Date(1703487986000)/",73000,1000,1716400,121926000000,4700,true,6.88
"GMD",140542,"/Date(1703487986000)/",73000,200,1715400,121853000000,4700,true,6.88
"GMD",140542,"/Date(1703487986000)/",73000,500,1715200,121839000000,4700,true,6.88
"GMD",140542,"/Date(1703487986000)/",73000,600,1714700,121802000000,4700,true,6.88
"GMD",140539,"/Date(1703487983000)/",73000,300,1714100,121758000000,4700,true,6.88
"GMD",140536,"/Date(1703487981000)/",73000,1100,1713800,121736000000,4700,true,6.88
"GMD",140536,"/Date(1703487981000)/",73000,700,1712700,121656000000,4700,true,6.88
"GMD",140533,"/Date(1703487979000)/",73000,1800,1712000,121605000000,4700,true,6.88
"GMD",140533,"/Date(1703487979000)/",73000,100,1710200,121474000000,4700,true,6.88
"GMD",140533,"/Date(1703487979000)/",73000,1900,1710100,121466000000,4700,true,6.88
"GMD",140530,"/Date(1703487973000)/",73000,100,1708200,121328000000,4700,true,6.88
"GMD",140530,"/Date(1703487973000)/",73000,200,1708100,121320000000,4700,true,6.88
"GMD",140530,"/Date(1703487973000)/",73000,500,1707900,121306000000,4700,true,6.88
"GMD",140527,"/Date(1703487971000)/",73000,100,1707400,121269000000,4700,true,6.88
"GMD",140501,"/Date(1703487945000)/",73000,400,1707300,121262000000,4700,true,6.88
"GMD",140501,"/Date(1703487945000)/",73000,1400,1706900,121233000000,4700,true,6.88
"GMD",140451,"/Date(1703487935000)/",73000,100,1705500,121131000000,4700,true,6.88
"GMD",140445,"/Date(1703487930000)/",73000,500,1705400,121123000000,4700,true,6.88
"GMD",140445,"/Date(1703487930000)/",73000,500,1704900,121087000000,4700,true,6.88
"GMD",140445,"/Date(1703487930000)/",73000,2000,1704400,121050000000,4700,true,6.88
"GMD",140445,"/Date(1703487929000)/",73000,100,1702400,120904000000,4700,true,6.88
"GMD",140432,"/Date(1703487916000)/",73000,1000,1702300,120897000000,4700,true,6.88
"GMD",140423,"/Date(1703487908000)/",73000,1800,1701300,120824000000,4700,true,6.88
"GMD",140357,"/Date(1703487883000)/",73000,100,1699500,120693000000,4700,true,6.88
"GMD",140348,"/Date(1703487871000)/",73000,1000,1699400,120685000000,4700,true,6.88
"GMD",140348,"/Date(1703487871000)/",73000,800,1698400,120612000000,4700,true,6.88
"GMD",140341,"/Date(1703487867000)/",73000,100,1697600,120554000000,4700,true,6.88
"GMD",140341,"/Date(1703487865000)/",73000,200,1697500,120547000000,4700,true,6.88
"GMD",140341,"/Date(1703487865000)/",73000,100,1697300,120532000000,4700,true,6.88
"GMD",140335,"/Date(1703487859000)/",73000,300,1697200,120525000000,4700,true,6.88
"GMD",140335,"/Date(1703487859000)/",73000,1700,1696900,120503000000,4700,true,6.88
"GMD",140325,"/Date(1703487850000)/",73000,14000,1695200,120379000000,4700,true,6.88
"GMD",140322,"/Date(1703487847000)/",73000,500,1681200,119357000000,4700,true,6.88
"GMD",140313,"/Date(1703487838000)/",73000,500,1680700,119320000000,4700,true,6.88
"GMD",140309,"/Date(1703487834000)/",73000,1700,1680200,119284000000,4700,true,6.88
"GMD",140306,"/Date(1703487832000)/",73000,200,1678500,119160000000,4700,true,6.88
"GMD",140257,"/Date(1703487821000)/",73000,300,1678300,119145000000,4700,true,6.88
"GMD",140247,"/Date(1703487811000)/",73000,9000,1678000,119123000000,4700,true,6.88
"GMD",140238,"/Date(1703487797000)/",73000,1800,1669000,118466000000,4700,true,6.88
"GMD",140225,"/Date(1703487790000)/",73000,200,1667200,118335000000,4700,true,6.88
"GMD",140215,"/Date(1703487780000)/",73000,100,1667000,118320000000,4700,true,6.88
"GMD",140156,"/Date(1703487761000)/",73000,1800,1666900,118313000000,4700,true,6.88
"GMD",140156,"/Date(1703487760000)/",73000,200,1665100,118181000000,4700,true,6.88
"GMD",140146,"/Date(1703487750000)/",73000,200,1664900,118167000000,4700,true,6.88
"GMD",140137,"/Date(1703487740000)/",73000,1000,1664700,118152000000,4700,true,6.88
"GMD",140127,"/Date(1703487731000)/",73000,100,1663700,118079000000,4700,true,6.88
"GMD",140124,"/Date(1703487729000)/",73000,300,1663600,118072000000,4700,true,6.88
"GMD",140121,"/Date(1703487725000)/",73000,100,1663300,118050000000,4700,true,6.88
"GMD",140121,"/Date(1703487724000)/",73000,1800,1663200,118043000000,4700,true,6.88
"GMD",140111,"/Date(1703487717000)/",73000,10000,1661400,117911000000,4700,true,6.88
"GMD",140111,"/Date(1703487716000)/",73000,1000,1651400,117181000000,4700,true,6.88
"GMD",140111,"/Date(1703487716000)/",73000,500,1650400,117108000000,4700,true,6.88
"GMD",140105,"/Date(1703487710000)/",73000,200,1649900,117072000000,4700,true,6.88
"GMD",140059,"/Date(1703487704000)/",73000,500,1649700,117057000000,4700,true,6.88
"GMD",140059,"/Date(1703487702000)/",73000,100,1649200,117021000000,4700,true,6.88
"GMD",140052,"/Date(1703487696000)/",73000,100,1649100,117013000000,4700,true,6.88
"GMD",140052,"/Date(1703487695000)/",73000,700,1649000,117006000000,4700,true,6.88
"GMD",140046,"/Date(1703487690000)/",73000,200,1648300,116955000000,4700,true,6.88
"GMD",140043,"/Date(1703487688000)/",73000,100,1648100,116940000000,4700,true,6.88
"GMD",140043,"/Date(1703487687000)/",73000,1100,1648000,116933000000,4700,true,6.88
"GMD",140043,"/Date(1703487687000)/",73000,700,1646900,116853000000,4700,true,6.88
"GMD",140039,"/Date(1703487685000)/",73000,1000,1646200,116802000000,4700,true,6.88
"GMD",140033,"/Date(1703487676000)/",73000,100,1645200,116729000000,4700,true,6.88
"GMD",140020,"/Date(1703487665000)/",73000,300,1645100,116721000000,4700,true,6.88
"GMD",140017,"/Date(1703487661000)/",73000,100,1644800,116699000000,4700,true,6.88
"GMD",140017,"/Date(1703487660000)/",73000,500,1644700,116692000000,4700,true,6.88
"GMD",140011,"/Date(1703487656000)/",73000,100,1644200,116656000000,4700,true,6.88
"GMD",140011,"/Date(1703487656000)/",73000,700,1644100,116648000000,4700,true,6.88
"GMD",140011,"/Date(1703487654000)/",73000,6500,1643400,116597000000,4700,true,6.88
"GMD",140011,"/Date(1703487654000)/",73000,1600,1636900,116123000000,4700,true,6.88
"GMD",140008,"/Date(1703487651000)/",73000,100,1635300,116006000000,4700,true,6.88
"GMD",140008,"/Date(1703487650000)/",73000,1800,1635200,115999000000,4700,true,6.88
"GMD",140001,"/Date(1703487646000)/",73000,300,1633400,115867000000,4700,true,6.88
"GMD",135958,"/Date(1703487644000)/",73000,200,1633100,115845000000,4700,true,6.88
"GMD",135958,"/Date(1703487644000)/",73000,1000,1632900,115831000000,4700,true,6.88
"GMD",135958,"/Date(1703487644000)/",73000,11000,1631900,115758000000,4700,true,6.88
"GMD",135955,"/Date(1703487639000)/",73000,200,1620900,114955000000,4700,true,6.88
"GMD",135955,"/Date(1703487638000)/",73000,8800,1620700,114940000000,4700,true,6.88
"GMD",135955,"/Date(1703487638000)/",73000,1200,1611900,114298000000,4700,true,6.88
"GMD",135955,"/Date(1703487638000)/",73000,700,1610700,114210000000,4700,true,6.88
"GMD",135955,"/Date(1703487638000)/",73000,1000,1610000,114159000000,4700,true,6.88
"GMD",135955,"/Date(1703487638000)/",73000,1500,1609000,114086000000,4700,true,6.88
"GMD",135955,"/Date(1703487638000)/",73000,9700,1607500,113977000000,4700,true,6.88
"GMD",135948,"/Date(1703487632000)/",73000,400,1597800,113268000000,4700,true,6.88
"GMD",135945,"/Date(1703487630000)/",73000,100,1597400,113239000000,4700,true,6.88
"GMD",135942,"/Date(1703487626000)/",73000,100,1597300,113232000000,4700,true,6.88
"GMD",135936,"/Date(1703487619000)/",73000,300,1597200,113225000000,4700,true,6.88
"GMD",135929,"/Date(1703487613000)/",73000,1700,1596900,113203000000,4700,true,6.88
"GMD",135923,"/Date(1703487608000)/",73000,300,1595200,113079000000,4700,true,6.88
"GMD",135923,"/Date(1703487608000)/",73000,200,1594900,113057000000,4700,true,6.88
"GMD",135923,"/Date(1703487606000)/",73000,200,1594700,113042000000,4700,true,6.88
"GMD",135910,"/Date(1703487593000)/",73000,2000,1594500,113028000000,4700,true,6.88
"GMD",135904,"/Date(1703487587000)/",73000,100,1592500,112882000000,4700,true,6.88
"GMD",135901,"/Date(1703487584000)/",73000,2000,1592400,112874000000,4700,true,6.88
"GMD",135854,"/Date(1703487579000)/",73000,200,1590400,112728000000,4700,true,6.88
"GMD",135854,"/Date(1703487577000)/",73000,200,1590200,112714000000,4700,true,6.88
"GMD",135851,"/Date(1703487576000)/",73000,1500,1590000,112699000000,4700,true,6.88
"GMD",135851,"/Date(1703487576000)/",73000,200,1588500,112590000000,4700,true,6.88
"GMD",135851,"/Date(1703487576000)/",73000,100,1588300,112575000000,4700,true,6.88
"GMD",135848,"/Date(1703487573000)/",73000,100,1588200,112568000000,4700,true,6.88
"GMD",135848,"/Date(1703487573000)/",73000,900,1588100,112560000000,4700,true,6.88
"GMD",135848,"/Date(1703487571000)/",73000,100,1587200,112495000000,4700,true,6.88
"GMD",135835,"/Date(1703487558000)/",73000,100,1587100,112487000000,4700,true,6.88
"GMD",135835,"/Date(1703487558000)/",73000,400,1587000,112480000000,4700,true,6.88
"GMD",135835,"/Date(1703487558000)/",73000,100,1586600,112451000000,4700,true,6.88
"GMD",135832,"/Date(1703487557000)/",73000,500,1586500,112444000000,4700,true,6.88
"GMD",135825,"/Date(1703487550000)/",73000,500,1586000,112407000000,4700,true,6.88
"GMD",135822,"/Date(1703487547000)/",73000,500,1585500,112371000000,4700,true,6.88
"GMD",135819,"/Date(1703487542000)/",73000,1000,1585000,112334000000,4700,true,6.88
"GMD",135816,"/Date(1703487540000)/",73000,1800,1584000,112261000000,4700,true,6.88
"GMD",135816,"/Date(1703487539000)/",73000,200,1582200,112130000000,4700,true,6.88
"GMD",135813,"/Date(1703487536000)/",73000,300,1582000,112115000000,4700,true,6.88
"GMD",135813,"/Date(1703487536000)/",73000,100,1581700,112093000000,4700,true,6.88
"GMD",135806,"/Date(1703487532000)/",73000,100,1581600,112086000000,4700,true,6.88
"GMD",135806,"/Date(1703487531000)/",73000,2500,1581500,112079000000,4700,true,6.88
"GMD",135806,"/Date(1703487531000)/",73000,100,1579000,111896000000,4700,true,6.88
"GMD",135803,"/Date(1703487526000)/",73000,300,1578900,111889000000,4700,true,6.88
"GMD",135800,"/Date(1703487525000)/",73000,200,1578600,111867000000,4700,true,6.88
"GMD",135800,"/Date(1703487525000)/",73000,1000,1578400,111852000000,4700,true,6.88
"GMD",135800,"/Date(1703487524000)/",73000,400,1577400,111779000000,4700,true,6.88
"GMD",135754,"/Date(1703487517000)/",73000,100,1577000,111750000000,4700,true,6.88
"GMD",135750,"/Date(1703487515000)/",73000,100,1576900,111743000000,4700,true,6.88
"GMD",135750,"/Date(1703487513000)/",73000,100,1576800,111735000000,4700,true,6.88
"GMD",135741,"/Date(1703487504000)/",73000,1000,1576700,111728000000,4700,true,6.88
"GMD",135741,"/Date(1703487503000)/",73000,1800,1575700,111655000000,4700,true,6.88
"GMD",135738,"/Date(1703487502000)/",73000,300,1573900,111524000000,4700,true,6.88
"GMD",135728,"/Date(1703487493000)/",73000,1000,1573600,111502000000,4700,true,6.88
"GMD",135725,"/Date(1703487489000)/",73000,100,1572600,111429000000,4700,true,6.88
"GMD",135718,"/Date(1703487482000)/",73000,200,1572500,111422000000,4700,true,6.88
"GMD",135712,"/Date(1703487477000)/",73000,200,1572300,111407000000,4700,true,6.88
"GMD",135709,"/Date(1703487474000)/",73000,600,1572100,111392000000,4700,true,6.88
"GMD",135709,"/Date(1703487473000)/",73000,100,1571500,111349000000,4700,true,6.88
"GMD",135706,"/Date(1703487471000)/",73000,300,1571400,111341000000,4700,true,6.88
"GMD",135702,"/Date(1703487466000)/",73000,1800,1571100,111319000000,4700,true,6.88
"GMD",135659,"/Date(1703487465000)/",73000,100,1569300,111188000000,4700,true,6.88
"GMD",135653,"/Date(1703487457000)/",73000,300,1569200,111181000000,4700,true,6.88
"GMD",135653,"/Date(1703487456000)/",73000,1000,1568900,111159000000,4700,true,6.88
"GMD",135650,"/Date(1703487455000)/",73000,1000,1567900,111086000000,4700,true,6.88
"GMD",135646,"/Date(1703487451000)/",73000,100,1566900,111013000000,4700,true,6.88
"GMD",135646,"/Date(1703487449000)/",73000,2000,1566800,111005000000,4700,true,6.88
"GMD",135643,"/Date(1703487446000)/",73000,100,1564800,110859000000,4700,true,6.88
"GMD",135640,"/Date(1703487445000)/",73000,3000,1564700,110852000000,4700,true,6.88
"GMD",135637,"/Date(1703487442000)/",73000,1100,1561700,110633000000,4700,true,6.88
"GMD",135634,"/Date(1703487436000)/",73000,3000,1560600,110553000000,4700,true,6.88
"GMD",135631,"/Date(1703487435000)/",73000,2500,1557600,110334000000,4700,true,6.88
"GMD",135631,"/Date(1703487434000)/",73000,100,1555100,110151000000,4700,true,6.88
"GMD",135624,"/Date(1703487429000)/",73000,1700,1555000,110144000000,4700,true,6.88
"GMD",135624,"/Date(1703487429000)/",73000,100,1553300,110020000000,4700,true,6.88
"GMD",135624,"/Date(1703487428000)/",73000,1800,1553200,110013000000,4700,true,6.88
"GMD",135624,"/Date(1703487427000)/",73000,300,1551400,109881000000,4700,true,6.88
"GMD",135624,"/Date(1703487427000)/",73000,100,1551100,109859000000,4700,true,6.88
"GMD",135621,"/Date(1703487426000)/",73000,500,1551000,109852000000,4700,true,6.88
"GMD",135621,"/Date(1703487425000)/",73000,500,1550500,109816000000,4700,true,6.88
"GMD",135621,"/Date(1703487425000)/",73000,3000,1550000,109779000000,4700,true,6.88
"GMD",135608,"/Date(1703487412000)/",73000,100,1547000,109560000000,4700,true,6.88
"GMD",135608,"/Date(1703487412000)/",73000,100,1546900,109553000000,4700,true,6.88
"GMD",135608,"/Date(1703487411000)/",73000,100,1546800,109545000000,4700,true,6.88
"GMD",135605,"/Date(1703487410000)/",73000,2000,1546700,109538000000,4700,true,6.88
"GMD",135605,"/Date(1703487409000)/",73000,100,1544700,109392000000,4700,true,6.88
"GMD",135605,"/Date(1703487408000)/",73000,100,1544600,109385000000,4700,true,6.88
"GMD",135602,"/Date(1703487407000)/",73000,200,1544500,109378000000,4700,true,6.88
"GMD",135602,"/Date(1703487407000)/",73000,100,1544300,109363000000,4700,true,6.88
"GMD",135602,"/Date(1703487406000)/",73000,5000,1544200,109356000000,4700,true,6.88
"GMD",135559,"/Date(1703487403000)/",73000,3700,1539200,108991000000,4700,true,6.88
"GMD",135559,"/Date(1703487403000)/",73000,3000,1535500,108721000000,4700,true,6.88
"GMD",135555,"/Date(1703487398000)/",73000,100,1532500,108502000000,4700,true,6.88
"GMD",135552,"/Date(1703487395000)/",73000,400,1532400,108494000000,4700,true,6.88
"GMD",135549,"/Date(1703487394000)/",73000,500,1532000,108465000000,4700,true,6.88
"GMD",135549,"/Date(1703487394000)/",73000,500,1531500,108429000000,4700,true,6.88
"GMD",135549,"/Date(1703487393000)/",73000,100,1531000,108392000000,4700,true,6.88
"GMD",135549,"/Date(1703487392000)/",73000,1800,1530900,108385000000,4700,true,6.88
"GMD",135549,"/Date(1703487392000)/",73000,200,1529100,108253000000,4700,true,6.88
"GMD",135549,"/Date(1703487391000)/",73000,100,1528900,108239000000,4700,true,6.88
"GMD",135549,"/Date(1703487391000)/",73000,1000,1528800,108231000000,4700,true,6.88
"GMD",135546,"/Date(1703487390000)/",73000,200,1527800,108158000000,4700,true,6.88
"GMD",135546,"/Date(1703487388000)/",73000,100,1527600,108144000000,4700,true,6.88
"GMD",135546,"/Date(1703487388000)/",73000,3000,1527500,108137000000,4700,true,6.88
"GMD",135546,"/Date(1703487388000)/",73000,100,1524500,107918000000,4700,true,6.88
"GMD",135543,"/Date(1703487386000)/",73000,2000,1524400,107910000000,4700,true,6.88
"GMD",135543,"/Date(1703487385000)/",73000,500,1522400,107764000000,4700,true,6.88
"GMD",135539,"/Date(1703487384000)/",73000,100,1521900,107728000000,4700,true,6.88
"GMD",135539,"/Date(1703487384000)/",73000,5000,1521800,107720000000,4700,true,6.88
"GMD",135539,"/Date(1703487383000)/",73000,100,1516800,107355000000,4700,true,6.88
"GMD",135539,"/Date(1703487382000)/",73000,300,1516700,107348000000,4700,true,6.88
"GMD",135536,"/Date(1703487381000)/",73000,10000,1516400,107326000000,4700,false,6.88
"GMD",135536,"/Date(1703487381000)/",73000,1500,1506400,106596000000,4700,false,6.88
"GMD",135536,"/Date(1703487381000)/",73000,100,1504900,106487000000,4700,false,6.88
"GMD",135536,"/Date(1703487381000)/",73000,10000,1504800,106479000000,4700,false,6.88
"GMD",135536,"/Date(1703487381000)/",73000,500,1494800,105749000000,4700,false,6.88
"GMD",135536,"/Date(1703487381000)/",73000,200,1494300,105713000000,4700,false,6.88
"GMD",135536,"/Date(1703487381000)/",73000,500,1494100,105698000000,4700,false,6.88
"GMD",135536,"/Date(1703487381000)/",73000,1000,1493600,105662000000,4700,false,6.88
"GMD",135536,"/Date(1703487381000)/",73000,100,1492600,105589000000,4700,false,6.88
"GMD",135536,"/Date(1703487381000)/",73000,500,1492500,105582000000,4700,false,6.88
"GMD",135536,"/Date(1703487381000)/",73000,100,1492000,105545000000,4700,false,6.88
"GMD",135536,"/Date(1703487381000)/",73000,1000,1491900,105538000000,4700,false,6.88
"GMD",135536,"/Date(1703487381000)/",73000,600,1490900,105465000000,4700,false,6.88
"GMD",135536,"/Date(1703487381000)/",73000,6000,1490300,105421000000,4700,false,6.88
"GMD",135536,"/Date(1703487381000)/",73000,100,1484300,104983000000,4700,false,6.88
"GMD",135536,"/Date(1703487381000)/",73000,200,1484200,104976000000,4700,false,6.88
"GMD",135536,"/Date(1703487381000)/",73000,200,1484000,104961000000,4700,false,6.88
"GMD",135536,"/Date(1703487381000)/",73000,400,1483800,104946000000,4700,false,6.88
"GMD",135536,"/Date(1703487381000)/",73000,200,1483400,104917000000,4700,false,6.88
"GMD",135536,"/Date(1703487381000)/",73000,1000,1483200,104903000000,4700,false,6.88
"GMD",135536,"/Date(1703487381000)/",73000,300,1482200,104830000000,4700,false,6.88
"GMD",135536,"/Date(1703487381000)/",73000,200,1481900,104808000000,4700,false,6.88
"GMD",135536,"/Date(1703487381000)/",73000,100,1481700,104793000000,4700,false,6.88
"GMD",135536,"/Date(1703487381000)/",73000,100,1481600,104786000000,4700,false,6.88
"GMD",135536,"/Date(1703487381000)/",73000,300,1481500,104779000000,4700,false,6.88
"GMD",135536,"/Date(1703487381000)/",73000,200,1481200,104757000000,4700,false,6.88
"GMD",135536,"/Date(1703487381000)/",73000,700,1481000,104742000000,4700,false,6.88
"GMD",135536,"/Date(1703487381000)/",73000,1000,1480300,104691000000,4700,false,6.88
"GMD",135536,"/Date(1703487381000)/",73000,300,1479300,104618000000,4700,false,6.88
"GMD",135536,"/Date(1703487381000)/",73000,300,1479000,104596000000,4700,false,6.88
"GMD",135536,"/Date(1703487381000)/",73000,2000,1478700,104574000000,4700,false,6.88
"GMD",135536,"/Date(1703487381000)/",73000,200,1476700,104428000000,4700,false,6.88
"GMD",135536,"/Date(1703487381000)/",73000,200,1476500,104414000000,4700,false,6.88
"GMD",135536,"/Date(1703487381000)/",73000,200,1476300,104399000000,4700,false,6.88
"GMD",135536,"/Date(1703487381000)/",73000,1000,1476100,104384000000,4700,false,6.88
"GMD",135536,"/Date(1703487381000)/",73000,1500,1475100,104311000000,4700,false,6.88
"GMD",135536,"/Date(1703487381000)/",73000,400,1473600,104202000000,4700,false,6.88
"GMD",135536,"/Date(1703487381000)/",73000,100,1473200,104173000000,4700,false,6.88
"GMD",135536,"/Date(1703487381000)/",73000,900,1473100,104165000000,4700,false,6.88
"GMD",135533,"/Date(1703487378000)/",72900,100,1472200,104100000000,4600,true,6.73
"GMD",135533,"/Date(1703487376000)/",73000,1200,1472100,104092000000,4700,false,6.88
"GMD",135533,"/Date(1703487376000)/",72900,100,1470900,104005000000,4600,true,6.73
"GMD",135533,"/Date(1703487376000)/",72900,2300,1470800,103997000000,4600,true,6.73
"GMD",135533,"/Date(1703487376000)/",72900,700,1468500,103830000000,4600,true,6.73
"GMD",135533,"/Date(1703487375000)/",73000,5000,1467800,103779000000,4700,false,6.88
"GMD",135533,"/Date(1703487375000)/",73000,500,1462800,103414000000,4700,false,6.88
"GMD",135529,"/Date(1703487373000)/",73000,100,1462300,103377000000,4700,false,6.88
"GMD",135529,"/Date(1703487373000)/",73000,2000,1462200,103370000000,4700,false,6.88
"GMD",135526,"/Date(1703487370000)/",73000,1300,1460200,103224000000,4700,false,6.88
"GMD",135526,"/Date(1703487370000)/",73000,3000,1458900,103129000000,4700,false,6.88
"GMD",135526,"/Date(1703487370000)/",73000,700,1455900,102910000000,4700,false,6.88
"GMD",135526,"/Date(1703487370000)/",73000,1000,1455200,102859000000,4700,false,6.88
"GMD",135523,"/Date(1703487368000)/",73000,1700,1454200,102786000000,4700,false,6.88
"GMD",135523,"/Date(1703487368000)/",73000,700,1452500,102662000000,4700,false,6.88
"GMD",135523,"/Date(1703487368000)/",72900,4600,1451800,102611000000,4600,false,6.73
"GMD",135523,"/Date(1703487367000)/",72900,300,1447200,102275000000,4600,false,6.73
"GMD",135523,"/Date(1703487367000)/",72500,100,1446900,102254000000,4200,true,6.15
"GMD",135523,"/Date(1703487367000)/",72600,100,1446800,102246000000,4300,false,6.3
"GMD",135523,"/Date(1703487366000)/",72900,100,1446700,102239000000,4600,false,6.73
"GMD",135520,"/Date(1703487365000)/",73000,1300,1446600,102232000000,4700,false,6.88
"GMD",135520,"/Date(1703487365000)/",73000,1500,1445300,102137000000,4700,false,6.88
"GMD",135520,"/Date(1703487365000)/",73000,200,1443800,102027000000,4700,false,6.88
"GMD",135520,"/Date(1703487365000)/",73000,100,1443600,102013000000,4700,false,6.88
"GMD",135520,"/Date(1703487365000)/",73000,1000,1443500,102005000000,4700,false,6.88
"GMD",135520,"/Date(1703487365000)/",73000,300,1442500,101932000000,4700,false,6.88
"GMD",135520,"/Date(1703487365000)/",73000,1000,1442200,101911000000,4700,false,6.88
"GMD",135520,"/Date(1703487365000)/",73000,2300,1441200,101838000000,4700,false,6.88
"GMD",135520,"/Date(1703487365000)/",73000,200,1438900,101670000000,4700,false,6.88
"GMD",135520,"/Date(1703487365000)/",73000,100,1438700,101655000000,4700,false,6.88
"GMD",135520,"/Date(1703487365000)/",73000,1700,1438600,101648000000,4700,false,6.88
"GMD",135520,"/Date(1703487365000)/",73000,300,1436900,101524000000,4700,false,6.88
"GMD",135520,"/Date(1703487365000)/",73000,1000,1436600,101502000000,4700,false,6.88
"GMD",135520,"/Date(1703487365000)/",73000,200,1435600,101429000000,4700,false,6.88
"GMD",135520,"/Date(1703487365000)/",73000,100,1435400,101414000000,4700,false,6.88
"GMD",135520,"/Date(1703487365000)/",73000,1500,1435300,101407000000,4700,false,6.88
"GMD",135520,"/Date(1703487365000)/",73000,1500,1433800,101297000000,4700,false,6.88
"GMD",135520,"/Date(1703487365000)/",73000,2000,1432300,101188000000,4700,false,6.88
"GMD",135520,"/Date(1703487365000)/",73000,400,1430300,101042000000,4700,false,6.88
"GMD",135520,"/Date(1703487365000)/",73000,500,1429900,101013000000,4700,false,6.88
"GMD",135520,"/Date(1703487365000)/",73000,500,1429400,100976000000,4700,false,6.88
"GMD",135520,"/Date(1703487365000)/",73000,1000,1428900,100940000000,4700,false,6.88
"GMD",135520,"/Date(1703487365000)/",73000,100,1427900,100867000000,4700,false,6.88
"GMD",135520,"/Date(1703487365000)/",73000,200,1427800,100859000000,4700,false,6.88
"GMD",135520,"/Date(1703487365000)/",73000,900,1427600,100845000000,4700,false,6.88
"GMD",135520,"/Date(1703487364000)/",73000,100,1426700,100779000000,4700,false,6.88
"GMD",135520,"/Date(1703487364000)/",73000,1000,1426600,100772000000,4700,false,6.88
"GMD",135520,"/Date(1703487364000)/",73000,100,1425600,100699000000,4700,false,6.88
"GMD",135520,"/Date(1703487364000)/",73000,100,1425500,100691000000,4700,false,6.88
"GMD",135520,"/Date(1703487364000)/",73000,500,1425400,100684000000,4700,false,6.88
"GMD",135520,"/Date(1703487364000)/",73000,200,1424900,100648000000,4700,false,6.88
"GMD",135517,"/Date(1703487361000)/",73000,900,1424700,100633000000,4700,false,6.88
"GMD",135517,"/Date(1703487361000)/",73000,4100,1423800,100567000000,4700,false,6.88
"GMD",135517,"/Date(1703487360000)/",73000,3500,1419700,100268000000,4700,false,6.88
"GMD",135517,"/Date(1703487360000)/",72900,500,1416200,100013000000,4600,false,6.73
"GMD",135513,"/Date(1703487357000)/",73000,2400,1415700,99976000000,4700,false,6.88
"GMD",135513,"/Date(1703487357000)/",73000,300,1413300,99801000000,4700,false,6.88
"GMD",135513,"/Date(1703487357000)/",73000,1500,1413000,99779000000,4700,false,6.88
"GMD",135513,"/Date(1703487357000)/",73000,100,1411500,99669000000,4700,false,6.88
"GMD",135513,"/Date(1703487357000)/",73000,1200,1411400,99662000000,4700,false,6.88
"GMD",135510,"/Date(1703487355000)/",72500,1800,1410200,99575000000,4200,false,6.15
"GMD",135510,"/Date(1703487354000)/",72500,200,1408400,99444000000,4200,false,6.15
"GMD",135507,"/Date(1703487352000)/",73000,300,1408200,99430000000,4700,false,6.88
"GMD",135507,"/Date(1703487352000)/",72600,100,1407900,99408000000,4300,false,6.3
"GMD",135507,"/Date(1703487350000)/",73000,200,1407800,99400000000,4700,false,6.88
"GMD",135507,"/Date(1703487349000)/",73000,1300,1407600,99386000000,4700,false,6.88
"GMD",135507,"/Date(1703487349000)/",73000,100,1406300,99291000000,4700,false,6.88
"GMD",135507,"/Date(1703487349000)/",73000,300,1406200,99284000000,4700,false,6.88
"GMD",135507,"/Date(1703487349000)/",73000,400,1405900,99262000000,4700,false,6.88
"GMD",135507,"/Date(1703487349000)/",73000,300,1405500,99233000000,4700,false,6.88
"GMD",135507,"/Date(1703487349000)/",73000,1300,1405200,99211000000,4700,false,6.88
"GMD",135507,"/Date(1703487349000)/",73000,1000,1403900,99116000000,4700,false,6.88
"GMD",135507,"/Date(1703487349000)/",73000,100,1402900,99043000000,4700,false,6.88
"GMD",135507,"/Date(1703487349000)/",73000,200,1402800,99035000000,4700,false,6.88
"GMD",135504,"/Date(1703487349000)/",73000,200,1402600,99021000000,4700,false,6.88
"GMD",135504,"/Date(1703487349000)/",72900,1000,1402400,99006000000,4600,false,6.73
"GMD",135504,"/Date(1703487349000)/",72900,1500,1401400,98933000000,4600,false,6.73
"GMD",135504,"/Date(1703487349000)/",72900,300,1399900,98824000000,4600,false,6.73
"GMD",135504,"/Date(1703487349000)/",72900,100,1399600,98802000000,4600,false,6.73
"GMD",135504,"/Date(1703487349000)/",72900,200,1399500,98795000000,4600,false,6.73
"GMD",135504,"/Date(1703487349000)/",72900,500,1399300,98780000000,4600,false,6.73
"GMD",135504,"/Date(1703487349000)/",72900,100,1398800,98744000000,4600,false,6.73
"GMD",135504,"/Date(1703487349000)/",72900,500,1398700,98736000000,4600,false,6.73
"GMD",135504,"/Date(1703487349000)/",72900,500,1398200,98700000000,4600,false,6.73
"GMD",135504,"/Date(1703487349000)/",72800,2000,1397700,98664000000,4500,false,6.59
"GMD",135504,"/Date(1703487349000)/",72800,500,1395700,98518000000,4500,false,6.59
"GMD",135504,"/Date(1703487349000)/",72800,100,1395200,98482000000,4500,false,6.59
"GMD",135504,"/Date(1703487349000)/",72800,100,1395100,98474000000,4500,false,6.59
"GMD",135504,"/Date(1703487349000)/",72800,100,1395000,98467000000,4500,false,6.59
"GMD",135504,"/Date(1703487349000)/",72700,100,1394900,98460000000,4400,false,6.44
"GMD",135504,"/Date(1703487349000)/",72600,1000,1394800,98452000000,4300,false,6.3
"GMD",135504,"/Date(1703487349000)/",72600,100,1393800,98380000000,4300,false,6.3
"GMD",135504,"/Date(1703487349000)/",72600,100,1393700,98373000000,4300,false,6.3
"GMD",135504,"/Date(1703487349000)/",72600,300,1393600,98365000000,4300,false,6.3
"GMD",135504,"/Date(1703487349000)/",72500,100,1393300,98344000000,4200,false,6.15
"GMD",135504,"/Date(1703487349000)/",72500,100,1393200,98336000000,4200,false,6.15
"GMD",135504,"/Date(1703487349000)/",72500,1700,1393100,98329000000,4200,false,6.15
"GMD",135504,"/Date(1703487349000)/",72500,200,1391400,98206000000,4200,false,6.15
"GMD",135504,"/Date(1703487349000)/",72500,100,1391200,98191000000,4200,false,6.15
"GMD",135504,"/Date(1703487349000)/",72500,100,1391100,98184000000,4200,false,6.15
"GMD",135504,"/Date(1703487349000)/",72500,100,1391000,98177000000,4200,false,6.15
"GMD",135504,"/Date(1703487349000)/",72500,1100,1390900,98170000000,4200,false,6.15
"GMD",135504,"/Date(1703487349000)/",72500,100,1389800,98090000000,4200,false,6.15
"GMD",135504,"/Date(1703487349000)/",72500,100,1389700,98083000000,4200,false,6.15
"GMD",135504,"/Date(1703487348000)/",72500,900,1389600,98075000000,4200,false,6.15
"GMD",135504,"/Date(1703487348000)/",72500,100,1388700,98010000000,4200,false,6.15
"GMD",135504,"/Date(1703487348000)/",72500,1000,1388600,98003000000,4200,false,6.15
"GMD",135504,"/Date(1703487347000)/",72400,500,1387600,97930000000,4100,false,6
"GMD",135504,"/Date(1703487347000)/",72400,100,1387100,97894000000,4100,false,6
"GMD",135504,"/Date(1703487347000)/",72400,200,1387000,97887000000,4100,false,6
"GMD",135504,"/Date(1703487347000)/",72300,200,1386800,97872000000,4000,false,5.86
"GMD",135504,"/Date(1703487347000)/",72300,100,1386600,97858000000,4000,false,5.86
"GMD",135504,"/Date(1703487347000)/",72300,200,1386500,97851000000,4000,false,5.86
"GMD",135504,"/Date(1703487347000)/",72300,200,1386300,97836000000,4000,false,5.86
"GMD",135504,"/Date(1703487347000)/",72300,700,1386100,97822000000,4000,false,5.86
"GMD",135504,"/Date(1703487346000)/",72300,100,1385400,97771000000,4000,false,5.86
"GMD",135501,"/Date(1703487344000)/",72300,1000,1385300,97764000000,4000,false,5.86
"GMD",135501,"/Date(1703487344000)/",72300,500,1384300,97692000000,4000,false,5.86
"GMD",135501,"/Date(1703487344000)/",72300,400,1383800,97656000000,4000,false,5.86
"GMD",135501,"/Date(1703487343000)/",72300,1500,1383400,97627000000,4000,false,5.86
"GMD",135457,"/Date(1703487341000)/",72200,100,1381900,97518000000,3900,true,5.71
"GMD",135457,"/Date(1703487341000)/",72300,3100,1381800,97511000000,4000,false,5.86
"GMD",135457,"/Date(1703487340000)/",72300,500,1378700,97287000000,4000,false,5.86
"GMD",135454,"/Date(1703487339000)/",72300,200,1378200,97251000000,4000,false,5.86
"GMD",135454,"/Date(1703487337000)/",72300,2000,1378000,97236000000,4000,false,5.86
"GMD",135454,"/Date(1703487337000)/",72300,100,1376000,97092000000,4000,false,5.86
"GMD",135445,"/Date(1703487330000)/",72300,4900,1375900,97084000000,4000,false,5.86
"GMD",135445,"/Date(1703487330000)/",72300,100,1371000,96730000000,4000,false,5.86
"GMD",135445,"/Date(1703487328000)/",72200,200,1370900,96723000000,3900,false,5.71
"GMD",135445,"/Date(1703487328000)/",72200,100,1370700,96708000000,3900,false,5.71
"GMD",135445,"/Date(1703487328000)/",72200,900,1370600,96701000000,3900,false,5.71
"GMD",135445,"/Date(1703487327000)/",72200,200,1369700,96636000000,3900,false,5.71
"GMD",135445,"/Date(1703487327000)/",72200,500,1369500,96622000000,3900,false,5.71
"GMD",135442,"/Date(1703487324000)/",72200,2000,1369000,96586000000,3900,false,5.71
"GMD",135438,"/Date(1703487322000)/",72000,500,1367000,96441000000,3700,true,5.42
"GMD",135435,"/Date(1703487319000)/",72200,6400,1366500,96405000000,3900,false,5.71
"GMD",135435,"/Date(1703487319000)/",72100,100,1360100,95943000000,3800,false,5.56
"GMD",135435,"/Date(1703487319000)/",72100,200,1360000,95936000000,3800,false,5.56
"GMD",135435,"/Date(1703487319000)/",72100,400,1359800,95922000000,3800,false,5.56
"GMD",135435,"/Date(1703487319000)/",72100,100,1359400,95893000000,3800,false,5.56
"GMD",135435,"/Date(1703487319000)/",72100,200,1359300,95886000000,3800,false,5.56
"GMD",135435,"/Date(1703487319000)/",72100,100,1359100,95871000000,3800,false,5.56
"GMD",135435,"/Date(1703487319000)/",72000,1800,1359000,95864000000,3700,true,5.42
"GMD",135432,"/Date(1703487315000)/",72000,100,1357200,95734000000,3700,false,5.42
"GMD",135432,"/Date(1703487314000)/",72000,5000,1357100,95727000000,3700,false,5.42
"GMD",135432,"/Date(1703487314000)/",72000,13400,1352100,95367000000,3700,false,5.42
"GMD",135432,"/Date(1703487314000)/",72000,200,1338700,94402000000,3700,false,5.42
"GMD",135432,"/Date(1703487314000)/",72000,100,1338500,94388000000,3700,false,5.42
"GMD",135432,"/Date(1703487314000)/",72000,500,1338400,94381000000,3700,false,5.42
"GMD",135432,"/Date(1703487314000)/",72000,100,1337900,94345000000,3700,false,5.42
"GMD",135432,"/Date(1703487314000)/",72000,1000,1337800,94337000000,3700,false,5.42
"GMD",135432,"/Date(1703487314000)/",72000,100,1336800,94265000000,3700,false,5.42
"GMD",135432,"/Date(1703487314000)/",72000,500,1336700,94258000000,3700,false,5.42
"GMD",135432,"/Date(1703487314000)/",72000,500,1336200,94222000000,3700,false,5.42
"GMD",135432,"/Date(1703487314000)/",72000,100,1335700,94186000000,3700,false,5.42
"GMD",135432,"/Date(1703487314000)/",72000,200,1335600,94179000000,3700,false,5.42
"GMD",135432,"/Date(1703487314000)/",72000,300,1335400,94165000000,3700,false,5.42
"GMD",135432,"/Date(1703487314000)/",72000,100,1335100,94143000000,3700,false,5.42
"GMD",135432,"/Date(1703487314000)/",72000,1000,1335000,94136000000,3700,false,5.42
"GMD",135432,"/Date(1703487314000)/",72000,400,1334000,94064000000,3700,false,5.42
"GMD",135432,"/Date(1703487314000)/",72000,500,1333600,94035000000,3700,false,5.42
"GMD",135432,"/Date(1703487314000)/",72000,200,1333100,93999000000,3700,false,5.42
"GMD",135432,"/Date(1703487314000)/",72000,1000,1332900,93985000000,3700,false,5.42
"GMD",135432,"/Date(1703487314000)/",72000,100,1331900,93913000000,3700,false,5.42
"GMD",135432,"/Date(1703487314000)/",72000,100,1331800,93905000000,3700,false,5.42
"GMD",135432,"/Date(1703487314000)/",72000,300,1331700,93898000000,3700,false,5.42
"GMD",135432,"/Date(1703487314000)/",72000,200,1331400,93877000000,3700,false,5.42
"GMD",135432,"/Date(1703487314000)/",72000,100,1331200,93862000000,3700,false,5.42
"GMD",135432,"/Date(1703487314000)/",72000,800,1331100,93855000000,3700,false,5.42
"GMD",135432,"/Date(1703487314000)/",72000,300,1330300,93797000000,3700,false,5.42
"GMD",135432,"/Date(1703487314000)/",72000,500,1330000,93776000000,3700,false,5.42
"GMD",135432,"/Date(1703487314000)/",72000,100,1329500,93740000000,3700,false,5.42
"GMD",135432,"/Date(1703487314000)/",72000,900,1329400,93733000000,3700,false,5.42
"GMD",135432,"/Date(1703487314000)/",72000,100,1328500,93668000000,3700,false,5.42
"GMD",135432,"/Date(1703487314000)/",72000,1000,1328400,93661000000,3700,false,5.42
"GMD",135432,"/Date(1703487314000)/",72000,200,1327400,93589000000,3700,false,5.42
"GMD",135432,"/Date(1703487314000)/",72000,10000,1327200,93574000000,3700,false,5.42
"GMD",135432,"/Date(1703487314000)/",72000,200,1317200,92854000000,3700,false,5.42
"GMD",135432,"/Date(1703487314000)/",72000,1000,1317000,92840000000,3700,false,5.42
"GMD",135432,"/Date(1703487314000)/",72000,2000,1316000,92768000000,3700,false,5.42
"GMD",135432,"/Date(1703487314000)/",72000,1000,1314000,92624000000,3700,false,5.42
"GMD",135432,"/Date(1703487314000)/",72000,2000,1313000,92552000000,3700,false,5.42
"GMD",135432,"/Date(1703487314000)/",72000,300,1311000,92408000000,3700,false,5.42
"GMD",135432,"/Date(1703487314000)/",72000,500,1310700,92386000000,3700,false,5.42
"GMD",135432,"/Date(1703487314000)/",72000,10000,1310200,92350000000,3700,false,5.42
"GMD",135432,"/Date(1703487314000)/",72000,1000,1300200,91630000000,3700,false,5.42
"GMD",135432,"/Date(1703487314000)/",72000,1000,1299200,91558000000,3700,false,5.42
"GMD",135432,"/Date(1703487314000)/",72000,100,1298200,91486000000,3700,false,5.42
"GMD",135432,"/Date(1703487314000)/",72000,100,1298100,91479000000,3700,false,5.42
"GMD",135432,"/Date(1703487314000)/",72000,100,1298000,91472000000,3700,false,5.42
"GMD",135432,"/Date(1703487314000)/",72000,100,1297900,91465000000,3700,false,5.42
"GMD",135432,"/Date(1703487314000)/",71900,100,1297800,91457000000,3600,false,5.27
"GMD",135432,"/Date(1703487314000)/",71900,200,1297700,91450000000,3600,false,5.27
"GMD",135432,"/Date(1703487314000)/",71900,100,1297500,91436000000,3600,false,5.27
"GMD",135432,"/Date(1703487314000)/",71900,100,1297400,91429000000,3600,false,5.27
"GMD",135432,"/Date(1703487314000)/",71900,100,1297300,91422000000,3600,false,5.27
"GMD",135432,"/Date(1703487314000)/",71900,5000,1297200,91414000000,3600,false,5.27
"GMD",135432,"/Date(1703487314000)/",71900,200,1292200,91055000000,3600,false,5.27
"GMD",135432,"/Date(1703487314000)/",71900,500,1292000,91040000000,3600,false,5.27
"GMD",135432,"/Date(1703487314000)/",71900,500,1291500,91005000000,3600,false,5.27
"GMD",135432,"/Date(1703487314000)/",71800,100,1291000,90969000000,3500,false,5.12
"GMD",135432,"/Date(1703487314000)/",71800,500,1290900,90961000000,3500,false,5.12
"GMD",135432,"/Date(1703487314000)/",71800,300,1290400,90925000000,3500,false,5.12
"GMD",135432,"/Date(1703487314000)/",71800,2000,1290100,90904000000,3500,false,5.12
"GMD",135432,"/Date(1703487314000)/",71800,100,1288100,90760000000,3500,false,5.12
"GMD",135432,"/Date(1703487314000)/",71800,100,1288000,90753000000,3500,false,5.12
"GMD",135432,"/Date(1703487314000)/",71800,100,1287900,90746000000,3500,false,5.12
"GMD",135432,"/Date(1703487314000)/",71800,100,1287800,90739000000,3500,false,5.12
"GMD",135432,"/Date(1703487314000)/",71800,5000,1287700,90732000000,3500,false,5.12
"GMD",135432,"/Date(1703487314000)/",71800,1000,1282700,90373000000,3500,false,5.12
"GMD",135432,"/Date(1703487314000)/",71800,5000,1281700,90301000000,3500,false,5.12
"GMD",135432,"/Date(1703487314000)/",71500,3800,1276700,89942000000,3200,false,4.69
"GMD",135429,"/Date(1703487313000)/",71500,100,1272900,89670000000,3200,true,4.69
"GMD",135429,"/Date(1703487313000)/",71500,300,1272800,89663000000,3200,true,4.69
"GMD",135429,"/Date(1703487313000)/",71600,300,1272500,89642000000,3300,true,4.83
"GMD",135429,"/Date(1703487313000)/",71700,500,1272200,89620000000,3400,false,4.98
"GMD",135426,"/Date(1703487310000)/",71800,1700,1271700,89584000000,3500,false,5.12
"GMD",135422,"/Date(1703487306000)/",71800,500,1270000,89462000000,3500,false,5.12
"GMD",135422,"/Date(1703487306000)/",71700,500,1269500,89426000000,3400,false,4.98
"GMD",135416,"/Date(1703487301000)/",71800,800,1269000,89390000000,3500,false,5.12
"GMD",135416,"/Date(1703487300000)/",71800,1000,1268200,89333000000,3500,false,5.12
"GMD",135416,"/Date(1703487299000)/",71800,1000,1267200,89261000000,3500,false,5.12
"GMD",135416,"/Date(1703487299000)/",71800,300,1266200,89189000000,3500,false,5.12
"GMD",135416,"/Date(1703487299000)/",71700,100,1265900,89168000000,3400,false,4.98
"GMD",135413,"/Date(1703487297000)/",71700,500,1265800,89161000000,3400,false,4.98
"GMD",135413,"/Date(1703487297000)/",71700,100,1265300,89125000000,3400,false,4.98
"GMD",135413,"/Date(1703487297000)/",71700,100,1265200,89118000000,3400,false,4.98
"GMD",135413,"/Date(1703487297000)/",71700,100,1265100,89110000000,3400,false,4.98
"GMD",135413,"/Date(1703487297000)/",71700,200,1265000,89103000000,3400,false,4.98
"GMD",135413,"/Date(1703487297000)/",71700,100,1264800,89089000000,3400,false,4.98
"GMD",135413,"/Date(1703487297000)/",71700,3900,1264700,89082000000,3400,false,4.98
"GMD",135406,"/Date(1703487290000)/",71700,400,1260800,88802000000,3400,false,4.98
"GMD",135406,"/Date(1703487290000)/",71600,100,1260400,88773000000,3300,false,4.83
"GMD",135406,"/Date(1703487290000)/",71600,400,1260300,88766000000,3300,false,4.83
"GMD",135403,"/Date(1703487286000)/",71600,100,1259900,88738000000,3300,false,4.83
"GMD",135403,"/Date(1703487286000)/",71600,900,1259800,88730000000,3300,false,4.83
"GMD",135400,"/Date(1703487285000)/",71600,1000,1258900,88666000000,3300,true,4.83
"GMD",135400,"/Date(1703487285000)/",71600,100,1257900,88594000000,3300,true,4.83
"GMD",135400,"/Date(1703487284000)/",71600,200,1257800,88587000000,3300,true,4.83
"GMD",135400,"/Date(1703487282000)/",71600,1800,1257600,88573000000,3300,true,4.83
"GMD",135400,"/Date(1703487282000)/",71700,700,1255800,88444000000,3400,false,4.98
"GMD",135400,"/Date(1703487282000)/",71700,1000,1255100,88394000000,3400,false,4.98
"GMD",135400,"/Date(1703487282000)/",71700,100,1254100,88322000000,3400,false,4.98
"GMD",135347,"/Date(1703487273000)/",71600,100,1254000,88315000000,3300,false,4.83
"GMD",135347,"/Date(1703487273000)/",71600,1800,1253900,88308000000,3300,false,4.83
"GMD",135347,"/Date(1703487273000)/",71600,200,1252100,88179000000,3300,false,4.83
"GMD",135347,"/Date(1703487273000)/",71600,200,1251900,88165000000,3300,false,4.83
"GMD",135347,"/Date(1703487273000)/",71600,100,1251700,88150000000,3300,false,4.83
"GMD",135347,"/Date(1703487273000)/",71600,300,1251600,88143000000,3300,false,4.83
"GMD",135347,"/Date(1703487271000)/",71500,100,1251300,88122000000,3200,true,4.69
"GMD",135344,"/Date(1703487269000)/",71500,500,1251200,88115000000,3200,true,4.69
"GMD",135338,"/Date(1703487262000)/",71500,500,1250700,88079000000,3200,true,4.69
"GMD",135338,"/Date(1703487262000)/",71500,1500,1250200,88043000000,3200,true,4.69
"GMD",135335,"/Date(1703487258000)/",71500,500,1248700,87936000000,3200,true,4.69
"GMD",135335,"/Date(1703487258000)/",71500,100,1248200,87900000000,3200,true,4.69
"GMD",135335,"/Date(1703487258000)/",71500,500,1248100,87893000000,3200,true,4.69
"GMD",135335,"/Date(1703487258000)/",71500,300,1247600,87857000000,3200,true,4.69
"GMD",135335,"/Date(1703487258000)/",71500,3600,1247300,87836000000,3200,true,4.69
"GMD",135335,"/Date(1703487258000)/",71600,100,1243700,87578000000,3300,false,4.83
"GMD",135335,"/Date(1703487258000)/",71600,1100,1243600,87571000000,3300,false,4.83
"GMD",135331,"/Date(1703487254000)/",71600,500,1242500,87492000000,3300,false,4.83
"GMD",135328,"/Date(1703487251000)/",71600,200,1242000,87457000000,3300,false,4.83
"GMD",135315,"/Date(1703487240000)/",71600,200,1241800,87442000000,3300,false,4.83
"GMD",135315,"/Date(1703487240000)/",71600,1000,1241600,87428000000,3300,false,4.83
"GMD",135315,"/Date(1703487239000)/",71600,400,1240600,87356000000,3300,false,4.83
"GMD",135312,"/Date(1703487236000)/",71600,1000,1240200,87328000000,3300,false,4.83
"GMD",135309,"/Date(1703487233000)/",71600,200,1239200,87256000000,3300,false,4.83
"GMD",135300,"/Date(1703487222000)/",71600,400,1239000,87242000000,3300,false,4.83
"GMD",135300,"/Date(1703487222000)/",71600,100,1238600,87213000000,3300,false,4.83
"GMD",135253,"/Date(1703487217000)/",71500,100,1238500,87206000000,3200,true,4.69
"GMD",135253,"/Date(1703487216000)/",71500,1700,1238400,87199000000,3200,true,4.69
"GMD",135253,"/Date(1703487216000)/",71500,100,1236700,87077000000,3200,true,4.69
"GMD",135253,"/Date(1703487216000)/",71500,1000,1236600,87070000000,3200,true,4.69
"GMD",135253,"/Date(1703487216000)/",71500,800,1235600,86999000000,3200,true,4.69
"GMD",135253,"/Date(1703487216000)/",71500,100,1234800,86941000000,3200,true,4.69
"GMD",135253,"/Date(1703487216000)/",71500,600,1234700,86934000000,3200,true,4.69
"GMD",135244,"/Date(1703487207000)/",71500,100,1234100,86891000000,3200,false,4.69
"GMD",135237,"/Date(1703487202000)/",71500,1000,1234000,86884000000,3200,false,4.69
"GMD",135234,"/Date(1703487198000)/",71500,100,1233000,86813000000,3200,false,4.69
"GMD",135231,"/Date(1703487194000)/",71500,3200,1232900,86806000000,3200,false,4.69
"GMD",135231,"/Date(1703487194000)/",71500,1800,1229700,86577000000,3200,false,4.69
"GMD",135231,"/Date(1703487194000)/",71500,400,1227900,86448000000,3200,false,4.69
"GMD",135231,"/Date(1703487194000)/",71500,600,1227500,86419000000,3200,false,4.69
"GMD",135231,"/Date(1703487194000)/",71400,2200,1226900,86377000000,3100,false,4.54
"GMD",135231,"/Date(1703487194000)/",71400,100,1224700,86220000000,3100,false,4.54
"GMD",135231,"/Date(1703487194000)/",71400,1000,1224600,86212000000,3100,false,4.54
"GMD",135231,"/Date(1703487194000)/",71400,500,1223600,86141000000,3100,false,4.54
"GMD",135231,"/Date(1703487194000)/",71400,100,1223100,86105000000,3100,false,4.54
"GMD",135231,"/Date(1703487194000)/",71400,100,1223000,86098000000,3100,false,4.54
"GMD",135228,"/Date(1703487191000)/",71400,1000,1222900,86091000000,3100,false,4.54
"GMD",135221,"/Date(1703487183000)/",71400,500,1221900,86020000000,3100,false,4.54
"GMD",135212,"/Date(1703487176000)/",71400,200,1221400,85984000000,3100,false,4.54
"GMD",135205,"/Date(1703487168000)/",71400,100,1221200,85970000000,3100,false,4.54
"GMD",135205,"/Date(1703487168000)/",71400,100,1221100,85962000000,3100,false,4.54
"GMD",135205,"/Date(1703487168000)/",71400,200,1221000,85955000000,3100,false,4.54
"GMD",135205,"/Date(1703487168000)/",71400,200,1220800,85941000000,3100,false,4.54
"GMD",135202,"/Date(1703487164000)/",71200,200,1220600,85927000000,2900,true,4.25
"GMD",135120,"/Date(1703487123000)/",71500,2000,1220400,85913000000,3200,false,4.69
"GMD",135120,"/Date(1703487123000)/",71500,500,1218400,85770000000,3200,false,4.69
"GMD",135120,"/Date(1703487123000)/",71500,100,1217900,85734000000,3200,false,4.69
"GMD",135120,"/Date(1703487123000)/",71500,100,1217800,85727000000,3200,false,4.69
"GMD",135120,"/Date(1703487123000)/",71500,1000,1217700,85719000000,3200,false,4.69
"GMD",135120,"/Date(1703487123000)/",71500,1200,1216700,85648000000,3200,false,4.69
"GMD",135120,"/Date(1703487123000)/",71500,100,1215500,85562000000,3200,false,4.69
"GMD",135120,"/Date(1703487123000)/",71500,1500,1215400,85555000000,3200,false,4.69
"GMD",135120,"/Date(1703487123000)/",71500,500,1213900,85448000000,3200,false,4.69
"GMD",135120,"/Date(1703487123000)/",71500,100,1213400,85412000000,3200,false,4.69
"GMD",135120,"/Date(1703487123000)/",71500,200,1213300,85405000000,3200,false,4.69
"GMD",135120,"/Date(1703487123000)/",71500,100,1213100,85391000000,3200,false,4.69
"GMD",135120,"/Date(1703487123000)/",71500,1000,1213000,85383000000,3200,false,4.69
"GMD",135120,"/Date(1703487123000)/",71500,1500,1212000,85312000000,3200,false,4.69
"GMD",135120,"/Date(1703487123000)/",71500,500,1210500,85205000000,3200,false,4.69
"GMD",135120,"/Date(1703487123000)/",71500,100,1210000,85169000000,3200,false,4.69
"GMD",135120,"/Date(1703487123000)/",71500,100,1209900,85162000000,3200,false,4.69
"GMD",135120,"/Date(1703487123000)/",71500,500,1209800,85155000000,3200,false,4.69
"GMD",135120,"/Date(1703487123000)/",71500,100,1209300,85119000000,3200,false,4.69
"GMD",135120,"/Date(1703487123000)/",71500,600,1209200,85112000000,3200,false,4.69
"GMD",135120,"/Date(1703487123000)/",71500,100,1208600,85069000000,3200,false,4.69
"GMD",135120,"/Date(1703487123000)/",71500,1000,1208500,85062000000,3200,false,4.69
"GMD",135120,"/Date(1703487123000)/",71500,5000,1207500,84990000000,3200,false,4.69
"GMD",135120,"/Date(1703487123000)/",71500,300,1202500,84633000000,3200,false,4.69
"GMD",135120,"/Date(1703487123000)/",71500,200,1202200,84611000000,3200,false,4.69
"GMD",135120,"/Date(1703487123000)/",71500,100,1202000,84597000000,3200,false,4.69
"GMD",135120,"/Date(1703487123000)/",71500,100,1201900,84590000000,3200,false,4.69
"GMD",135120,"/Date(1703487123000)/",71500,200,1201800,84583000000,3200,false,4.69
"GMD",135120,"/Date(1703487123000)/",71500,200,1201600,84568000000,3200,false,4.69
"GMD",135120,"/Date(1703487123000)/",71500,100,1201400,84554000000,3200,false,4.69
"GMD",135120,"/Date(1703487123000)/",71500,700,1201300,84547000000,3200,false,4.69
"GMD",135120,"/Date(1703487123000)/",71500,100,1200600,84497000000,3200,false,4.69
"GMD",135120,"/Date(1703487123000)/",71500,1000,1200500,84490000000,3200,false,4.69
"GMD",135120,"/Date(1703487123000)/",71500,500,1199500,84418000000,3200,false,4.69
"GMD",135120,"/Date(1703487123000)/",71500,1000,1199000,84382000000,3200,false,4.69
"GMD",135120,"/Date(1703487123000)/",71500,100,1198000,84311000000,3200,false,4.69
"GMD",135120,"/Date(1703487123000)/",71500,2700,1197900,84304000000,3200,false,4.69
"GMD",135120,"/Date(1703487123000)/",71500,100,1195200,84111000000,3200,false,4.69
"GMD",135120,"/Date(1703487123000)/",71500,100,1195100,84104000000,3200,false,4.69
"GMD",135120,"/Date(1703487123000)/",71500,2500,1195000,84096000000,3200,false,4.69
"GMD",135120,"/Date(1703487123000)/",71500,200,1192500,83918000000,3200,false,4.69
"GMD",135120,"/Date(1703487123000)/",71500,200,1192300,83903000000,3200,false,4.69
"GMD",135120,"/Date(1703487123000)/",71500,500,1192100,83889000000,3200,false,4.69
"GMD",135120,"/Date(1703487123000)/",71400,100,1191600,83853000000,3100,false,4.54
"GMD",135120,"/Date(1703487123000)/",71400,5000,1191500,83846000000,3100,false,4.54
"GMD",135120,"/Date(1703487123000)/",71400,1000,1186500,83489000000,3100,false,4.54
"GMD",135120,"/Date(1703487123000)/",71400,1000,1185500,83418000000,3100,false,4.54
"GMD",135120,"/Date(1703487123000)/",71400,1000,1184500,83346000000,3100,false,4.54
"GMD",135120,"/Date(1703487123000)/",71400,1000,1183500,83275000000,3100,false,4.54
"GMD",135120,"/Date(1703487123000)/",71400,400,1182500,83204000000,3100,false,4.54
"GMD",135120,"/Date(1703487123000)/",71400,100,1182100,83175000000,3100,false,4.54
"GMD",135120,"/Date(1703487123000)/",71400,100,1182000,83168000000,3100,false,4.54
"GMD",135120,"/Date(1703487123000)/",71400,200,1181900,83161000000,3100,false,4.54
"GMD",135120,"/Date(1703487123000)/",71400,500,1181700,83146000000,3100,false,4.54
"GMD",135120,"/Date(1703487123000)/",71400,100,1181200,83111000000,3100,false,4.54
"GMD",135120,"/Date(1703487123000)/",71400,10000,1181100,83104000000,3100,false,4.54
"GMD",135120,"/Date(1703487123000)/",71400,100,1171100,82390000000,3100,false,4.54
"GMD",135120,"/Date(1703487123000)/",71400,200,1171000,82382000000,3100,false,4.54
"GMD",135120,"/Date(1703487123000)/",71400,400,1170800,82368000000,3100,false,4.54
"GMD",135111,"/Date(1703487115000)/",71100,800,1170400,82340000000,2800,true,4.1
"GMD",135111,"/Date(1703487115000)/",71100,100,1169600,82283000000,2800,true,4.1
"GMD",135111,"/Date(1703487115000)/",71100,100,1169500,82276000000,2800,true,4.1
"GMD",135111,"/Date(1703487114000)/",71400,600,1169400,82269000000,3100,false,4.54
"GMD",135111,"/Date(1703487114000)/",71400,5000,1168800,82226000000,3100,false,4.54
"GMD",135111,"/Date(1703487114000)/",71400,200,1163800,81869000000,3100,false,4.54
"GMD",135111,"/Date(1703487114000)/",71400,100,1163600,81854000000,3100,false,4.54
"GMD",135111,"/Date(1703487114000)/",71400,2000,1163500,81847000000,3100,false,4.54
"GMD",135111,"/Date(1703487114000)/",71400,200,1161500,81704000000,3100,false,4.54
"GMD",135111,"/Date(1703487114000)/",71300,200,1161300,81690000000,3000,false,4.39
"GMD",135111,"/Date(1703487114000)/",71300,4000,1161100,81676000000,3000,false,4.39
"GMD",135111,"/Date(1703487114000)/",71300,100,1157100,81391000000,3000,false,4.39
"GMD",135111,"/Date(1703487114000)/",71300,200,1157000,81384000000,3000,false,4.39
"GMD",135111,"/Date(1703487114000)/",71300,200,1156800,81369000000,3000,false,4.39
"GMD",135111,"/Date(1703487114000)/",71300,200,1156600,81355000000,3000,false,4.39
"GMD",135111,"/Date(1703487114000)/",71300,300,1156400,81341000000,3000,false,4.39
"GMD",135111,"/Date(1703487114000)/",71300,500,1156100,81319000000,3000,false,4.39
"GMD",135111,"/Date(1703487114000)/",71300,200,1155600,81284000000,3000,false,4.39
"GMD",135111,"/Date(1703487114000)/",71300,100,1155400,81270000000,3000,false,4.39
"GMD",135111,"/Date(1703487114000)/",71300,100,1155300,81262000000,3000,false,4.39
"GMD",135111,"/Date(1703487114000)/",71300,100,1155200,81255000000,3000,false,4.39
"GMD",135111,"/Date(1703487114000)/",71300,100,1155100,81248000000,3000,false,4.39
"GMD",135111,"/Date(1703487114000)/",71300,100,1155000,81241000000,3000,false,4.39
"GMD",135111,"/Date(1703487114000)/",71300,100,1154900,81234000000,3000,false,4.39
"GMD",135111,"/Date(1703487114000)/",71300,500,1154800,81227000000,3000,false,4.39
"GMD",135111,"/Date(1703487114000)/",71300,1000,1154300,81191000000,3000,false,4.39
"GMD",135111,"/Date(1703487114000)/",71300,200,1153300,81120000000,3000,false,4.39
"GMD",135111,"/Date(1703487114000)/",71300,1000,1153100,81106000000,3000,false,4.39
"GMD",135111,"/Date(1703487114000)/",71300,300,1152100,81034000000,3000,false,4.39
"GMD",135111,"/Date(1703487114000)/",71300,1000,1151800,81013000000,3000,false,4.39
"GMD",135111,"/Date(1703487114000)/",71300,500,1150800,80942000000,3000,false,4.39
"GMD",135111,"/Date(1703487114000)/",71300,300,1150300,80906000000,3000,false,4.39
"GMD",135111,"/Date(1703487114000)/",71300,5000,1150000,80885000000,3000,false,4.39
"GMD",135111,"/Date(1703487114000)/",71300,500,1145000,80528000000,3000,false,4.39
"GMD",135111,"/Date(1703487114000)/",71300,500,1144500,80492000000,3000,false,4.39
"GMD",135111,"/Date(1703487114000)/",71300,5000,1144000,80457000000,3000,false,4.39
"GMD",135111,"/Date(1703487114000)/",71300,100,1139000,80100000000,3000,false,4.39
"GMD",135111,"/Date(1703487114000)/",71200,100,1138900,80093000000,2900,false,4.25
"GMD",135111,"/Date(1703487114000)/",71200,200,1138800,80086000000,2900,false,4.25
"GMD",135111,"/Date(1703487114000)/",71200,500,1138600,80072000000,2900,false,4.25
"GMD",135111,"/Date(1703487114000)/",71200,5000,1138100,80036000000,2900,false,4.25
"GMD",135111,"/Date(1703487114000)/",71200,100,1133100,79680000000,2900,false,4.25
"GMD",135111,"/Date(1703487114000)/",71200,1800,1133000,79673000000,2900,false,4.25
"GMD",135111,"/Date(1703487114000)/",71200,200,1131200,79545000000,2900,false,4.25
"GMD",135111,"/Date(1703487114000)/",71200,100,1131000,79531000000,2900,false,4.25
"GMD",135111,"/Date(1703487114000)/",71200,200,1130900,79523000000,2900,false,4.25
"GMD",135111,"/Date(1703487114000)/",71200,5000,1130700,79509000000,2900,false,4.25
"GMD",135111,"/Date(1703487114000)/",71200,1700,1125700,79153000000,2900,false,4.25
"GMD",135111,"/Date(1703487114000)/",71200,300,1124000,79032000000,2900,false,4.25
"GMD",135111,"/Date(1703487114000)/",71200,600,1123700,79011000000,2900,false,4.25
"GMD",135111,"/Date(1703487114000)/",71200,300,1123100,78968000000,2900,false,4.25
"GMD",135111,"/Date(1703487114000)/",71200,3400,1122800,78947000000,2900,false,4.25
"GMD",135111,"/Date(1703487113000)/",71100,100,1119400,78705000000,2800,true,4.1
"GMD",135104,"/Date(1703487109000)/",71100,300,1119300,78698000000,2800,true,4.1
"GMD",135104,"/Date(1703487109000)/",71100,4700,1119000,78676000000,2800,true,4.1
"GMD",135058,"/Date(1703487101000)/",71100,200,1114300,78342000000,2800,true,4.1
"GMD",135055,"/Date(1703487098000)/",71100,100,1114100,78328000000,2800,true,4.1
"GMD",135055,"/Date(1703487098000)/",71100,100,1114000,78321000000,2800,true,4.1
"GMD",135055,"/Date(1703487098000)/",71100,100,1113900,78314000000,2800,true,4.1
"GMD",135055,"/Date(1703487098000)/",71100,1500,1113800,78307000000,2800,true,4.1
"GMD",135029,"/Date(1703487073000)/",71100,100,1112300,78200000000,2800,true,4.1
"GMD",135010,"/Date(1703487053000)/",71200,200,1112200,78193000000,2900,false,4.25
"GMD",135004,"/Date(1703487047000)/",71200,100,1112000,78179000000,2900,false,4.25
"GMD",134954,"/Date(1703487037000)/",71200,2000,1111900,78171000000,2900,false,4.25
"GMD",134945,"/Date(1703487027000)/",71200,400,1109900,78029000000,2900,false,4.25
"GMD",134942,"/Date(1703487026000)/",71200,100,1109500,78001000000,2900,false,4.25
"GMD",134932,"/Date(1703487015000)/",71200,600,1109400,77993000000,2900,true,4.25
"GMD",134932,"/Date(1703487015000)/",71200,2500,1108800,77951000000,2900,true,4.25
"GMD",134932,"/Date(1703487015000)/",71200,700,1106300,77773000000,2900,true,4.25
"GMD",134932,"/Date(1703487015000)/",71300,1500,1105600,77723000000,3000,false,4.39
"GMD",134916,"/Date(1703487001000)/",71200,100,1104100,77616000000,2900,false,4.25
"GMD",134916,"/Date(1703487001000)/",71200,200,1104000,77609000000,2900,false,4.25
"GMD",134916,"/Date(1703486999000)/",71200,1600,1103800,77595000000,2900,false,4.25
"GMD",134916,"/Date(1703486999000)/",71200,100,1102200,77481000000,2900,false,4.25
"GMD",134916,"/Date(1703486999000)/",71200,100,1102100,77473000000,2900,false,4.25
"GMD",134916,"/Date(1703486999000)/",71200,200,1102000,77466000000,2900,false,4.25
"GMD",134913,"/Date(1703486997000)/",71200,300,1101800,77452000000,2900,false,4.25
"GMD",134913,"/Date(1703486997000)/",71200,100,1101500,77431000000,2900,false,4.25
"GMD",134913,"/Date(1703486997000)/",71200,200,1101400,77424000000,2900,false,4.25
"GMD",134913,"/Date(1703486997000)/",71200,100,1101200,77409000000,2900,false,4.25
"GMD",134913,"/Date(1703486997000)/",71200,200,1101100,77402000000,2900,false,4.25
"GMD",134913,"/Date(1703486997000)/",71200,500,1100900,77388000000,2900,false,4.25
"GMD",134913,"/Date(1703486997000)/",71200,200,1100400,77352000000,2900,false,4.25
"GMD",134913,"/Date(1703486997000)/",71200,300,1100200,77338000000,2900,false,4.25
"GMD",134913,"/Date(1703486997000)/",71200,400,1099900,77317000000,2900,false,4.25
"GMD",134913,"/Date(1703486997000)/",71200,100,1099500,77288000000,2900,false,4.25
"GMD",134913,"/Date(1703486997000)/",71200,700,1099400,77281000000,2900,false,4.25
"GMD",134913,"/Date(1703486997000)/",71200,100,1098700,77231000000,2900,false,4.25
"GMD",134913,"/Date(1703486997000)/",71200,200,1098600,77224000000,2900,false,4.25
"GMD",134913,"/Date(1703486997000)/",71200,1000,1098400,77210000000,2900,false,4.25
"GMD",134913,"/Date(1703486997000)/",71200,5000,1097400,77139000000,2900,false,4.25
"GMD",134913,"/Date(1703486997000)/",71200,600,1092400,76783000000,2900,false,4.25
"GMD",134913,"/Date(1703486995000)/",71100,400,1091800,76740000000,2800,true,4.1
"GMD",134913,"/Date(1703486995000)/",71100,100,1091400,76712000000,2800,true,4.1
"GMD",134910,"/Date(1703486992000)/",71200,200,1091300,76705000000,2900,false,4.25
"GMD",134851,"/Date(1703486973000)/",71200,200,1091100,76690000000,2900,false,4.25
"GMD",134851,"/Date(1703486973000)/",71200,200,1090900,76676000000,2900,false,4.25
"GMD",134851,"/Date(1703486973000)/",71200,100,1090700,76662000000,2900,false,4.25
"GMD",134844,"/Date(1703486969000)/",71100,3800,1090600,76655000000,2800,true,4.1
"GMD",134831,"/Date(1703486956000)/",71100,100,1086800,76385000000,2800,true,4.1
"GMD",134831,"/Date(1703486955000)/",71100,100,1086700,76377000000,2800,true,4.1
"GMD",134828,"/Date(1703486950000)/",71100,1800,1086600,76370000000,2800,true,4.1
"GMD",134800,"/Date(1703486921000)/",71100,100,1084800,76242000000,2800,true,4.1
"GMD",134750,"/Date(1703486913000)/",71100,1800,1084700,76235000000,2800,true,4.1
"GMD",134744,"/Date(1703486906000)/",71100,300,1082900,76107000000,2800,true,4.1
"GMD",134725,"/Date(1703486889000)/",71100,100,1082600,76086000000,2800,true,4.1
"GMD",134718,"/Date(1703486881000)/",71100,100,1082500,76079000000,2800,false,4.1
"GMD",134718,"/Date(1703486881000)/",71100,1800,1082400,76072000000,2800,false,4.1
"GMD",134718,"/Date(1703486881000)/",71100,100,1080600,75944000000,2800,false,4.1
"GMD",134718,"/Date(1703486881000)/",71100,200,1080500,75937000000,2800,false,4.1
"GMD",134718,"/Date(1703486881000)/",71100,100,1080300,75922000000,2800,false,4.1
"GMD",134718,"/Date(1703486881000)/",71100,3500,1080200,75915000000,2800,false,4.1
"GMD",134715,"/Date(1703486878000)/",71000,100,1076700,75666000000,2700,true,3.95
"GMD",134705,"/Date(1703486869000)/",71100,300,1076600,75659000000,2800,false,4.1
"GMD",134705,"/Date(1703486869000)/",71100,100,1076300,75638000000,2800,false,4.1
"GMD",134705,"/Date(1703486867000)/",71100,100,1076200,75631000000,2800,false,4.1
"GMD",134705,"/Date(1703486867000)/",71100,1200,1076100,75624000000,2800,false,4.1
"GMD",134705,"/Date(1703486867000)/",71100,100,1074900,75538000000,2800,false,4.1
"GMD",134649,"/Date(1703486852000)/",71100,500,1074800,75531000000,2800,false,4.1
"GMD",134649,"/Date(1703486852000)/",71100,100,1074300,75496000000,2800,false,4.1
"GMD",134649,"/Date(1703486852000)/",71100,700,1074200,75489000000,2800,false,4.1
"GMD",134649,"/Date(1703486852000)/",71100,500,1073500,75439000000,2800,false,4.1
"GMD",134649,"/Date(1703486852000)/",71100,200,1073000,75403000000,2800,false,4.1
"GMD",134649,"/Date(1703486852000)/",71100,500,1072800,75389000000,2800,false,4.1
"GMD",134649,"/Date(1703486852000)/",71100,100,1072300,75354000000,2800,false,4.1
"GMD",134649,"/Date(1703486852000)/",71100,100,1072200,75347000000,2800,false,4.1
"GMD",134649,"/Date(1703486852000)/",71100,300,1072100,75339000000,2800,false,4.1
"GMD",134637,"/Date(1703486840000)/",71000,1800,1071800,75318000000,2700,true,3.95
"GMD",134637,"/Date(1703486839000)/",71000,100,1070000,75190000000,2700,true,3.95
"GMD",134633,"/Date(1703486837000)/",71000,300,1069900,75183000000,2700,true,3.95
"GMD",134624,"/Date(1703486828000)/",71000,100,1069600,75162000000,2700,true,3.95
"GMD",134602,"/Date(1703486803000)/",71000,200,1069500,75155000000,2700,true,3.95
"GMD",134602,"/Date(1703486803000)/",71000,400,1069300,75141000000,2700,true,3.95
"GMD",134602,"/Date(1703486803000)/",71000,400,1068900,75112000000,2700,true,3.95
"GMD",134602,"/Date(1703486803000)/",71000,100,1068500,75084000000,2700,true,3.95
"GMD",134602,"/Date(1703486803000)/",71000,600,1068400,75077000000,2700,true,3.95
"GMD",134558,"/Date(1703486800000)/",71000,100,1067800,75034000000,2700,true,3.95
"GMD",134555,"/Date(1703486800000)/",71100,100,1067700,75027000000,2800,false,4.1
"GMD",134549,"/Date(1703486790000)/",71100,500,1067600,75020000000,2800,false,4.1
"GMD",134520,"/Date(1703486763000)/",71100,900,1067100,74984000000,2800,false,4.1
"GMD",134520,"/Date(1703486763000)/",71100,300,1066200,74920000000,2800,false,4.1
"GMD",134520,"/Date(1703486763000)/",71100,300,1065900,74899000000,2800,false,4.1
"GMD",134517,"/Date(1703486761000)/",71000,100,1065600,74878000000,2700,true,3.95
"GMD",134501,"/Date(1703486744000)/",71100,200,1065500,74871000000,2800,false,4.1
"GMD",134458,"/Date(1703486741000)/",71100,1000,1065300,74856000000,2800,false,4.1
"GMD",134455,"/Date(1703486737000)/",71100,400,1064300,74785000000,2800,false,4.1
"GMD",134455,"/Date(1703486737000)/",71100,100,1063900,74757000000,2800,false,4.1
"GMD",134455,"/Date(1703486737000)/",71100,100,1063800,74750000000,2800,false,4.1
"GMD",134455,"/Date(1703486737000)/",71100,700,1063700,74743000000,2800,false,4.1
"GMD",134445,"/Date(1703486729000)/",71000,300,1063000,74693000000,2700,true,3.95
"GMD",134445,"/Date(1703486729000)/",71000,1500,1062700,74672000000,2700,true,3.95
"GMD",134445,"/Date(1703486726000)/",71000,300,1061200,74565000000,2700,true,3.95
"GMD",134439,"/Date(1703486722000)/",71000,100,1060900,74544000000,2700,true,3.95
"GMD",134423,"/Date(1703486706000)/",71000,200,1060800,74537000000,2700,true,3.95
"GMD",134423,"/Date(1703486701000)/",71000,200,1060600,74522000000,2700,true,3.95
"GMD",134410,"/Date(1703486693000)/",71000,1800,1060400,74508000000,2700,true,3.95
"GMD",134400,"/Date(1703486684000)/",71000,100,1058600,74380000000,2700,true,3.95
"GMD",134351,"/Date(1703486673000)/",71000,100,1058500,74373000000,2700,true,3.95
"GMD",134344,"/Date(1703486667000)/",71000,100,1058400,74366000000,2700,true,3.95
"GMD",134344,"/Date(1703486667000)/",71100,100,1058300,74359000000,2800,false,4.1
"GMD",134344,"/Date(1703486666000)/",71100,500,1058200,74352000000,2800,false,4.1
"GMD",134335,"/Date(1703486656000)/",71000,1800,1057700,74316000000,2700,true,3.95
"GMD",134329,"/Date(1703486651000)/",71000,100,1055900,74189000000,2700,true,3.95
"GMD",134329,"/Date(1703486650000)/",71100,400,1055800,74182000000,2800,false,4.1
"GMD",134313,"/Date(1703486635000)/",71100,500,1055400,74153000000,2800,false,4.1
"GMD",134313,"/Date(1703486635000)/",71000,400,1054900,74118000000,2700,true,3.95
"GMD",134300,"/Date(1703486623000)/",71000,200,1054500,74089000000,2700,true,3.95
"GMD",134257,"/Date(1703486619000)/",71000,1700,1054300,74075000000,2700,true,3.95
"GMD",134250,"/Date(1703486614000)/",71000,100,1052600,73954000000,2700,false,3.95
"GMD",134250,"/Date(1703486613000)/",71000,100,1052500,73947000000,2700,false,3.95
"GMD",134250,"/Date(1703486613000)/",71000,100,1052400,73940000000,2700,false,3.95
"GMD",134250,"/Date(1703486613000)/",71000,100,1052300,73933000000,2700,false,3.95
"GMD",134250,"/Date(1703486613000)/",71000,100,1052200,73926000000,2700,false,3.95
"GMD",134250,"/Date(1703486613000)/",71000,200,1052100,73919000000,2700,false,3.95
"GMD",134250,"/Date(1703486613000)/",71000,700,1051900,73905000000,2700,false,3.95
"GMD",134247,"/Date(1703486609000)/",71000,500,1051200,73855000000,2700,false,3.95
"GMD",134244,"/Date(1703486607000)/",70900,100,1050700,73819000000,2600,true,3.81
"GMD",134238,"/Date(1703486599000)/",71000,200,1050600,73812000000,2700,false,3.95
"GMD",134234,"/Date(1703486596000)/",71000,300,1050400,73798000000,2700,false,3.95
"GMD",134231,"/Date(1703486593000)/",71000,200,1050100,73777000000,2700,false,3.95
"GMD",134222,"/Date(1703486584000)/",71000,200,1049900,73763000000,2700,true,3.95
"GMD",134222,"/Date(1703486584000)/",71000,200,1049700,73748000000,2700,true,3.95
"GMD",134222,"/Date(1703486584000)/",71000,200,1049500,73734000000,2700,true,3.95
"GMD",134222,"/Date(1703486584000)/",71000,500,1049300,73720000000,2700,true,3.95
"GMD",134218,"/Date(1703486582000)/",71000,1800,1048800,73684000000,2700,true,3.95
"GMD",134218,"/Date(1703486581000)/",71000,500,1047000,73557000000,2700,true,3.95
"GMD",134218,"/Date(1703486581000)/",71000,100,1046500,73521000000,2700,true,3.95
"GMD",134218,"/Date(1703486581000)/",71000,400,1046400,73514000000,2700,true,3.95
"GMD",134212,"/Date(1703486576000)/",71000,100,1046000,73486000000,2700,true,3.95
"GMD",134212,"/Date(1703486576000)/",71000,200,1045900,73479000000,2700,true,3.95
"GMD",134212,"/Date(1703486576000)/",71000,100,1045700,73464000000,2700,true,3.95
"GMD",134212,"/Date(1703486576000)/",71000,100,1045600,73457000000,2700,true,3.95
"GMD",134206,"/Date(1703486569000)/",71000,500,1045500,73450000000,2700,true,3.95
"GMD",134206,"/Date(1703486568000)/",71000,100,1045000,73415000000,2700,true,3.95
"GMD",134159,"/Date(1703486563000)/",71000,1000,1044900,73408000000,2700,true,3.95
"GMD",134143,"/Date(1703486545000)/",71000,1800,1043900,73337000000,2700,true,3.95
"GMD",134137,"/Date(1703486541000)/",71000,100,1042100,73209000000,2700,true,3.95
"GMD",134134,"/Date(1703486538000)/",71100,1000,1042000,73202000000,2800,false,4.1
"GMD",134134,"/Date(1703486537000)/",71100,200,1041000,73131000000,2800,false,4.1
"GMD",134127,"/Date(1703486530000)/",71000,100,1040800,73116000000,2700,true,3.95
"GMD",134118,"/Date(1703486520000)/",71100,100,1040700,73109000000,2800,false,4.1
"GMD",134115,"/Date(1703486516000)/",71000,500,1040600,73102000000,2700,true,3.95
"GMD",134105,"/Date(1703486507000)/",71100,1500,1040100,73067000000,2800,false,4.1
"GMD",134102,"/Date(1703486504000)/",71000,400,1038600,72960000000,2700,true,3.95
"GMD",134052,"/Date(1703486493000)/",71000,3000,1038200,72932000000,2700,true,3.95
"GMD",134049,"/Date(1703486491000)/",71000,100,1035200,72719000000,2700,true,3.95
"GMD",134030,"/Date(1703486472000)/",71000,1800,1035100,72711000000,2700,true,3.95
"GMD",134027,"/Date(1703486470000)/",71000,500,1033300,72584000000,2700,false,3.95
"GMD",134024,"/Date(1703486467000)/",71100,1000,1032800,72548000000,2800,false,4.1
"GMD",134024,"/Date(1703486467000)/",71000,200,1031800,72477000000,2700,true,3.95
"GMD",134024,"/Date(1703486466000)/",71000,300,1031600,72463000000,2700,true,3.95
"GMD",134020,"/Date(1703486463000)/",71000,700,1031300,72442000000,2700,false,3.95
"GMD",134020,"/Date(1703486462000)/",71000,300,1030600,72392000000,2700,false,3.95
"GMD",134017,"/Date(1703486458000)/",71000,100,1030300,72371000000,2700,false,3.95
"GMD",134017,"/Date(1703486458000)/",71000,200,1030200,72363000000,2700,false,3.95
"GMD",134017,"/Date(1703486458000)/",71000,700,1030000,72349000000,2700,false,3.95
"GMD",134011,"/Date(1703486453000)/",71000,100,1029300,72300000000,2700,true,3.95
"GMD",134004,"/Date(1703486446000)/",71100,500,1029200,72292000000,2800,false,4.1
"GMD",133958,"/Date(1703486441000)/",71000,600,1028700,72257000000,2700,true,3.95
"GMD",133958,"/Date(1703486441000)/",71000,400,1028100,72214000000,2700,true,3.95
"GMD",133958,"/Date(1703486441000)/",71000,600,1027700,72186000000,2700,true,3.95
"GMD",133958,"/Date(1703486441000)/",71000,2000,1027100,72143000000,2700,true,3.95
"GMD",133958,"/Date(1703486441000)/",71000,1000,1025100,72001000000,2700,true,3.95
"GMD",133958,"/Date(1703486441000)/",71000,3600,1024100,71930000000,2700,true,3.95
"GMD",133958,"/Date(1703486441000)/",71000,100,1020500,71675000000,2700,true,3.95
"GMD",133958,"/Date(1703486441000)/",71000,1700,1020400,71668000000,2700,true,3.95
"GMD",133958,"/Date(1703486441000)/",71100,2000,1018700,71547000000,2800,false,4.1
"GMD",133942,"/Date(1703486425000)/",71100,500,1016700,71405000000,2800,false,4.1
"GMD",133942,"/Date(1703486425000)/",71100,100,1016200,71369000000,2800,false,4.1
"GMD",133942,"/Date(1703486425000)/",71100,800,1016100,71362000000,2800,false,4.1
"GMD",133942,"/Date(1703486425000)/",71100,300,1015300,71305000000,2800,false,4.1
"GMD",133942,"/Date(1703486425000)/",71100,2000,1015000,71284000000,2800,false,4.1
"GMD",133942,"/Date(1703486425000)/",71100,300,1013000,71142000000,2800,false,4.1
"GMD",133939,"/Date(1703486421000)/",71000,200,1012700,71120000000,2700,true,3.95
"GMD",133933,"/Date(1703486416000)/",71100,200,1012500,71106000000,2800,false,4.1
"GMD",133926,"/Date(1703486409000)/",71000,300,1012300,71092000000,2700,true,3.95
"GMD",133923,"/Date(1703486404000)/",71100,300,1012000,71071000000,2800,false,4.1
"GMD",133917,"/Date(1703486400000)/",71000,500,1011700,71049000000,2700,true,3.95
"GMD",133917,"/Date(1703486399000)/",71000,100,1011200,71014000000,2700,true,3.95
"GMD",133917,"/Date(1703486398000)/",71000,100,1011100,71007000000,2700,true,3.95
"GMD",133917,"/Date(1703486398000)/",71000,1800,1011000,71000000000,2700,true,3.95
"GMD",133901,"/Date(1703486383000)/",71000,500,1009200,70872000000,2700,true,3.95
"GMD",133858,"/Date(1703486379000)/",71000,100,1008700,70836000000,2700,true,3.95
"GMD",133858,"/Date(1703486379000)/",71000,100,1008600,70829000000,2700,true,3.95
"GMD",133858,"/Date(1703486379000)/",71000,200,1008500,70822000000,2700,true,3.95
"GMD",133858,"/Date(1703486379000)/",71000,2000,1008300,70808000000,2700,true,3.95
"GMD",133858,"/Date(1703486379000)/",71000,300,1006300,70666000000,2700,true,3.95
"GMD",133848,"/Date(1703486371000)/",71000,400,1006000,70645000000,2700,false,3.95
"GMD",133848,"/Date(1703486371000)/",71000,100,1005600,70616000000,2700,false,3.95
"GMD",133848,"/Date(1703486371000)/",71000,1000,1005500,70609000000,2700,false,3.95
"GMD",133848,"/Date(1703486371000)/",71000,2500,1004500,70538000000,2700,false,3.95
"GMD",133848,"/Date(1703486371000)/",71000,500,1002000,70361000000,2700,false,3.95
"GMD",133848,"/Date(1703486371000)/",71000,100,1001500,70325000000,2700,false,3.95
"GMD",133848,"/Date(1703486371000)/",71000,100,1001400,70318000000,2700,false,3.95
"GMD",133848,"/Date(1703486371000)/",71000,1900,1001300,70311000000,2700,false,3.95
"GMD",133848,"/Date(1703486371000)/",71000,100,999400,70176000000,2700,false,3.95
"GMD",133848,"/Date(1703486371000)/",71000,4300,999300,70169000000,2700,false,3.95
"GMD",133826,"/Date(1703486348000)/",71000,3200,995000,69864000000,2700,false,3.95
"GMD",133826,"/Date(1703486348000)/",71000,300,991800,69636000000,2700,false,3.95
"GMD",133819,"/Date(1703486342000)/",71000,400,991500,69615000000,2700,false,3.95
"GMD",133816,"/Date(1703486339000)/",70900,100,991100,69587000000,2600,true,3.81
"GMD",133803,"/Date(1703486324000)/",70900,900,991000,69580000000,2600,true,3.81
"GMD",133803,"/Date(1703486324000)/",70900,500,990100,69516000000,2600,true,3.81
"GMD",133803,"/Date(1703486324000)/",70900,100,989600,69480000000,2600,true,3.81
"GMD",133803,"/Date(1703486324000)/",70900,400,989500,69473000000,2600,true,3.81
"GMD",133754,"/Date(1703486315000)/",70900,100,989100,69445000000,2600,true,3.81
"GMD",133725,"/Date(1703486287000)/",70900,500,989000,69438000000,2600,true,3.81
"GMD",133725,"/Date(1703486287000)/",70900,1400,988500,69402000000,2600,true,3.81
"GMD",133716,"/Date(1703486278000)/",70900,100,987100,69303000000,2600,true,3.81
"GMD",133712,"/Date(1703486275000)/",70900,200,987000,69296000000,2600,false,3.81
"GMD",133712,"/Date(1703486275000)/",70900,100,986800,69282000000,2600,false,3.81
"GMD",133712,"/Date(1703486275000)/",70900,100,986700,69275000000,2600,false,3.81
"GMD",133712,"/Date(1703486275000)/",70900,100,986600,69268000000,2600,false,3.81
