"Stockcode","Package","TradingDate","Price","Vol","TotalVol","TotalVal","Change","IsBuy","PerChange"
"HDG",144420,"/Date(1703490301000)/",29250,392500,1577800,45814000000,150,false,0.52
"HDG",142855,"/Date(1703489382000)/",28900,1000,1185300,34334000000,-200,false,-0.69
"HDG",142842,"/Date(1703489371000)/",28850,200,1184300,34305000000,-250,false,-0.86
"HDG",142842,"/Date(1703489371000)/",28850,1700,1184100,34299000000,-250,false,-0.86
"HDG",142842,"/Date(1703489370000)/",28800,600,1182400,34250000000,-300,true,-1.03
"HDG",142836,"/Date(1703489364000)/",28800,1100,1181800,34233000000,-300,true,-1.03
"HDG",142836,"/Date(1703489364000)/",28800,1000,1180700,34201000000,-300,true,-1.03
"HDG",142836,"/Date(1703489364000)/",28800,900,1179700,34172000000,-300,true,-1.03
"HDG",142814,"/Date(1703489342000)/",28850,1000,1178800,34146000000,-250,false,-0.86
"HDG",142810,"/Date(1703489337000)/",28850,100,1177800,34117000000,-250,false,-0.86
"HDG",142726,"/Date(1703489293000)/",28850,1000,1177700,34114000000,-250,true,-0.86
"HDG",142726,"/Date(1703489293000)/",28850,200,1176700,34086000000,-250,true,-0.86
"HDG",142726,"/Date(1703489293000)/",28850,100,1176500,34080000000,-250,true,-0.86
"HDG",142726,"/Date(1703489293000)/",28850,1000,1176400,34077000000,-250,true,-0.86
"HDG",142726,"/Date(1703489293000)/",28850,1000,1175400,34048000000,-250,true,-0.86
"HDG",142726,"/Date(1703489293000)/",28850,1900,1174400,34019000000,-250,true,-0.86
"HDG",142722,"/Date(1703489290000)/",28900,3000,1172500,33964000000,-200,true,-0.69
"HDG",142722,"/Date(1703489290000)/",28900,100,1169500,33878000000,-200,true,-0.69
"HDG",142644,"/Date(1703489252000)/",29000,1800,1169400,33875000000,-100,false,-0.34
"HDG",142612,"/Date(1703489220000)/",29000,1300,1167600,33823000000,-100,false,-0.34
"HDG",142612,"/Date(1703489220000)/",28900,200,1166300,33785000000,-200,false,-0.69
"HDG",142612,"/Date(1703489220000)/",28900,200,1166100,33779000000,-200,false,-0.69
"HDG",142540,"/Date(1703489188000)/",28900,1700,1165900,33773000000,-200,false,-0.69
"HDG",142527,"/Date(1703489173000)/",28900,100,1164200,33724000000,-200,false,-0.69
"HDG",142527,"/Date(1703489173000)/",28900,100,1164100,33721000000,-200,false,-0.69
"HDG",142527,"/Date(1703489173000)/",28900,700,1164000,33718000000,-200,false,-0.69
"HDG",142527,"/Date(1703489173000)/",28900,1500,1163300,33698000000,-200,false,-0.69
"HDG",142527,"/Date(1703489173000)/",28900,2600,1161800,33655000000,-200,false,-0.69
"HDG",142521,"/Date(1703489167000)/",28850,600,1159200,33580000000,-250,true,-0.86
"HDG",142511,"/Date(1703489157000)/",28850,500,1158600,33562000000,-250,true,-0.86
"HDG",142511,"/Date(1703489157000)/",28850,100,1158100,33548000000,-250,true,-0.86
"HDG",142508,"/Date(1703489156000)/",28900,1700,1158000,33545000000,-200,false,-0.69
"HDG",142436,"/Date(1703489124000)/",28900,1700,1156300,33496000000,-200,false,-0.69
"HDG",142404,"/Date(1703489092000)/",28900,700,1154600,33447000000,-200,false,-0.69
"HDG",142404,"/Date(1703489092000)/",28850,1000,1153900,33427000000,-250,false,-0.86
"HDG",142358,"/Date(1703489086000)/",28800,1100,1152900,33398000000,-300,true,-1.03
"HDG",142358,"/Date(1703489086000)/",28800,100,1151800,33366000000,-300,true,-1.03
"HDG",142358,"/Date(1703489086000)/",28800,1000,1151700,33363000000,-300,true,-1.03
"HDG",142358,"/Date(1703489086000)/",28800,100,1150700,33334000000,-300,true,-1.03
"HDG",142358,"/Date(1703489086000)/",28800,300,1150600,33332000000,-300,true,-1.03
"HDG",142358,"/Date(1703489086000)/",28800,200,1150300,33323000000,-300,true,-1.03
"HDG",142358,"/Date(1703489086000)/",28800,300,1150100,33317000000,-300,true,-1.03
"HDG",142358,"/Date(1703489086000)/",28800,100,1149800,33308000000,-300,true,-1.03
"HDG",142358,"/Date(1703489086000)/",28800,300,1149700,33306000000,-300,true,-1.03
"HDG",142358,"/Date(1703489086000)/",28800,200,1149400,33297000000,-300,true,-1.03
"HDG",142358,"/Date(1703489086000)/",28800,1000,1149200,33291000000,-300,true,-1.03
"HDG",142358,"/Date(1703489086000)/",28800,300,1148200,33262000000,-300,true,-1.03
"HDG",142358,"/Date(1703489086000)/",28800,500,1147900,33254000000,-300,true,-1.03
"HDG",142358,"/Date(1703489086000)/",28800,800,1147400,33239000000,-300,true,-1.03
"HDG",142358,"/Date(1703489086000)/",28800,200,1146600,33216000000,-300,true,-1.03
"HDG",142358,"/Date(1703489086000)/",28800,3000,1146400,33211000000,-300,true,-1.03
"HDG",142358,"/Date(1703489086000)/",28800,1000,1143400,33124000000,-300,true,-1.03
"HDG",142358,"/Date(1703489086000)/",28800,200,1142400,33095000000,-300,true,-1.03
"HDG",142358,"/Date(1703489086000)/",28800,4200,1142200,33090000000,-300,true,-1.03
"HDG",142358,"/Date(1703489086000)/",28850,100,1138000,32969000000,-250,false,-0.86
"HDG",142358,"/Date(1703489086000)/",28850,900,1137900,32966000000,-250,false,-0.86
"HDG",142336,"/Date(1703489062000)/",28850,100,1137000,32940000000,-250,false,-0.86
"HDG",142332,"/Date(1703489060000)/",28850,1700,1136900,32937000000,-250,false,-0.86
"HDG",142319,"/Date(1703489044000)/",28850,100,1135200,32888000000,-250,true,-0.86
"HDG",142319,"/Date(1703489044000)/",28850,1000,1135100,32885000000,-250,true,-0.86
"HDG",142319,"/Date(1703489044000)/",28850,100,1134100,32856000000,-250,true,-0.86
"HDG",142319,"/Date(1703489044000)/",28850,400,1134000,32853000000,-250,true,-0.86
"HDG",142319,"/Date(1703489044000)/",28850,700,1133600,32842000000,-250,true,-0.86
"HDG",142300,"/Date(1703489027000)/",28900,1700,1132900,32822000000,-200,false,-0.69
"HDG",142300,"/Date(1703489027000)/",28850,300,1131200,32772000000,-250,true,-0.86
"HDG",142300,"/Date(1703489027000)/",28850,200,1130900,32764000000,-250,true,-0.86
"HDG",142300,"/Date(1703489027000)/",28850,100,1130700,32758000000,-250,true,-0.86
"HDG",142228,"/Date(1703488995000)/",28900,1600,1130600,32755000000,-200,false,-0.69
"HDG",142228,"/Date(1703488995000)/",28900,100,1129000,32709000000,-200,false,-0.69
"HDG",142156,"/Date(1703488963000)/",28850,500,1128900,32706000000,-250,true,-0.86
"HDG",142156,"/Date(1703488963000)/",28850,7100,1128400,32692000000,-250,true,-0.86
"HDG",142156,"/Date(1703488963000)/",28850,2200,1121300,32487000000,-250,true,-0.86
"HDG",142156,"/Date(1703488963000)/",28850,100,1119100,32423000000,-250,true,-0.86
"HDG",142156,"/Date(1703488963000)/",28850,100,1119000,32420000000,-250,true,-0.86
"HDG",142156,"/Date(1703488963000)/",28900,1100,1118900,32417000000,-200,false,-0.69
"HDG",142156,"/Date(1703488963000)/",28900,500,1117800,32386000000,-200,false,-0.69
"HDG",142156,"/Date(1703488963000)/",28900,100,1117300,32371000000,-200,false,-0.69
"HDG",142124,"/Date(1703488931000)/",28900,1700,1117200,32368000000,-200,false,-0.69
"HDG",142121,"/Date(1703488928000)/",28900,500,1115500,32319000000,-200,false,-0.69
"HDG",142108,"/Date(1703488916000)/",28900,500,1115000,32305000000,-200,false,-0.69
"HDG",142108,"/Date(1703488914000)/",28850,3900,1114500,32290000000,-250,true,-0.86
"HDG",142108,"/Date(1703488914000)/",28850,1000,1110600,32178000000,-250,true,-0.86
"HDG",142108,"/Date(1703488914000)/",28850,100,1109600,32149000000,-250,true,-0.86
"HDG",142105,"/Date(1703488913000)/",28900,2200,1109500,32146000000,-200,true,-0.69
"HDG",142102,"/Date(1703488909000)/",28900,500,1107300,32082000000,-200,false,-0.69
"HDG",142059,"/Date(1703488905000)/",28900,1000,1106800,32068000000,-200,false,-0.69
"HDG",142056,"/Date(1703488902000)/",28900,5000,1105800,32039000000,-200,false,-0.69
"HDG",142052,"/Date(1703488899000)/",28900,1500,1100800,31895000000,-200,false,-0.69
"HDG",142052,"/Date(1703488899000)/",28900,200,1099300,31851000000,-200,false,-0.69
"HDG",142049,"/Date(1703488897000)/",28900,100,1099100,31845000000,-200,false,-0.69
"HDG",142040,"/Date(1703488886000)/",28900,200,1099000,31843000000,-200,false,-0.69
"HDG",142020,"/Date(1703488867000)/",28900,1700,1098800,31837000000,-200,false,-0.69
"HDG",142017,"/Date(1703488865000)/",28900,900,1097100,31788000000,-200,false,-0.69
"HDG",142017,"/Date(1703488865000)/",28900,3100,1096200,31762000000,-200,false,-0.69
"HDG",142011,"/Date(1703488858000)/",28900,100,1093100,31672000000,-200,false,-0.69
"HDG",142008,"/Date(1703488853000)/",28900,100,1093000,31669000000,-200,false,-0.69
"HDG",141948,"/Date(1703488834000)/",28900,1700,1092900,31666000000,-200,false,-0.69
"HDG",141945,"/Date(1703488833000)/",28900,5000,1091200,31617000000,-200,false,-0.69
"HDG",141936,"/Date(1703488822000)/",28850,500,1086200,31473000000,-250,false,-0.86
"HDG",141926,"/Date(1703488813000)/",28850,400,1085700,31458000000,-250,false,-0.86
"HDG",141916,"/Date(1703488802000)/",28850,1700,1085300,31447000000,-250,false,-0.86
"HDG",141916,"/Date(1703488802000)/",28850,200,1083600,31398000000,-250,false,-0.86
"HDG",141910,"/Date(1703488796000)/",28850,1000,1083400,31392000000,-250,false,-0.86
"HDG",141910,"/Date(1703488796000)/",28850,1000,1082400,31363000000,-250,false,-0.86
"HDG",141910,"/Date(1703488796000)/",28850,5000,1081400,31334000000,-250,false,-0.86
"HDG",141910,"/Date(1703488796000)/",28850,1000,1076400,31190000000,-250,false,-0.86
"HDG",141910,"/Date(1703488796000)/",28850,100,1075400,31161000000,-250,false,-0.86
"HDG",141910,"/Date(1703488796000)/",28850,100,1075300,31158000000,-250,false,-0.86
"HDG",141910,"/Date(1703488796000)/",28850,1000,1075200,31155000000,-250,false,-0.86
"HDG",141910,"/Date(1703488796000)/",28850,1000,1074200,31126000000,-250,false,-0.86
"HDG",141910,"/Date(1703488796000)/",28850,1000,1073200,31098000000,-250,false,-0.86
"HDG",141910,"/Date(1703488796000)/",28850,1000,1072200,31069000000,-250,false,-0.86
"HDG",141907,"/Date(1703488794000)/",28900,1100,1071200,31040000000,-200,false,-0.69
"HDG",141851,"/Date(1703488777000)/",28900,500,1070100,31008000000,-200,false,-0.69
"HDG",141844,"/Date(1703488770000)/",28900,1500,1069600,30994000000,-200,false,-0.69
"HDG",141835,"/Date(1703488760000)/",28900,3600,1068100,30950000000,-200,false,-0.69
"HDG",141822,"/Date(1703488749000)/",28900,6400,1064500,30846000000,-200,true,-0.69
"HDG",141813,"/Date(1703488740000)/",28900,200,1058100,30661000000,-200,false,-0.69
"HDG",141813,"/Date(1703488738000)/",28900,100,1057900,30656000000,-200,false,-0.69
"HDG",141813,"/Date(1703488738000)/",28900,100,1057800,30653000000,-200,false,-0.69
"HDG",141813,"/Date(1703488738000)/",28900,1300,1057700,30650000000,-200,false,-0.69
"HDG",141741,"/Date(1703488706000)/",28900,1500,1056400,30612000000,-200,false,-0.69
"HDG",141737,"/Date(1703488705000)/",28900,200,1054900,30569000000,-200,false,-0.69
"HDG",141737,"/Date(1703488705000)/",28900,1300,1054700,30563000000,-200,false,-0.69
"HDG",141728,"/Date(1703488694000)/",28900,600,1053400,30526000000,-200,false,-0.69
"HDG",141725,"/Date(1703488692000)/",28900,2100,1052800,30508000000,-200,false,-0.69
"HDG",141709,"/Date(1703488674000)/",28900,1500,1050700,30447000000,-200,false,-0.69
"HDG",141706,"/Date(1703488671000)/",28900,500,1049200,30404000000,-200,false,-0.69
"HDG",141646,"/Date(1703488652000)/",28900,1700,1048700,30390000000,-200,false,-0.69
"HDG",141637,"/Date(1703488641000)/",28900,1500,1047000,30341000000,-200,false,-0.69
"HDG",141618,"/Date(1703488624000)/",28900,200,1045500,30297000000,-200,false,-0.69
"HDG",141602,"/Date(1703488609000)/",28900,1500,1045300,30291000000,-200,false,-0.69
"HDG",141549,"/Date(1703488594000)/",29000,3000,1043800,30248000000,-100,false,-0.34
"HDG",141530,"/Date(1703488577000)/",29050,600,1040800,30161000000,-50,false,-0.17
"HDG",141530,"/Date(1703488577000)/",28900,900,1040200,30144000000,-200,false,-0.69
"HDG",141530,"/Date(1703488577000)/",29000,4600,1039300,30118000000,-100,true,-0.34
"HDG",141517,"/Date(1703488563000)/",29000,300,1034700,29984000000,-100,true,-0.34
"HDG",141501,"/Date(1703488547000)/",29000,100,1034400,29976000000,-100,false,-0.34
"HDG",141501,"/Date(1703488547000)/",29000,5000,1034300,29973000000,-100,false,-0.34
"HDG",141501,"/Date(1703488547000)/",29000,100,1029300,29828000000,-100,false,-0.34
"HDG",141501,"/Date(1703488547000)/",29000,2100,1029200,29825000000,-100,false,-0.34
"HDG",141501,"/Date(1703488547000)/",28950,5000,1027100,29764000000,-150,false,-0.52
"HDG",141501,"/Date(1703488547000)/",28950,100,1022100,29619000000,-150,false,-0.52
"HDG",141501,"/Date(1703488547000)/",28850,500,1022000,29616000000,-250,false,-0.86
"HDG",141501,"/Date(1703488547000)/",28850,2200,1021500,29602000000,-250,false,-0.86
"HDG",141501,"/Date(1703488545000)/",28850,300,1019300,29538000000,-250,false,-0.86
"HDG",141501,"/Date(1703488545000)/",28850,1200,1019000,29530000000,-250,false,-0.86
"HDG",141451,"/Date(1703488536000)/",28850,8000,1017800,29495000000,-250,false,-0.86
"HDG",141439,"/Date(1703488526000)/",28850,300,1009800,29264000000,-250,false,-0.86
"HDG",141426,"/Date(1703488513000)/",28850,1500,1009500,29256000000,-250,false,-0.86
"HDG",141426,"/Date(1703488511000)/",28850,500,1008000,29212000000,-250,false,-0.86
"HDG",141354,"/Date(1703488480000)/",28850,1500,1007500,29198000000,-250,false,-0.86
"HDG",141351,"/Date(1703488478000)/",28850,900,1006000,29155000000,-250,false,-0.86
"HDG",141328,"/Date(1703488453000)/",28850,1500,1005100,29129000000,-250,false,-0.86
"HDG",141322,"/Date(1703488449000)/",28850,1000,1003600,29085000000,-250,false,-0.86
"HDG",141322,"/Date(1703488449000)/",28850,2000,1002600,29056000000,-250,false,-0.86
"HDG",141322,"/Date(1703488449000)/",28850,500,1000600,28999000000,-250,false,-0.86
"HDG",141322,"/Date(1703488449000)/",28850,100,1000100,28984000000,-250,false,-0.86
"HDG",141322,"/Date(1703488449000)/",28850,1000,1000000,28981000000,-250,false,-0.86
"HDG",141306,"/Date(1703488431000)/",28900,1000,999000,28953000000,-200,false,-0.69
"HDG",141250,"/Date(1703488416000)/",28900,1500,998000,28924000000,-200,false,-0.69
"HDG",141231,"/Date(1703488397000)/",28900,4200,996500,28880000000,-200,true,-0.69
"HDG",141228,"/Date(1703488392000)/",28900,2000,992300,28759000000,-200,false,-0.69
"HDG",141228,"/Date(1703488392000)/",28900,3800,990300,28701000000,-200,false,-0.69
"HDG",141218,"/Date(1703488383000)/",28900,300,986500,28591000000,-200,false,-0.69
"HDG",141218,"/Date(1703488383000)/",28900,1200,986200,28583000000,-200,false,-0.69
"HDG",141146,"/Date(1703488351000)/",28900,1500,985000,28548000000,-200,false,-0.69
"HDG",141114,"/Date(1703488319000)/",28950,300,983500,28505000000,-150,false,-0.52
"HDG",141114,"/Date(1703488319000)/",28950,1200,983200,28496000000,-150,false,-0.52
"HDG",141042,"/Date(1703488287000)/",28900,1300,982000,28461000000,-200,false,-0.69
"HDG",141042,"/Date(1703488287000)/",28850,200,980700,28424000000,-250,false,-0.86
"HDG",141036,"/Date(1703488283000)/",28850,100,980500,28418000000,-250,false,-0.86
"HDG",141036,"/Date(1703488280000)/",28850,500,980400,28415000000,-250,false,-0.86
"HDG",141030,"/Date(1703488275000)/",28850,200,979900,28401000000,-250,true,-0.86
"HDG",141010,"/Date(1703488255000)/",28900,1500,979700,28395000000,-200,false,-0.69
"HDG",141004,"/Date(1703488251000)/",28850,100,978200,28351000000,-250,true,-0.86
"HDG",141004,"/Date(1703488251000)/",28850,200,978100,28349000000,-250,true,-0.86
"HDG",141004,"/Date(1703488251000)/",28850,200,977900,28343000000,-250,true,-0.86
"HDG",141004,"/Date(1703488251000)/",28850,2000,977700,28337000000,-250,true,-0.86
"HDG",141004,"/Date(1703488251000)/",28850,10000,975700,28279000000,-250,true,-0.86
"HDG",141004,"/Date(1703488251000)/",28850,2000,965700,27991000000,-250,true,-0.86
"HDG",141004,"/Date(1703488251000)/",28850,500,963700,27933000000,-250,true,-0.86
"HDG",141004,"/Date(1703488251000)/",28850,200,963200,27919000000,-250,true,-0.86
"HDG",141004,"/Date(1703488251000)/",28850,300,963000,27913000000,-250,true,-0.86
"HDG",141004,"/Date(1703488251000)/",28850,100,962700,27904000000,-250,true,-0.86
"HDG",141004,"/Date(1703488251000)/",28850,100,962600,27901000000,-250,true,-0.86
"HDG",141004,"/Date(1703488251000)/",28850,100,962500,27899000000,-250,true,-0.86
"HDG",141004,"/Date(1703488251000)/",28850,1000,962400,27896000000,-250,true,-0.86
"HDG",141004,"/Date(1703488251000)/",28850,1000,961400,27867000000,-250,true,-0.86
"HDG",141004,"/Date(1703488251000)/",28850,100,960400,27838000000,-250,true,-0.86
"HDG",141004,"/Date(1703488249000)/",28900,100,960300,27835000000,-200,false,-0.69
"HDG",140939,"/Date(1703488222000)/",28900,1400,960200,27832000000,-200,false,-0.69
"HDG",140939,"/Date(1703488222000)/",28900,100,958800,27792000000,-200,false,-0.69
"HDG",140903,"/Date(1703488190000)/",28900,1500,958700,27789000000,-200,false,-0.69
"HDG",140903,"/Date(1703488189000)/",28900,100,957200,27745000000,-200,false,-0.69
"HDG",140900,"/Date(1703488186000)/",28900,300,957100,27743000000,-200,false,-0.69
"HDG",140857,"/Date(1703488184000)/",28900,700,956800,27734000000,-200,true,-0.69
"HDG",140847,"/Date(1703488174000)/",28900,200,956100,27714000000,-200,false,-0.69
"HDG",140847,"/Date(1703488173000)/",28900,300,955900,27708000000,-200,false,-0.69
"HDG",140844,"/Date(1703488169000)/",28900,100,955600,27699000000,-200,false,-0.69
"HDG",140831,"/Date(1703488158000)/",28900,1500,955500,27696000000,-200,true,-0.69
"HDG",140831,"/Date(1703488156000)/",28900,800,954000,27653000000,-200,true,-0.69
"HDG",140831,"/Date(1703488155000)/",28900,100,953200,27630000000,-200,true,-0.69
"HDG",140812,"/Date(1703488138000)/",28900,1100,953100,27627000000,-200,true,-0.69
"HDG",140803,"/Date(1703488126000)/",28900,1500,952000,27595000000,-200,false,-0.69
"HDG",140800,"/Date(1703488126000)/",28900,300,950500,27552000000,-200,false,-0.69
"HDG",140800,"/Date(1703488126000)/",28900,700,950200,27543000000,-200,false,-0.69
"HDG",140800,"/Date(1703488124000)/",28900,300,949500,27523000000,-200,false,-0.69
"HDG",140800,"/Date(1703488124000)/",28900,3000,949200,27514000000,-200,false,-0.69
"HDG",140750,"/Date(1703488116000)/",28900,300,946200,27428000000,-200,false,-0.69
"HDG",140750,"/Date(1703488116000)/",28900,200,945900,27419000000,-200,false,-0.69
"HDG",140734,"/Date(1703488098000)/",28900,1000,945700,27413000000,-200,false,-0.69
"HDG",140731,"/Date(1703488097000)/",28900,2000,944700,27384000000,-200,false,-0.69
"HDG",140731,"/Date(1703488096000)/",28900,300,942700,27326000000,-200,false,-0.69
"HDG",140728,"/Date(1703488094000)/",28900,1500,942400,27318000000,-200,false,-0.69
"HDG",140709,"/Date(1703488073000)/",28900,1000,940900,27274000000,-200,false,-0.69
"HDG",140702,"/Date(1703488066000)/",28900,500,939900,27246000000,-200,false,-0.69
"HDG",140702,"/Date(1703488066000)/",28900,1000,939400,27231000000,-200,false,-0.69
"HDG",140656,"/Date(1703488062000)/",28900,500,938400,27202000000,-200,false,-0.69
"HDG",140656,"/Date(1703488062000)/",28900,1000,937900,27188000000,-200,false,-0.69
"HDG",140653,"/Date(1703488059000)/",28900,1000,936900,27159000000,-200,false,-0.69
"HDG",140640,"/Date(1703488043000)/",28850,100,935900,27130000000,-250,true,-0.86
"HDG",140637,"/Date(1703488042000)/",28900,300,935800,27127000000,-200,false,-0.69
"HDG",140630,"/Date(1703488035000)/",28900,500,935500,27118000000,-200,true,-0.69
"HDG",140630,"/Date(1703488035000)/",28900,600,935000,27104000000,-200,true,-0.69
"HDG",140630,"/Date(1703488035000)/",28900,100,934400,27087000000,-200,true,-0.69
"HDG",140624,"/Date(1703488030000)/",29000,1500,934300,27084000000,-100,false,-0.34
"HDG",140602,"/Date(1703488005000)/",28900,1100,932800,27040000000,-200,true,-0.69
"HDG",140602,"/Date(1703488005000)/",28900,2400,931700,27008000000,-200,true,-0.69
"HDG",140552,"/Date(1703487997000)/",29000,1400,929300,26939000000,-100,false,-0.34
"HDG",140552,"/Date(1703487997000)/",29000,100,927900,26898000000,-100,false,-0.34
"HDG",140546,"/Date(1703487991000)/",28900,200,927800,26896000000,-200,true,-0.69
"HDG",140530,"/Date(1703487975000)/",28900,2000,927600,26890000000,-200,true,-0.69
"HDG",140530,"/Date(1703487975000)/",28900,300,925600,26832000000,-200,true,-0.69
"HDG",140530,"/Date(1703487975000)/",28900,1000,925300,26823000000,-200,true,-0.69
"HDG",140530,"/Date(1703487975000)/",29000,200,924300,26794000000,-100,true,-0.34
"HDG",140530,"/Date(1703487974000)/",29000,300,924100,26789000000,-100,true,-0.34
"HDG",140530,"/Date(1703487974000)/",29000,1000,923800,26780000000,-100,true,-0.34
"HDG",140520,"/Date(1703487965000)/",29000,1200,922800,26751000000,-100,true,-0.34
"HDG",140520,"/Date(1703487965000)/",29050,1500,921600,26716000000,-50,false,-0.17
"HDG",140507,"/Date(1703487953000)/",29000,5000,920100,26672000000,-100,true,-0.34
"HDG",140504,"/Date(1703487950000)/",29050,3200,915100,26527000000,-50,false,-0.17
"HDG",140504,"/Date(1703487950000)/",29050,1100,911900,26435000000,-50,false,-0.17
"HDG",140504,"/Date(1703487950000)/",29050,500,910800,26403000000,-50,false,-0.17
"HDG",140504,"/Date(1703487950000)/",29050,5200,910300,26388000000,-50,false,-0.17
"HDG",140501,"/Date(1703487945000)/",29000,3500,905100,26237000000,-100,true,-0.34
"HDG",140455,"/Date(1703487938000)/",29000,5000,901600,26135000000,-100,true,-0.34
"HDG",140448,"/Date(1703487932000)/",29050,1400,896600,25990000000,-50,false,-0.17
"HDG",140445,"/Date(1703487929000)/",29000,3000,895200,25950000000,-100,true,-0.34
"HDG",140445,"/Date(1703487929000)/",29000,200,892200,25863000000,-100,true,-0.34
"HDG",140445,"/Date(1703487929000)/",29000,1100,892000,25857000000,-100,true,-0.34
"HDG",140429,"/Date(1703487915000)/",28900,1000,890900,25825000000,-200,true,-0.69
"HDG",140429,"/Date(1703487915000)/",28900,500,889900,25796000000,-200,true,-0.69
"HDG",140429,"/Date(1703487915000)/",28900,100,889400,25782000000,-200,true,-0.69
"HDG",140429,"/Date(1703487915000)/",28900,200,889300,25779000000,-200,true,-0.69
"HDG",140429,"/Date(1703487915000)/",28900,1700,889100,25773000000,-200,true,-0.69
"HDG",140416,"/Date(1703487902000)/",28900,300,887400,25724000000,-200,true,-0.69
"HDG",140416,"/Date(1703487900000)/",29000,1400,887100,25715000000,-100,false,-0.34
"HDG",140407,"/Date(1703487893000)/",29000,2000,885700,25675000000,-100,false,-0.34
"HDG",140404,"/Date(1703487887000)/",29000,500,883700,25617000000,-100,false,-0.34
"HDG",140400,"/Date(1703487885000)/",28900,500,883200,25602000000,-200,true,-0.69
"HDG",140400,"/Date(1703487885000)/",28900,3000,882700,25588000000,-200,true,-0.69
"HDG",140341,"/Date(1703487867000)/",29050,1400,879700,25501000000,-50,false,-0.17
"HDG",140329,"/Date(1703487854000)/",28900,3500,878300,25460000000,-200,true,-0.69
"HDG",140309,"/Date(1703487834000)/",29050,600,874800,25359000000,-50,false,-0.17
"HDG",140309,"/Date(1703487834000)/",29050,100,874200,25342000000,-50,false,-0.17
"HDG",140309,"/Date(1703487834000)/",29050,700,874100,25339000000,-50,false,-0.17
"HDG",140300,"/Date(1703487824000)/",28900,3500,873400,25319000000,-200,true,-0.69
"HDG",140238,"/Date(1703487802000)/",29050,1400,869900,25217000000,-50,false,-0.17
"HDG",140228,"/Date(1703487793000)/",28900,3000,868500,25177000000,-200,true,-0.69
"HDG",140228,"/Date(1703487793000)/",29000,500,865500,25090000000,-100,true,-0.34
"HDG",140206,"/Date(1703487769000)/",29050,1000,865000,25076000000,-50,false,-0.17
"HDG",140206,"/Date(1703487769000)/",29050,400,864000,25046000000,-50,false,-0.17
"HDG",140159,"/Date(1703487762000)/",28900,400,863600,25035000000,-200,true,-0.69
"HDG",140159,"/Date(1703487762000)/",29000,3000,863200,25023000000,-100,true,-0.34
"HDG",140159,"/Date(1703487762000)/",29000,100,860200,24936000000,-100,true,-0.34
"HDG",140134,"/Date(1703487737000)/",29050,400,860100,24933000000,-50,false,-0.17
"HDG",140134,"/Date(1703487737000)/",29050,1000,859700,24922000000,-50,false,-0.17
"HDG",140127,"/Date(1703487733000)/",28900,3000,858700,24893000000,-200,true,-0.69
"HDG",140127,"/Date(1703487733000)/",29000,500,855700,24806000000,-100,false,-0.34
"HDG",140111,"/Date(1703487716000)/",29050,100,855200,24792000000,-50,false,-0.17
"HDG",140059,"/Date(1703487704000)/",29050,1300,855100,24789000000,-50,false,-0.17
"HDG",140059,"/Date(1703487704000)/",29050,100,853800,24751000000,-50,false,-0.17
"HDG",140059,"/Date(1703487702000)/",28900,1200,853700,24748000000,-200,true,-0.69
"HDG",140059,"/Date(1703487702000)/",28950,500,852500,24713000000,-150,false,-0.52
"HDG",140059,"/Date(1703487702000)/",28950,500,852000,24699000000,-150,false,-0.52
"HDG",140059,"/Date(1703487702000)/",29000,900,851500,24684000000,-100,false,-0.34
"HDG",140059,"/Date(1703487702000)/",29000,400,850600,24658000000,-100,false,-0.34
"HDG",140055,"/Date(1703487701000)/",29000,1000,850200,24647000000,-100,true,-0.34
"HDG",140036,"/Date(1703487680000)/",29000,400,849200,24618000000,-100,true,-0.34
"HDG",140036,"/Date(1703487680000)/",29000,200,848800,24606000000,-100,true,-0.34
"HDG",140027,"/Date(1703487672000)/",28950,3500,848600,24600000000,-150,true,-0.52
"HDG",140027,"/Date(1703487672000)/",29000,1400,845100,24499000000,-100,false,-0.34
"HDG",140017,"/Date(1703487662000)/",29000,100,843700,24458000000,-100,false,-0.34
"HDG",140017,"/Date(1703487662000)/",29000,300,843600,24455000000,-100,false,-0.34
"HDG",140017,"/Date(1703487662000)/",29000,700,843300,24447000000,-100,false,-0.34
"HDG",140017,"/Date(1703487661000)/",29000,4300,842600,24426000000,-100,false,-0.34
"HDG",140017,"/Date(1703487661000)/",29000,100,838300,24302000000,-100,false,-0.34
"HDG",140017,"/Date(1703487661000)/",29000,600,838200,24299000000,-100,false,-0.34
"HDG",140011,"/Date(1703487656000)/",29000,800,837600,24281000000,-100,false,-0.34
"HDG",140011,"/Date(1703487656000)/",29000,200,836800,24258000000,-100,false,-0.34
"HDG",140011,"/Date(1703487656000)/",29000,1800,836600,24252000000,-100,false,-0.34
"HDG",140011,"/Date(1703487656000)/",29000,1200,834800,24200000000,-100,false,-0.34
"HDG",140001,"/Date(1703487645000)/",29000,100,833600,24165000000,-100,false,-0.34
"HDG",140001,"/Date(1703487645000)/",29000,400,833500,24163000000,-100,false,-0.34
"HDG",140001,"/Date(1703487645000)/",29000,2500,833100,24151000000,-100,false,-0.34
"HDG",135958,"/Date(1703487643000)/",29000,500,830600,24078000000,-100,false,-0.34
"HDG",135958,"/Date(1703487642000)/",28950,1000,830100,24064000000,-150,true,-0.52
"HDG",135958,"/Date(1703487642000)/",28950,1000,829100,24035000000,-150,true,-0.52
"HDG",135958,"/Date(1703487642000)/",28950,1500,828100,24006000000,-150,true,-0.52
"HDG",135955,"/Date(1703487639000)/",29000,1400,826600,23963000000,-100,false,-0.34
"HDG",135939,"/Date(1703487624000)/",29000,300,825200,23922000000,-100,false,-0.34
"HDG",135939,"/Date(1703487624000)/",29000,600,824900,23913000000,-100,false,-0.34
"HDG",135939,"/Date(1703487624000)/",29000,100,824300,23896000000,-100,false,-0.34
"HDG",135929,"/Date(1703487612000)/",28950,3500,824200,23893000000,-150,true,-0.52
"HDG",135917,"/Date(1703487602000)/",29000,100,820700,23792000000,-100,false,-0.34
"HDG",135917,"/Date(1703487602000)/",29000,1300,820600,23789000000,-100,false,-0.34
"HDG",135907,"/Date(1703487591000)/",29000,900,819300,23751000000,-100,false,-0.34
"HDG",135907,"/Date(1703487591000)/",28950,400,818400,23725000000,-150,false,-0.52
"HDG",135857,"/Date(1703487582000)/",28900,400,818000,23713000000,-200,true,-0.69
"HDG",135857,"/Date(1703487582000)/",28900,3000,817600,23702000000,-200,true,-0.69
"HDG",135857,"/Date(1703487582000)/",28900,100,814600,23615000000,-200,true,-0.69
"HDG",135838,"/Date(1703487563000)/",28950,400,814500,23612000000,-150,false,-0.52
"HDG",135838,"/Date(1703487563000)/",28950,100,814100,23601000000,-150,false,-0.52
"HDG",135832,"/Date(1703487557000)/",28950,900,814000,23598000000,-150,false,-0.52
"HDG",135832,"/Date(1703487557000)/",28950,100,813100,23572000000,-150,false,-0.52
"HDG",135829,"/Date(1703487552000)/",28900,3400,813000,23569000000,-200,true,-0.69
"HDG",135825,"/Date(1703487548000)/",28950,4900,809600,23471000000,-150,false,-0.52
"HDG",135825,"/Date(1703487548000)/",28950,100,804700,23329000000,-150,false,-0.52
"HDG",135809,"/Date(1703487533000)/",28900,1500,804600,23326000000,-200,false,-0.69
"HDG",135806,"/Date(1703487530000)/",28900,1900,803100,23282000000,-200,false,-0.69
"HDG",135803,"/Date(1703487528000)/",28900,100,801200,23228000000,-200,false,-0.69
"HDG",135757,"/Date(1703487522000)/",28900,100,801100,23225000000,-200,false,-0.69
"HDG",135757,"/Date(1703487521000)/",28900,800,801000,23222000000,-200,false,-0.69
"HDG",135750,"/Date(1703487516000)/",28900,100,800200,23199000000,-200,false,-0.69
"HDG",135744,"/Date(1703487509000)/",28900,1900,800100,23196000000,-200,false,-0.69
"HDG",135741,"/Date(1703487506000)/",28850,1800,798200,23141000000,-250,true,-0.86
"HDG",135741,"/Date(1703487506000)/",28850,200,796400,23089000000,-250,true,-0.86
"HDG",135741,"/Date(1703487505000)/",28900,1000,796200,23083000000,-200,false,-0.69
"HDG",135741,"/Date(1703487505000)/",28900,1000,795200,23054000000,-200,false,-0.69
"HDG",135741,"/Date(1703487505000)/",28900,500,794200,23025000000,-200,false,-0.69
"HDG",135741,"/Date(1703487505000)/",28900,7500,793700,23011000000,-200,false,-0.69
"HDG",135738,"/Date(1703487502000)/",28900,1000,786200,22794000000,-200,false,-0.69
"HDG",135712,"/Date(1703487476000)/",28900,500,785200,22765000000,-200,false,-0.69
"HDG",135712,"/Date(1703487476000)/",28850,500,784700,22751000000,-250,false,-0.86
"HDG",135709,"/Date(1703487473000)/",28850,500,784200,22736000000,-250,false,-0.86
"HDG",135702,"/Date(1703487465000)/",28850,200,783700,22722000000,-250,true,-0.86
"HDG",135653,"/Date(1703487457000)/",28800,800,783500,22716000000,-300,true,-1.03
"HDG",135653,"/Date(1703487457000)/",28800,100,782700,22693000000,-300,true,-1.03
"HDG",135653,"/Date(1703487457000)/",28800,500,782600,22690000000,-300,true,-1.03
"HDG",135653,"/Date(1703487457000)/",28800,500,782100,22676000000,-300,true,-1.03
"HDG",135653,"/Date(1703487457000)/",28800,500,781600,22661000000,-300,true,-1.03
"HDG",135653,"/Date(1703487457000)/",28800,100,781100,22647000000,-300,true,-1.03
"HDG",135653,"/Date(1703487457000)/",28800,1600,781000,22644000000,-300,true,-1.03
"HDG",135653,"/Date(1703487457000)/",28850,500,779400,22598000000,-250,true,-0.86
"HDG",135653,"/Date(1703487457000)/",28850,400,778900,22584000000,-250,true,-0.86
"HDG",135653,"/Date(1703487457000)/",28850,1600,778500,22572000000,-250,true,-0.86
"HDG",135653,"/Date(1703487457000)/",28850,300,776900,22526000000,-250,true,-0.86
"HDG",135653,"/Date(1703487457000)/",28850,100,776600,22517000000,-250,true,-0.86
"HDG",135653,"/Date(1703487457000)/",28850,600,776500,22514000000,-250,true,-0.86
"HDG",135653,"/Date(1703487457000)/",28850,200,775900,22497000000,-250,true,-0.86
"HDG",135653,"/Date(1703487457000)/",28850,200,775700,22491000000,-250,true,-0.86
"HDG",135533,"/Date(1703487378000)/",28850,100,775500,22486000000,-250,true,-0.86
"HDG",135507,"/Date(1703487352000)/",28850,400,775400,22483000000,-250,true,-0.86
"HDG",135507,"/Date(1703487352000)/",28850,500,775000,22471000000,-250,true,-0.86
"HDG",135507,"/Date(1703487352000)/",28850,100,774500,22457000000,-250,true,-0.86
"HDG",135507,"/Date(1703487352000)/",28850,1000,774400,22454000000,-250,true,-0.86
"HDG",135413,"/Date(1703487297000)/",28850,100,773400,22425000000,-250,true,-0.86
"HDG",135413,"/Date(1703487297000)/",28850,400,773300,22422000000,-250,true,-0.86
"HDG",135413,"/Date(1703487297000)/",28850,200,772900,22411000000,-250,true,-0.86
"HDG",135413,"/Date(1703487297000)/",28850,1000,772700,22405000000,-250,true,-0.86
"HDG",135413,"/Date(1703487297000)/",28850,100,771700,22376000000,-250,true,-0.86
"HDG",135413,"/Date(1703487297000)/",28850,100,771600,22373000000,-250,true,-0.86
"HDG",135413,"/Date(1703487297000)/",28850,100,771500,22370000000,-250,true,-0.86
"HDG",135413,"/Date(1703487297000)/",28850,200,771400,22367000000,-250,true,-0.86
"HDG",135413,"/Date(1703487297000)/",28850,200,771200,22362000000,-250,true,-0.86
"HDG",135413,"/Date(1703487297000)/",28850,600,771000,22356000000,-250,true,-0.86
"HDG",135413,"/Date(1703487296000)/",28850,100,770400,22338000000,-250,true,-0.86
"HDG",135351,"/Date(1703487274000)/",28850,1800,770300,22336000000,-250,true,-0.86
"HDG",135351,"/Date(1703487274000)/",28850,300,768500,22284000000,-250,true,-0.86
"HDG",135351,"/Date(1703487274000)/",28850,200,768200,22275000000,-250,true,-0.86
"HDG",135351,"/Date(1703487274000)/",28850,200,768000,22269000000,-250,true,-0.86
"HDG",135351,"/Date(1703487274000)/",28850,3000,767800,22263000000,-250,true,-0.86
"HDG",135351,"/Date(1703487274000)/",28850,300,764800,22177000000,-250,true,-0.86
"HDG",135351,"/Date(1703487274000)/",28850,200,764500,22168000000,-250,true,-0.86
"HDG",135351,"/Date(1703487274000)/",28850,300,764300,22162000000,-250,true,-0.86
"HDG",135351,"/Date(1703487274000)/",28850,3700,764000,22154000000,-250,true,-0.86
"HDG",135335,"/Date(1703487257000)/",28850,5000,760300,22047000000,-250,true,-0.86
"HDG",135331,"/Date(1703487256000)/",28900,1000,755300,21903000000,-200,false,-0.69
"HDG",135244,"/Date(1703487206000)/",28900,200,754300,21874000000,-200,false,-0.69
"HDG",135244,"/Date(1703487206000)/",28900,200,754100,21868000000,-200,false,-0.69
"HDG",135244,"/Date(1703487206000)/",28900,300,753900,21862000000,-200,false,-0.69
"HDG",135244,"/Date(1703487206000)/",28900,300,753600,21854000000,-200,false,-0.69
"HDG",135224,"/Date(1703487187000)/",28900,400,753300,21845000000,-200,false,-0.69
"HDG",135224,"/Date(1703487187000)/",28900,100,752900,21833000000,-200,false,-0.69
"HDG",135224,"/Date(1703487187000)/",28900,100,752800,21831000000,-200,false,-0.69
"HDG",135224,"/Date(1703487187000)/",28900,400,752700,21828000000,-200,false,-0.69
"HDG",135224,"/Date(1703487187000)/",28900,1000,752300,21816000000,-200,false,-0.69
"HDG",135215,"/Date(1703487180000)/",28900,2000,751300,21787000000,-200,false,-0.69
"HDG",135152,"/Date(1703487157000)/",28900,200,749300,21729000000,-200,false,-0.69
"HDG",135055,"/Date(1703487099000)/",28900,900,749100,21724000000,-200,false,-0.69
"HDG",134922,"/Date(1703487007000)/",28900,500,748200,21698000000,-200,false,-0.69
"HDG",134919,"/Date(1703487002000)/",28850,700,747700,21683000000,-250,true,-0.86
"HDG",134851,"/Date(1703486973000)/",28900,400,747000,21663000000,-200,false,-0.69
"HDG",134851,"/Date(1703486973000)/",28900,300,746600,21651000000,-200,false,-0.69
"HDG",134822,"/Date(1703486944000)/",28850,600,746300,21643000000,-250,true,-0.86
"HDG",134822,"/Date(1703486944000)/",28850,200,745700,21625000000,-250,true,-0.86
"HDG",134822,"/Date(1703486944000)/",28850,200,745500,21620000000,-250,true,-0.86
"HDG",134753,"/Date(1703486915000)/",28900,300,745300,21614000000,-200,false,-0.69
"HDG",134747,"/Date(1703486910000)/",28900,400,745000,21605000000,-200,false,-0.69
"HDG",134605,"/Date(1703486806000)/",28900,2000,744600,21594000000,-200,false,-0.69
"HDG",134605,"/Date(1703486806000)/",28900,300,742600,21536000000,-200,false,-0.69
"HDG",134605,"/Date(1703486806000)/",28900,500,742300,21527000000,-200,false,-0.69
"HDG",134605,"/Date(1703486806000)/",28900,500,741800,21513000000,-200,false,-0.69
"HDG",134605,"/Date(1703486806000)/",28900,100,741300,21498000000,-200,false,-0.69
"HDG",134605,"/Date(1703486806000)/",28900,300,741200,21495000000,-200,false,-0.69
"HDG",134605,"/Date(1703486806000)/",28900,1300,740900,21487000000,-200,false,-0.69
"HDG",134448,"/Date(1703486730000)/",28900,1700,739600,21449000000,-200,false,-0.69
"HDG",134448,"/Date(1703486730000)/",28900,500,737900,21400000000,-200,false,-0.69
"HDG",134448,"/Date(1703486730000)/",28900,500,737400,21386000000,-200,false,-0.69
"HDG",134257,"/Date(1703486620000)/",28900,100,736900,21371000000,-200,false,-0.69
"HDG",134127,"/Date(1703486529000)/",28850,800,736800,21368000000,-250,true,-0.86
"HDG",134127,"/Date(1703486529000)/",28850,1300,736000,21345000000,-250,true,-0.86
"HDG",134049,"/Date(1703486492000)/",28850,700,734700,21308000000,-250,true,-0.86
"HDG",133929,"/Date(1703486410000)/",28900,400,734000,21287000000,-200,false,-0.69
"HDG",133929,"/Date(1703486410000)/",28900,100,733600,21276000000,-200,false,-0.69
"HDG",133832,"/Date(1703486355000)/",28900,100,733500,21273000000,-200,true,-0.69
"HDG",133819,"/Date(1703486340000)/",28850,1000,733400,21270000000,-250,true,-0.86
"HDG",133810,"/Date(1703486333000)/",28900,500,732400,21241000000,-200,false,-0.69
"HDG",133810,"/Date(1703486332000)/",28900,1300,731900,21227000000,-200,false,-0.69
"HDG",133757,"/Date(1703486318000)/",28900,200,730600,21189000000,-200,true,-0.69
"HDG",133741,"/Date(1703486302000)/",28900,800,730400,21183000000,-200,false,-0.69
"HDG",133735,"/Date(1703486296000)/",28900,1200,729600,21160000000,-200,false,-0.69
"HDG",133656,"/Date(1703486258000)/",28900,1000,728400,21126000000,-200,false,-0.69
"HDG",133656,"/Date(1703486258000)/",28900,100,727400,21097000000,-200,false,-0.69
"HDG",133653,"/Date(1703486256000)/",28900,500,727300,21094000000,-200,true,-0.69
"HDG",133644,"/Date(1703486245000)/",28900,1900,726800,21079000000,-200,true,-0.69
"HDG",133644,"/Date(1703486245000)/",28900,1100,724900,21025000000,-200,true,-0.69
"HDG",133624,"/Date(1703486228000)/",28900,2000,723800,20993000000,-200,true,-0.69
"HDG",133618,"/Date(1703486218000)/",28900,1900,721800,20935000000,-200,true,-0.69
"HDG",133605,"/Date(1703486207000)/",28900,100,719900,20880000000,-200,false,-0.69
"HDG",133605,"/Date(1703486207000)/",28900,3900,719800,20877000000,-200,false,-0.69
"HDG",133556,"/Date(1703486197000)/",28900,1100,715900,20764000000,-200,false,-0.69
"HDG",133556,"/Date(1703486197000)/",28900,2800,714800,20733000000,-200,false,-0.69
"HDG",133537,"/Date(1703486178000)/",28900,100,712000,20652000000,-200,false,-0.69
"HDG",133527,"/Date(1703486168000)/",28900,300,711900,20649000000,-200,false,-0.69
"HDG",133527,"/Date(1703486168000)/",28900,100,711600,20640000000,-200,false,-0.69
"HDG",133527,"/Date(1703486168000)/",28900,1000,711500,20637000000,-200,false,-0.69
"HDG",133527,"/Date(1703486168000)/",28900,700,710500,20608000000,-200,false,-0.69
"HDG",133527,"/Date(1703486168000)/",28900,200,709800,20588000000,-200,false,-0.69
"HDG",133527,"/Date(1703486168000)/",28900,1200,709600,20582000000,-200,false,-0.69
"HDG",133527,"/Date(1703486168000)/",28900,600,708400,20548000000,-200,false,-0.69
"HDG",133455,"/Date(1703486138000)/",28900,2000,707800,20530000000,-200,true,-0.69
"HDG",133427,"/Date(1703486108000)/",28900,2000,705800,20473000000,-200,true,-0.69
"HDG",133404,"/Date(1703486086000)/",28900,1000,703800,20415000000,-200,true,-0.69
"HDG",133355,"/Date(1703486077000)/",28900,2000,702800,20386000000,-200,true,-0.69
"HDG",133326,"/Date(1703486047000)/",28900,2000,700800,20328000000,-200,true,-0.69
"HDG",133257,"/Date(1703486017000)/",28900,1200,698800,20270000000,-200,true,-0.69
"HDG",133257,"/Date(1703486017000)/",28900,500,697600,20236000000,-200,true,-0.69
"HDG",133257,"/Date(1703486017000)/",28900,300,697100,20221000000,-200,true,-0.69
"HDG",133251,"/Date(1703486012000)/",28950,400,696800,20212000000,-150,false,-0.52
"HDG",133251,"/Date(1703486012000)/",28950,100,696400,20201000000,-150,false,-0.52
"HDG",133225,"/Date(1703485987000)/",28900,200,696300,20198000000,-200,true,-0.69
"HDG",133225,"/Date(1703485987000)/",28900,1000,696100,20192000000,-200,true,-0.69
"HDG",133225,"/Date(1703485987000)/",28900,800,695100,20163000000,-200,true,-0.69
"HDG",133225,"/Date(1703485987000)/",28900,200,694300,20140000000,-200,true,-0.69
"HDG",133225,"/Date(1703485987000)/",28900,100,694100,20134000000,-200,true,-0.69
"HDG",133225,"/Date(1703485987000)/",28900,500,694000,20131000000,-200,true,-0.69
"HDG",133225,"/Date(1703485987000)/",28900,100,693500,20117000000,-200,true,-0.69
"HDG",133225,"/Date(1703485987000)/",28900,100,693400,20114000000,-200,true,-0.69
"HDG",133157,"/Date(1703485957000)/",28900,300,693300,20111000000,-200,true,-0.69
"HDG",133157,"/Date(1703485957000)/",28900,500,693000,20103000000,-200,true,-0.69
"HDG",133157,"/Date(1703485957000)/",28900,1200,692500,20088000000,-200,true,-0.69
"HDG",133125,"/Date(1703485927000)/",28900,800,691300,20053000000,-200,true,-0.69
"HDG",133125,"/Date(1703485927000)/",28900,1200,690500,20030000000,-200,true,-0.69
"HDG",133122,"/Date(1703485922000)/",28950,400,689300,19996000000,-150,true,-0.52
"HDG",133056,"/Date(1703485897000)/",28900,800,688900,19984000000,-200,true,-0.69
"HDG",133056,"/Date(1703485897000)/",28900,200,688100,19961000000,-200,true,-0.69
"HDG",133056,"/Date(1703485897000)/",28900,500,687900,19955000000,-200,true,-0.69
"HDG",133056,"/Date(1703485897000)/",28900,500,687400,19941000000,-200,true,-0.69
"HDG",133024,"/Date(1703485867000)/",28900,500,686900,19926000000,-200,true,-0.69
"HDG",133024,"/Date(1703485867000)/",28900,200,686400,19912000000,-200,true,-0.69
"HDG",133024,"/Date(1703485867000)/",28900,200,686200,19906000000,-200,true,-0.69
"HDG",133024,"/Date(1703485867000)/",28900,500,686000,19900000000,-200,true,-0.69
"HDG",133024,"/Date(1703485867000)/",28900,500,685500,19886000000,-200,true,-0.69
"HDG",133024,"/Date(1703485867000)/",28950,100,685000,19871000000,-150,true,-0.52
"HDG",133011,"/Date(1703485852000)/",28950,100,684900,19868000000,-150,false,-0.52
"HDG",132955,"/Date(1703485837000)/",28900,2000,684800,19866000000,-200,true,-0.69
"HDG",132927,"/Date(1703485807000)/",28900,2000,682800,19808000000,-200,true,-0.69
"HDG",132914,"/Date(1703485795000)/",28900,500,680800,19750000000,-200,true,-0.69
"HDG",132908,"/Date(1703485789000)/",29000,2000,680300,19736000000,-100,false,-0.34
"HDG",132855,"/Date(1703485777000)/",28900,500,678300,19678000000,-200,true,-0.69
"HDG",132855,"/Date(1703485777000)/",28900,200,677800,19663000000,-200,true,-0.69
"HDG",132855,"/Date(1703485777000)/",28900,200,677600,19657000000,-200,true,-0.69
"HDG",132855,"/Date(1703485777000)/",28900,500,677400,19652000000,-200,true,-0.69
"HDG",132855,"/Date(1703485777000)/",28950,600,676900,19637000000,-150,true,-0.52
"HDG",132826,"/Date(1703485747000)/",28900,2000,676300,19620000000,-200,true,-0.69
"HDG",132810,"/Date(1703485732000)/",28900,500,674300,19562000000,-200,false,-0.69
"HDG",132807,"/Date(1703485729000)/",28900,300,673800,19547000000,-200,false,-0.69
"HDG",132807,"/Date(1703485728000)/",28900,100,673500,19539000000,-200,false,-0.69
"HDG",132804,"/Date(1703485726000)/",28900,300,673400,19536000000,-200,false,-0.69
"HDG",132754,"/Date(1703485717000)/",28900,500,673100,19527000000,-200,true,-0.69
"HDG",132754,"/Date(1703485717000)/",28900,200,672600,19513000000,-200,true,-0.69
"HDG",132754,"/Date(1703485717000)/",28900,100,672400,19507000000,-200,true,-0.69
"HDG",132726,"/Date(1703485686000)/",28900,2000,672300,19504000000,-200,true,-0.69
"HDG",132713,"/Date(1703485673000)/",29000,800,670300,19446000000,-100,false,-0.34
"HDG",132713,"/Date(1703485673000)/",29000,3000,669500,19423000000,-100,false,-0.34
"HDG",132713,"/Date(1703485673000)/",29000,100,666500,19336000000,-100,false,-0.34
"HDG",132713,"/Date(1703485673000)/",29000,500,666400,19333000000,-100,false,-0.34
"HDG",132713,"/Date(1703485673000)/",29000,100,665900,19319000000,-100,false,-0.34
"HDG",132713,"/Date(1703485673000)/",29000,200,665800,19316000000,-100,false,-0.34
"HDG",132713,"/Date(1703485673000)/",29000,500,665600,19310000000,-100,false,-0.34
"HDG",132713,"/Date(1703485673000)/",29000,3800,665100,19295000000,-100,false,-0.34
"HDG",132657,"/Date(1703485656000)/",28900,1000,661300,19185000000,-200,true,-0.69
"HDG",132657,"/Date(1703485656000)/",28900,1000,660300,19156000000,-200,true,-0.69
"HDG",132625,"/Date(1703485626000)/",28900,2000,659300,19127000000,-200,true,-0.69
"HDG",132556,"/Date(1703485596000)/",29000,100,657300,19070000000,-100,false,-0.34
"HDG",132556,"/Date(1703485596000)/",28900,2000,657200,19067000000,-200,true,-0.69
"HDG",132541,"/Date(1703485580000)/",29000,200,655200,19009000000,-100,false,-0.34
"HDG",132528,"/Date(1703485568000)/",28900,200,655000,19003000000,-200,false,-0.69
"HDG",132528,"/Date(1703485568000)/",28900,1000,654800,18997000000,-200,false,-0.69
"HDG",132528,"/Date(1703485568000)/",28900,300,653800,18969000000,-200,false,-0.69
"HDG",132528,"/Date(1703485568000)/",28900,200,653500,18960000000,-200,false,-0.69
"HDG",132528,"/Date(1703485568000)/",28900,300,653300,18954000000,-200,false,-0.69
"HDG",132446,"/Date(1703485526000)/",28900,3000,653000,18945000000,-200,true,-0.69
"HDG",132443,"/Date(1703485524000)/",28900,2000,650000,18859000000,-200,true,-0.69
"HDG",132434,"/Date(1703485513000)/",28900,1000,648000,18801000000,-200,false,-0.69
"HDG",132430,"/Date(1703485512000)/",28900,500,647000,18772000000,-200,false,-0.69
"HDG",132414,"/Date(1703485496000)/",28900,500,646500,18758000000,-200,false,-0.69
"HDG",132358,"/Date(1703485478000)/",28900,500,646000,18743000000,-200,true,-0.69
"HDG",132358,"/Date(1703485478000)/",28900,500,645500,18729000000,-200,true,-0.69
"HDG",132343,"/Date(1703485462000)/",28900,1500,645000,18714000000,-200,true,-0.69
"HDG",132343,"/Date(1703485462000)/",28950,500,643500,18671000000,-150,false,-0.52
"HDG",132327,"/Date(1703485447000)/",28900,1400,643000,18656000000,-200,false,-0.69
"HDG",132323,"/Date(1703485442000)/",28900,100,641600,18616000000,-200,false,-0.69
"HDG",132317,"/Date(1703485438000)/",28900,500,641500,18613000000,-200,false,-0.69
"HDG",132307,"/Date(1703485427000)/",28900,100,641000,18599000000,-200,false,-0.69
"HDG",132258,"/Date(1703485419000)/",28900,200,640900,18596000000,-200,false,-0.69
"HDG",132248,"/Date(1703485408000)/",28900,1000,640700,18590000000,-200,false,-0.69
"HDG",132242,"/Date(1703485401000)/",28900,100,639700,18561000000,-200,true,-0.69
"HDG",132242,"/Date(1703485401000)/",28900,600,639600,18558000000,-200,true,-0.69
"HDG",132210,"/Date(1703485372000)/",28900,400,639000,18541000000,-200,true,-0.69
"HDG",132210,"/Date(1703485372000)/",28900,200,638600,18529000000,-200,true,-0.69
"HDG",132210,"/Date(1703485372000)/",28900,200,638400,18523000000,-200,true,-0.69
"HDG",132210,"/Date(1703485372000)/",28900,200,638200,18518000000,-200,true,-0.69
"HDG",132210,"/Date(1703485372000)/",28900,1000,638000,18512000000,-200,true,-0.69
"HDG",132141,"/Date(1703485341000)/",28900,1000,637000,18483000000,-200,true,-0.69
"HDG",132141,"/Date(1703485341000)/",28900,100,636000,18454000000,-200,true,-0.69
"HDG",132141,"/Date(1703485341000)/",28900,900,635900,18451000000,-200,true,-0.69
"HDG",132110,"/Date(1703485311000)/",28900,2000,635000,18425000000,-200,true,-0.69
"HDG",132041,"/Date(1703485282000)/",28900,2000,633000,18367000000,-200,true,-0.69
"HDG",132038,"/Date(1703485278000)/",29000,900,631000,18310000000,-100,false,-0.34
"HDG",132038,"/Date(1703485278000)/",29000,2800,630100,18283000000,-100,false,-0.34
"HDG",132038,"/Date(1703485278000)/",29000,6300,627300,18202000000,-100,false,-0.34
"HDG",132012,"/Date(1703485253000)/",28900,100,621000,18020000000,-200,true,-0.69
"HDG",132012,"/Date(1703485253000)/",28900,200,620900,18017000000,-200,true,-0.69
"HDG",132012,"/Date(1703485253000)/",28900,100,620700,18011000000,-200,true,-0.69
"HDG",132012,"/Date(1703485253000)/",28900,300,620600,18008000000,-200,true,-0.69
"HDG",132012,"/Date(1703485253000)/",28900,100,620300,17999000000,-200,true,-0.69
"HDG",132012,"/Date(1703485253000)/",28900,700,620200,17996000000,-200,true,-0.69
"HDG",132012,"/Date(1703485253000)/",28900,500,619500,17976000000,-200,true,-0.69
"HDG",132003,"/Date(1703485241000)/",29000,200,619000,17962000000,-100,false,-0.34
"HDG",131943,"/Date(1703485222000)/",29000,100,618800,17956000000,-100,false,-0.34
"HDG",131931,"/Date(1703485211000)/",28900,2000,618700,17953000000,-200,true,-0.69
"HDG",131902,"/Date(1703485181000)/",28900,2000,616700,17895000000,-200,true,-0.69
"HDG",131830,"/Date(1703485151000)/",28900,500,614700,17837000000,-200,true,-0.69
"HDG",131830,"/Date(1703485151000)/",28900,300,614200,17823000000,-200,true,-0.69
"HDG",131830,"/Date(1703485151000)/",28900,1000,613900,17814000000,-200,true,-0.69
"HDG",131830,"/Date(1703485151000)/",28900,200,612900,17785000000,-200,true,-0.69
"HDG",131801,"/Date(1703485121000)/",28900,800,612700,17780000000,-200,true,-0.69
"HDG",131801,"/Date(1703485121000)/",28900,100,611900,17757000000,-200,true,-0.69
"HDG",131801,"/Date(1703485121000)/",28900,200,611800,17754000000,-200,true,-0.69
"HDG",131801,"/Date(1703485121000)/",28900,200,611600,17748000000,-200,true,-0.69
"HDG",131801,"/Date(1703485121000)/",28900,700,611400,17742000000,-200,true,-0.69
"HDG",131733,"/Date(1703485094000)/",29000,200,610700,17722000000,-100,false,-0.34
"HDG",131733,"/Date(1703485094000)/",28950,500,610500,17716000000,-150,true,-0.52
"HDG",131733,"/Date(1703485093000)/",28950,1500,610000,17702000000,-150,true,-0.52
"HDG",131730,"/Date(1703485091000)/",28950,2000,608500,17658000000,-150,true,-0.52
"HDG",131701,"/Date(1703485061000)/",28900,2000,606500,17600000000,-200,true,-0.69
"HDG",131629,"/Date(1703485031000)/",28900,1800,604500,17542000000,-200,true,-0.69
"HDG",131629,"/Date(1703485031000)/",28950,200,602700,17490000000,-150,true,-0.52
"HDG",131613,"/Date(1703485014000)/",28950,200,602500,17485000000,-150,true,-0.52
"HDG",131613,"/Date(1703485014000)/",28950,100,602300,17479000000,-150,true,-0.52
"HDG",131604,"/Date(1703485003000)/",28900,500,602200,17476000000,-200,true,-0.69
"HDG",131604,"/Date(1703485003000)/",28900,1000,601700,17462000000,-200,true,-0.69
"HDG",131604,"/Date(1703485003000)/",28900,500,600700,17433000000,-200,true,-0.69
"HDG",131528,"/Date(1703484969000)/",28950,200,600200,17418000000,-150,false,-0.52
"HDG",131522,"/Date(1703484961000)/",28900,1500,600000,17412000000,-200,true,-0.69
"HDG",131522,"/Date(1703484961000)/",28900,300,598500,17369000000,-200,true,-0.69
"HDG",131522,"/Date(1703484961000)/",28900,200,598200,17360000000,-200,true,-0.69
"HDG",131450,"/Date(1703484931000)/",28900,1000,598000,17355000000,-200,true,-0.69
"HDG",131450,"/Date(1703484931000)/",28900,1000,597000,17326000000,-200,true,-0.69
"HDG",131447,"/Date(1703484926000)/",28950,600,596000,17297000000,-150,false,-0.52
"HDG",131447,"/Date(1703484926000)/",28950,1600,595400,17279000000,-150,false,-0.52
"HDG",131422,"/Date(1703484901000)/",28900,2000,593800,17233000000,-200,true,-0.69
"HDG",131359,"/Date(1703484880000)/",28950,300,591800,17175000000,-150,true,-0.52
"HDG",131359,"/Date(1703484880000)/",28950,100,591500,17167000000,-150,true,-0.52
"HDG",131353,"/Date(1703484871000)/",28950,2000,591400,17164000000,-150,true,-0.52
"HDG",131321,"/Date(1703484841000)/",28950,2000,589400,17106000000,-150,true,-0.52
"HDG",131318,"/Date(1703484837000)/",28950,900,587400,17048000000,-150,true,-0.52
"HDG",131302,"/Date(1703484822000)/",28950,1000,586500,17022000000,-150,false,-0.52
"HDG",131252,"/Date(1703484811000)/",28900,2000,585500,16993000000,-200,true,-0.69
"HDG",131240,"/Date(1703484799000)/",28950,100,583500,16935000000,-150,false,-0.52
"HDG",131221,"/Date(1703484781000)/",28900,500,583400,16932000000,-200,true,-0.69
"HDG",131221,"/Date(1703484781000)/",28900,500,582900,16918000000,-200,true,-0.69
"HDG",131221,"/Date(1703484781000)/",28900,500,582400,16903000000,-200,true,-0.69
"HDG",131221,"/Date(1703484781000)/",28900,500,581900,16889000000,-200,true,-0.69
"HDG",131152,"/Date(1703484751000)/",28900,2000,581400,16874000000,-200,true,-0.69
"HDG",131120,"/Date(1703484721000)/",28900,2000,579400,16817000000,-200,true,-0.69
"HDG",131051,"/Date(1703484690000)/",28900,500,577400,16759000000,-200,true,-0.69
"HDG",131051,"/Date(1703484690000)/",28900,100,576900,16744000000,-200,true,-0.69
"HDG",131051,"/Date(1703484690000)/",28900,1000,576800,16741000000,-200,true,-0.69
"HDG",131051,"/Date(1703484690000)/",28900,200,575800,16713000000,-200,true,-0.69
"HDG",131051,"/Date(1703484690000)/",28950,200,575600,16707000000,-150,false,-0.52
"HDG",131035,"/Date(1703484675000)/",28950,800,575400,16701000000,-150,false,-0.52
"HDG",131026,"/Date(1703484667000)/",28950,200,574600,16678000000,-150,false,-0.52
"HDG",131023,"/Date(1703484660000)/",28900,1900,574400,16672000000,-200,true,-0.69
"HDG",131013,"/Date(1703484651000)/",29000,400,572500,16617000000,-100,false,-0.34
"HDG",131010,"/Date(1703484648000)/",28950,100,572100,16606000000,-150,true,-0.52
"HDG",131000,"/Date(1703484639000)/",28950,100,572000,16603000000,-150,true,-0.52
"HDG",131000,"/Date(1703484639000)/",28950,900,571900,16600000000,-150,true,-0.52
"HDG",130951,"/Date(1703484630000)/",28900,2100,571000,16574000000,-200,true,-0.69
"HDG",130951,"/Date(1703484630000)/",28950,1100,568900,16513000000,-150,true,-0.52
"HDG",130944,"/Date(1703484623000)/",28950,900,567800,16481000000,-150,false,-0.52
"HDG",130944,"/Date(1703484622000)/",28950,1100,566900,16455000000,-150,false,-0.52
"HDG",130617,"/Date(1703484416000)/",28850,100,565800,16423000000,-250,true,-0.86
"HDG",130552,"/Date(1703484389000)/",28850,100,565700,16420000000,-250,false,-0.86
"HDG",130552,"/Date(1703484389000)/",28850,1600,565600,16417000000,-250,false,-0.86
"HDG",130546,"/Date(1703484386000)/",28850,400,564000,16371000000,-250,false,-0.86
"HDG",130546,"/Date(1703484386000)/",28850,100,563600,16360000000,-250,false,-0.86
"HDG",130527,"/Date(1703484365000)/",28850,2000,563500,16357000000,-250,false,-0.86
"HDG",130514,"/Date(1703484351000)/",28850,500,561500,16299000000,-250,false,-0.86
"HDG",130501,"/Date(1703484340000)/",28850,500,561000,16285000000,-250,false,-0.86
"HDG",130452,"/Date(1703484331000)/",28850,1000,560500,16270000000,-250,false,-0.86
"HDG",130426,"/Date(1703484305000)/",28850,100,559500,16242000000,-250,false,-0.86
"HDG",130420,"/Date(1703484298000)/",28850,200,559400,16239000000,-250,false,-0.86
"HDG",130357,"/Date(1703484276000)/",28850,1000,559200,16233000000,-250,false,-0.86
"HDG",130357,"/Date(1703484276000)/",28850,200,558200,16204000000,-250,false,-0.86
"HDG",130351,"/Date(1703484269000)/",28850,600,558000,16198000000,-250,true,-0.86
"HDG",130335,"/Date(1703484254000)/",28850,200,557400,16181000000,-250,true,-0.86
"HDG",130335,"/Date(1703484254000)/",28850,300,557200,16175000000,-250,true,-0.86
"HDG",130313,"/Date(1703484231000)/",28850,200,556900,16167000000,-250,false,-0.86
"HDG",130257,"/Date(1703484216000)/",28850,4000,556700,16161000000,-250,true,-0.86
"HDG",130257,"/Date(1703484216000)/",28850,200,552700,16045000000,-250,true,-0.86
"HDG",130257,"/Date(1703484216000)/",28850,100,552500,16040000000,-250,true,-0.86
"HDG",130257,"/Date(1703484216000)/",28850,300,552400,16037000000,-250,true,-0.86
"HDG",130257,"/Date(1703484216000)/",28850,200,552100,16028000000,-250,true,-0.86
"HDG",130257,"/Date(1703484214000)/",28850,700,551900,16022000000,-250,true,-0.86
"HDG",130251,"/Date(1703484210000)/",28850,200,551200,16002000000,-250,true,-0.86
"HDG",130228,"/Date(1703484187000)/",28850,200,551000,15996000000,-250,true,-0.86
"HDG",130225,"/Date(1703484183000)/",28850,600,550800,15991000000,-250,true,-0.86
"HDG",130131,"/Date(1703484129000)/",28850,100,550200,15973000000,-250,true,-0.86
"HDG",130043,"/Date(1703484081000)/",28800,3000,550100,15970000000,-300,true,-1.03
"HDG",130008,"/Date(1703484045000)/",28800,200,547100,15884000000,-300,true,-1.03
"HDG",130008,"/Date(1703484045000)/",28800,500,546900,15878000000,-300,true,-1.03
"HDG",130008,"/Date(1703484045000)/",28800,100,546400,15864000000,-300,true,-1.03
"HDG",130008,"/Date(1703484045000)/",28800,1000,546300,15861000000,-300,true,-1.03
"HDG",130008,"/Date(1703484045000)/",28800,1000,545300,15832000000,-300,true,-1.03
"HDG",130008,"/Date(1703484045000)/",28800,5000,544300,15803000000,-300,true,-1.03
"HDG",130008,"/Date(1703484045000)/",28800,400,539300,15659000000,-300,true,-1.03
"HDG",130008,"/Date(1703484045000)/",28850,1800,538900,15648000000,-250,true,-0.86
"HDG",130005,"/Date(1703484044000)/",28850,300,537100,15596000000,-250,true,-0.86
"HDG",130005,"/Date(1703484043000)/",28850,2900,536800,15587000000,-250,true,-0.86
"HDG",130005,"/Date(1703484043000)/",28850,100,533900,15504000000,-250,true,-0.86
"HDG",130005,"/Date(1703484043000)/",28850,1000,533800,15501000000,-250,true,-0.86
"HDG",130005,"/Date(1703484043000)/",28850,500,532800,15472000000,-250,true,-0.86
"HDG",130005,"/Date(1703484043000)/",28850,1000,532300,15457000000,-250,true,-0.86
"HDG",130005,"/Date(1703484043000)/",28850,400,531300,15429000000,-250,true,-0.86
"HDG",130005,"/Date(1703484043000)/",28850,500,530900,15417000000,-250,true,-0.86
"HDG",130005,"/Date(1703484043000)/",28900,1000,530400,15403000000,-200,true,-0.69
"HDG",130005,"/Date(1703484043000)/",28900,300,529400,15374000000,-200,true,-0.69
"HDG",130005,"/Date(1703484043000)/",28900,1000,529100,15365000000,-200,true,-0.69
"HDG",130005,"/Date(1703484043000)/",28900,300,528100,15336000000,-200,true,-0.69
"HDG",130005,"/Date(1703484043000)/",28900,300,527800,15327000000,-200,true,-0.69
"HDG",130005,"/Date(1703484043000)/",28900,100,527500,15319000000,-200,true,-0.69
"HDG",130005,"/Date(1703484043000)/",28900,1000,527400,15316000000,-200,true,-0.69
"HDG",130005,"/Date(1703484043000)/",28900,500,526400,15287000000,-200,true,-0.69
"HDG",130005,"/Date(1703484043000)/",28900,1800,525900,15272000000,-200,true,-0.69
"HDG",130005,"/Date(1703484043000)/",28900,100,524100,15220000000,-200,true,-0.69
"HDG",130005,"/Date(1703484043000)/",28900,100,524000,15218000000,-200,true,-0.69
"HDG",130005,"/Date(1703484043000)/",28900,5000,523900,15215000000,-200,true,-0.69
"HDG",130005,"/Date(1703484043000)/",28900,1000,518900,15070000000,-200,true,-0.69
"HDG",130005,"/Date(1703484043000)/",28900,900,517900,15041000000,-200,true,-0.69
"HDG",130005,"/Date(1703484043000)/",28950,200,517000,15015000000,-150,true,-0.52
"HDG",130005,"/Date(1703484043000)/",28950,200,516800,15009000000,-150,true,-0.52
"HDG",130005,"/Date(1703484043000)/",28950,300,516600,15004000000,-150,true,-0.52
"HDG",130005,"/Date(1703484043000)/",28950,1000,516300,14995000000,-150,true,-0.52
"HDG",130005,"/Date(1703484043000)/",28950,2500,515300,14966000000,-150,true,-0.52
"HDG",130005,"/Date(1703484043000)/",28950,500,512800,14894000000,-150,true,-0.52
"HDG",130005,"/Date(1703484043000)/",28950,500,512300,14879000000,-150,true,-0.52
"HDG",125946,"/Date(1703484013000)/",29000,100,511800,14865000000,-100,false,-0.34
"HDG",125943,"/Date(1703484005000)/",29000,1000,511700,14862000000,-100,false,-0.34
"HDG",125939,"/Date(1703484001000)/",29000,200,510700,14833000000,-100,false,-0.34
"HDG",125939,"/Date(1703484001000)/",28950,1500,510500,14827000000,-150,true,-0.52
"HDG",125939,"/Date(1703484001000)/",28950,100,509000,14784000000,-150,true,-0.52
"HDG",125939,"/Date(1703484001000)/",28950,200,508900,14781000000,-150,true,-0.52
"HDG",125939,"/Date(1703484001000)/",28950,6700,508700,14775000000,-150,true,-0.52
"HDG",125933,"/Date(1703484000000)/",29000,600,502000,14581000000,-100,true,-0.34
"HDG",125933,"/Date(1703484000000)/",29000,900,501400,14564000000,-100,true,-0.34
"HDG",112653,"/Date(1703478441000)/",29000,4100,500500,14537000000,-100,true,-0.34
"HDG",112653,"/Date(1703478441000)/",29000,1800,496400,14419000000,-100,true,-0.34
"HDG",112653,"/Date(1703478441000)/",29000,100,494600,14366000000,-100,true,-0.34
"HDG",112508,"/Date(1703478336000)/",29000,500,494500,14363000000,-100,false,-0.34
"HDG",112429,"/Date(1703478297000)/",29000,500,494000,14349000000,-100,false,-0.34
"HDG",112429,"/Date(1703478297000)/",29000,5000,493500,14334000000,-100,false,-0.34
"HDG",112429,"/Date(1703478297000)/",29000,500,488500,14189000000,-100,false,-0.34
"HDG",112429,"/Date(1703478297000)/",29000,1000,488000,14175000000,-100,false,-0.34
"HDG",112429,"/Date(1703478297000)/",29000,10000,487000,14146000000,-100,false,-0.34
"HDG",112429,"/Date(1703478297000)/",29000,6500,477000,13856000000,-100,false,-0.34
"HDG",112335,"/Date(1703478242000)/",29000,300,470500,13667000000,-100,true,-0.34
"HDG",112332,"/Date(1703478241000)/",29000,3200,470200,13659000000,-100,true,-0.34
"HDG",112332,"/Date(1703478241000)/",29000,500,467000,13566000000,-100,true,-0.34
"HDG",112332,"/Date(1703478241000)/",29000,1000,466500,13551000000,-100,true,-0.34
"HDG",112332,"/Date(1703478241000)/",29000,300,465500,13522000000,-100,true,-0.34
"HDG",112332,"/Date(1703478241000)/",29000,5500,465200,13514000000,-100,true,-0.34
"HDG",112059,"/Date(1703478086000)/",29050,300,459700,13354000000,-50,false,-0.17
"HDG",111842,"/Date(1703477948000)/",29050,700,459400,13346000000,-50,false,-0.17
"HDG",111820,"/Date(1703477927000)/",29050,300,458700,13325000000,-50,true,-0.17
"HDG",111726,"/Date(1703477873000)/",29050,700,458400,13316000000,-50,true,-0.17
"HDG",111525,"/Date(1703477751000)/",29050,100,457700,13296000000,-50,true,-0.17
"HDG",111525,"/Date(1703477751000)/",29050,200,457600,13293000000,-50,true,-0.17
"HDG",111246,"/Date(1703477593000)/",29050,300,457400,13287000000,-50,true,-0.17
"HDG",111246,"/Date(1703477593000)/",29050,400,457100,13279000000,-50,true,-0.17
"HDG",111016,"/Date(1703477442000)/",29050,100,456700,13267000000,-50,true,-0.17
"HDG",111006,"/Date(1703477432000)/",29100,200,456600,13264000000,0,false,0
"HDG",110935,"/Date(1703477402000)/",29050,500,456400,13258000000,-50,false,-0.17
"HDG",110919,"/Date(1703477384000)/",29050,500,455900,13244000000,-50,false,-0.17
"HDG",110812,"/Date(1703477317000)/",29050,200,455400,13229000000,-50,false,-0.17
"HDG",110812,"/Date(1703477317000)/",29050,300,455200,13224000000,-50,false,-0.17
"HDG",110812,"/Date(1703477317000)/",29050,700,454900,13215000000,-50,false,-0.17
"HDG",110740,"/Date(1703477287000)/",29050,300,454200,13194000000,-50,false,-0.17
"HDG",110727,"/Date(1703477274000)/",29050,100,453900,13186000000,-50,false,-0.17
"HDG",110711,"/Date(1703477257000)/",29050,4900,453800,13183000000,-50,false,-0.17
"HDG",110652,"/Date(1703477238000)/",29100,100,448900,13041000000,0,false,0
"HDG",110422,"/Date(1703477089000)/",29050,5100,448800,13038000000,-50,true,-0.17
"HDG",110422,"/Date(1703477089000)/",29050,500,443700,12889000000,-50,true,-0.17
"HDG",110422,"/Date(1703477089000)/",29050,4400,443200,12875000000,-50,true,-0.17
"HDG",110403,"/Date(1703477070000)/",29100,1300,438800,12747000000,0,false,0
"HDG",110403,"/Date(1703477070000)/",29100,700,437500,12709000000,0,false,0
"HDG",110300,"/Date(1703477006000)/",29100,100,436800,12689000000,0,false,0
"HDG",110247,"/Date(1703476993000)/",29100,200,436700,12686000000,0,false,0
"HDG",110127,"/Date(1703476914000)/",29100,200,436500,12680000000,0,true,0
"HDG",110127,"/Date(1703476914000)/",29100,3800,436300,12674000000,0,true,0
"HDG",110121,"/Date(1703476907000)/",29100,200,432500,12564000000,0,false,0
"HDG",105948,"/Date(1703476813000)/",29100,1800,432300,12558000000,0,true,0
"HDG",105935,"/Date(1703476801000)/",29100,2000,430500,12506000000,0,true,0
"HDG",105935,"/Date(1703476801000)/",29100,1700,428500,12447000000,0,true,0
"HDG",105919,"/Date(1703476784000)/",29100,200,426800,12398000000,0,true,0
"HDG",105803,"/Date(1703476707000)/",29100,600,426600,12392000000,0,true,0
"HDG",105757,"/Date(1703476702000)/",29100,100,426000,12375000000,0,true,0
"HDG",105734,"/Date(1703476679000)/",29100,300,425900,12372000000,0,true,0
"HDG",105731,"/Date(1703476677000)/",29100,100,425600,12363000000,0,true,0
"HDG",105725,"/Date(1703476672000)/",29100,400,425500,12360000000,0,true,0
"HDG",105702,"/Date(1703476648000)/",29100,1000,425100,12348000000,0,true,0
"HDG",105650,"/Date(1703476635000)/",29100,18800,424100,12319000000,0,true,0
"HDG",105650,"/Date(1703476635000)/",29100,500,405300,11772000000,0,true,0
"HDG",105650,"/Date(1703476635000)/",29100,500,404800,11758000000,0,true,0
"HDG",105650,"/Date(1703476635000)/",29100,200,404300,11743000000,0,true,0
"HDG",105618,"/Date(1703476603000)/",29100,100,404100,11737000000,0,true,0
"HDG",105618,"/Date(1703476603000)/",29100,300,404000,11734000000,0,true,0
"HDG",105618,"/Date(1703476603000)/",29100,600,403700,11726000000,0,true,0
"HDG",105552,"/Date(1703476578000)/",29100,1000,403100,11708000000,0,true,0
"HDG",105530,"/Date(1703476554000)/",29100,1600,402100,11679000000,0,true,0
"HDG",105530,"/Date(1703476554000)/",29100,300,400500,11633000000,0,true,0
"HDG",105530,"/Date(1703476554000)/",29100,200,400200,11624000000,0,true,0
"HDG",105530,"/Date(1703476554000)/",29100,100,400000,11618000000,0,true,0
"HDG",105530,"/Date(1703476554000)/",29100,1800,399900,11615000000,0,true,0
"HDG",105527,"/Date(1703476552000)/",29100,200,398100,11563000000,0,true,0
"HDG",105527,"/Date(1703476552000)/",29100,1300,397900,11557000000,0,true,0
"HDG",105527,"/Date(1703476552000)/",29100,500,396600,11519000000,0,true,0
"HDG",105445,"/Date(1703476511000)/",29100,100,396100,11505000000,0,true,0
"HDG",105316,"/Date(1703476419000)/",29100,500,396000,11502000000,0,true,0
"HDG",105206,"/Date(1703476350000)/",29100,900,395500,11487000000,0,true,0
"HDG",105206,"/Date(1703476350000)/",29100,100,394600,11461000000,0,true,0
"HDG",105206,"/Date(1703476350000)/",29100,2000,394500,11458000000,0,true,0
"HDG",105203,"/Date(1703476347000)/",29100,100,392500,11400000000,0,true,0
"HDG",105134,"/Date(1703476320000)/",29100,1000,392400,11397000000,0,true,0
"HDG",105115,"/Date(1703476299000)/",29100,100,391400,11368000000,0,true,0
"HDG",105030,"/Date(1703476255000)/",29100,200,391300,11365000000,0,true,0
"HDG",105014,"/Date(1703476239000)/",29100,1000,391100,11359000000,0,true,0
"HDG",104801,"/Date(1703476106000)/",29100,100,390100,11330000000,0,true,0
"HDG",104735,"/Date(1703476079000)/",29100,2000,390000,11327000000,0,true,0
"HDG",104622,"/Date(1703476005000)/",29100,100,388000,11269000000,0,true,0
"HDG",104603,"/Date(1703475988000)/",29150,500,387900,11266000000,50,false,0.17
"HDG",104550,"/Date(1703475973000)/",29150,100,387400,11251000000,50,false,0.17
"HDG",104512,"/Date(1703475937000)/",29100,1000,387300,11248000000,0,true,0
"HDG",104337,"/Date(1703475842000)/",29150,100,386300,11219000000,50,false,0.17
"HDG",104311,"/Date(1703475815000)/",29100,100,386200,11216000000,0,true,0
"HDG",104236,"/Date(1703475780000)/",29100,2000,386100,11213000000,0,true,0
"HDG",104010,"/Date(1703475634000)/",29100,300,384100,11155000000,0,true,0
"HDG",103951,"/Date(1703475615000)/",29100,1000,383800,11147000000,0,false,0
"HDG",103850,"/Date(1703475552000)/",29150,300,382800,11117000000,50,false,0.17
"HDG",103850,"/Date(1703475552000)/",29100,100,382500,11109000000,0,false,0
"HDG",103847,"/Date(1703475550000)/",29100,300,382400,11106000000,0,false,0
"HDG",103746,"/Date(1703475488000)/",29100,200,382100,11097000000,0,false,0
"HDG",103721,"/Date(1703475463000)/",29100,300,381900,11091000000,0,false,0
"HDG",103721,"/Date(1703475463000)/",29100,500,381600,11083000000,0,false,0
"HDG",103708,"/Date(1703475452000)/",29100,200,381100,11068000000,0,true,0
"HDG",103708,"/Date(1703475452000)/",29100,1600,380900,11062000000,0,true,0
"HDG",103708,"/Date(1703475452000)/",29100,200,379300,11016000000,0,true,0
"HDG",103708,"/Date(1703475452000)/",29100,8000,379100,11010000000,0,true,0
"HDG",103642,"/Date(1703475427000)/",29100,2000,371100,10777000000,0,true,0
"HDG",103601,"/Date(1703475384000)/",29100,800,369100,10719000000,0,false,0
"HDG",103601,"/Date(1703475384000)/",29100,200,368300,10696000000,0,false,0
"HDG",103601,"/Date(1703475384000)/",29100,1000,368100,10690000000,0,false,0
"HDG",103532,"/Date(1703475357000)/",29100,3900,367100,10661000000,0,false,0
"HDG",103532,"/Date(1703475357000)/",29100,5000,363200,10547000000,0,false,0
"HDG",103532,"/Date(1703475357000)/",29100,4000,358200,10402000000,0,false,0
"HDG",103532,"/Date(1703475357000)/",29100,500,354200,10285000000,0,false,0
"HDG",103532,"/Date(1703475357000)/",29100,2100,353700,10271000000,0,false,0
"HDG",103532,"/Date(1703475357000)/",29100,500,351600,10210000000,0,false,0
"HDG",103532,"/Date(1703475357000)/",29100,400,351100,10195000000,0,false,0
"HDG",103532,"/Date(1703475357000)/",29100,1500,350700,10183000000,0,false,0
"HDG",103532,"/Date(1703475357000)/",29100,900,349200,10140000000,0,false,0
"HDG",103532,"/Date(1703475357000)/",29100,100,348300,10114000000,0,false,0
"HDG",103532,"/Date(1703475357000)/",29100,1100,348200,10111000000,0,false,0
"HDG",103523,"/Date(1703475347000)/",29100,3900,347100,10079000000,0,false,0
"HDG",103523,"/Date(1703475347000)/",29100,5000,343200,9965000000,0,false,0
"HDG",103523,"/Date(1703475347000)/",29100,1100,338200,9820000000,0,false,0
"HDG",103504,"/Date(1703475327000)/",29100,100,337100,9788000000,0,false,0
"HDG",103338,"/Date(1703475241000)/",29100,600,337000,9785000000,0,false,0
"HDG",103322,"/Date(1703475224000)/",29100,1200,336400,9767000000,0,false,0
"HDG",103322,"/Date(1703475224000)/",29100,500,335200,9732000000,0,false,0
"HDG",103322,"/Date(1703475224000)/",29100,100,334700,9718000000,0,false,0
"HDG",103322,"/Date(1703475224000)/",29100,100,334600,9715000000,0,false,0
"HDG",103322,"/Date(1703475224000)/",29100,300,334500,9712000000,0,false,0
"HDG",103322,"/Date(1703475224000)/",29100,1000,334200,9703000000,0,false,0
"HDG",103322,"/Date(1703475224000)/",29100,1800,333200,9674000000,0,false,0
"HDG",103124,"/Date(1703475107000)/",29100,300,331400,9622000000,0,false,0
"HDG",103118,"/Date(1703475100000)/",29100,7900,331100,9613000000,0,false,0
"HDG",103118,"/Date(1703475100000)/",29100,100,323200,9383000000,0,false,0
"HDG",103118,"/Date(1703475100000)/",29100,2000,323100,9380000000,0,false,0
"HDG",103043,"/Date(1703475067000)/",29100,200,321100,9322000000,0,false,0
"HDG",103024,"/Date(1703475046000)/",29100,200,320900,9316000000,0,false,0
"HDG",103024,"/Date(1703475046000)/",29100,100,320700,9310000000,0,false,0
"HDG",103024,"/Date(1703475046000)/",29100,100,320600,9307000000,0,false,0
"HDG",103005,"/Date(1703475027000)/",29050,100,320500,9305000000,-50,false,-0.17
"HDG",102908,"/Date(1703474971000)/",29050,700,320400,9302000000,-50,true,-0.17
"HDG",102908,"/Date(1703474971000)/",29050,1000,319700,9281000000,-50,true,-0.17
"HDG",102908,"/Date(1703474971000)/",29050,100,318700,9252000000,-50,true,-0.17
"HDG",102908,"/Date(1703474971000)/",29050,1000,318600,9249000000,-50,true,-0.17
"HDG",102908,"/Date(1703474971000)/",29050,3000,317600,9220000000,-50,true,-0.17
"HDG",102908,"/Date(1703474969000)/",29050,800,314600,9133000000,-50,true,-0.17
"HDG",102619,"/Date(1703474802000)/",29050,900,313800,9110000000,-50,true,-0.17
"HDG",102537,"/Date(1703474760000)/",29100,100,312900,9084000000,0,false,0
"HDG",102226,"/Date(1703474568000)/",29050,300,312800,9081000000,-50,false,-0.17
"HDG",102142,"/Date(1703474524000)/",29050,700,312500,9072000000,-50,false,-0.17
"HDG",102054,"/Date(1703474476000)/",29050,300,311800,9052000000,-50,false,-0.17
"HDG",102054,"/Date(1703474476000)/",29050,500,311500,9043000000,-50,false,-0.17
"HDG",102025,"/Date(1703474446000)/",29000,2000,311000,9029000000,-100,true,-0.34
"HDG",101944,"/Date(1703474406000)/",29000,1000,309000,8971000000,-100,true,-0.34
"HDG",101944,"/Date(1703474406000)/",29050,1000,308000,8942000000,-50,true,-0.17
"HDG",101944,"/Date(1703474406000)/",29050,3000,307000,8912000000,-50,true,-0.17
"HDG",101925,"/Date(1703474386000)/",29050,1600,304000,8825000000,-50,true,-0.17
"HDG",101918,"/Date(1703474381000)/",29050,100,302400,8779000000,-50,false,-0.17
"HDG",101918,"/Date(1703474379000)/",29050,100,302300,8776000000,-50,false,-0.17
"HDG",101903,"/Date(1703474363000)/",29050,4000,302200,8773000000,-50,true,-0.17
"HDG",101859,"/Date(1703474361000)/",29050,100,298200,8657000000,-50,true,-0.17
"HDG",101818,"/Date(1703474319000)/",29050,700,298100,8654000000,-50,true,-0.17
"HDG",101737,"/Date(1703474277000)/",29050,300,297400,8634000000,-50,false,-0.17
"HDG",101724,"/Date(1703474266000)/",29050,1500,297100,8625000000,-50,true,-0.17
"HDG",101724,"/Date(1703474266000)/",29050,1000,295600,8581000000,-50,true,-0.17
"HDG",101724,"/Date(1703474266000)/",29050,1000,294600,8552000000,-50,true,-0.17
"HDG",101724,"/Date(1703474266000)/",29050,2000,293600,8523000000,-50,true,-0.17
"HDG",101724,"/Date(1703474266000)/",29050,500,291600,8465000000,-50,true,-0.17
"HDG",101721,"/Date(1703474263000)/",29050,200,291100,8451000000,-50,true,-0.17
"HDG",101659,"/Date(1703474240000)/",29050,500,290900,8445000000,-50,true,-0.17
"HDG",101501,"/Date(1703474121000)/",29050,400,290400,8430000000,-50,true,-0.17
"HDG",101429,"/Date(1703474091000)/",29050,2200,290000,8419000000,-50,true,-0.17
"HDG",101420,"/Date(1703474079000)/",29050,500,287800,8355000000,-50,false,-0.17
"HDG",101420,"/Date(1703474079000)/",29050,500,287300,8340000000,-50,false,-0.17
"HDG",101332,"/Date(1703474031000)/",29050,100,286800,8326000000,-50,false,-0.17
"HDG",101332,"/Date(1703474031000)/",29050,300,286700,8323000000,-50,false,-0.17
"HDG",101332,"/Date(1703474031000)/",29050,3000,286400,8314000000,-50,false,-0.17
"HDG",101332,"/Date(1703474031000)/",29050,100,283400,8227000000,-50,false,-0.17
"HDG",101332,"/Date(1703474031000)/",29050,1300,283300,8224000000,-50,false,-0.17
"HDG",101150,"/Date(1703473930000)/",29050,100,282000,8186000000,-50,false,-0.17
"HDG",101102,"/Date(1703473884000)/",29050,2400,281900,8183000000,-50,false,-0.17
"HDG",101102,"/Date(1703473884000)/",29050,1000,279500,8114000000,-50,false,-0.17
"HDG",101102,"/Date(1703473884000)/",29050,1600,278500,8085000000,-50,false,-0.17
"HDG",101059,"/Date(1703473880000)/",29000,300,276900,8038000000,-100,true,-0.34
"HDG",101046,"/Date(1703473868000)/",29000,1900,276600,8029000000,-100,false,-0.34
"HDG",101046,"/Date(1703473868000)/",29000,900,274700,7974000000,-100,false,-0.34
"HDG",101046,"/Date(1703473868000)/",29000,400,273800,7948000000,-100,false,-0.34
"HDG",101027,"/Date(1703473847000)/",29000,600,273400,7937000000,-100,false,-0.34
"HDG",101027,"/Date(1703473847000)/",29000,100,272800,7919000000,-100,false,-0.34
"HDG",101002,"/Date(1703473821000)/",28950,100,272700,7916000000,-150,true,-0.52
"HDG",100924,"/Date(1703473785000)/",29000,500,272600,7913000000,-100,false,-0.34
"HDG",100924,"/Date(1703473785000)/",29000,100,272100,7899000000,-100,false,-0.34
"HDG",100924,"/Date(1703473785000)/",29000,100,272000,7896000000,-100,false,-0.34
"HDG",100924,"/Date(1703473785000)/",29000,1500,271900,7893000000,-100,false,-0.34
"HDG",100924,"/Date(1703473785000)/",29000,200,270400,7850000000,-100,false,-0.34
"HDG",100924,"/Date(1703473785000)/",29000,500,270200,7844000000,-100,false,-0.34
"HDG",100924,"/Date(1703473785000)/",29000,100,269700,7829000000,-100,false,-0.34
"HDG",100917,"/Date(1703473779000)/",29000,2700,269600,7826000000,-100,false,-0.34
"HDG",100917,"/Date(1703473779000)/",29000,2500,266900,7748000000,-100,false,-0.34
"HDG",100917,"/Date(1703473779000)/",29000,1000,264400,7676000000,-100,false,-0.34
"HDG",100917,"/Date(1703473779000)/",29000,8800,263400,7647000000,-100,false,-0.34
"HDG",100823,"/Date(1703473724000)/",28950,1000,254600,7391000000,-150,true,-0.52
"HDG",100729,"/Date(1703473668000)/",28950,100,253600,7362000000,-150,true,-0.52
"HDG",100532,"/Date(1703473551000)/",28950,200,253500,7360000000,-150,true,-0.52
"HDG",100506,"/Date(1703473527000)/",28950,1000,253300,7354000000,-150,false,-0.52
"HDG",100506,"/Date(1703473527000)/",28950,900,252300,7325000000,-150,false,-0.52
"HDG",100415,"/Date(1703473473000)/",28950,100,251400,7299000000,-150,false,-0.52
"HDG",100412,"/Date(1703473472000)/",28950,400,251300,7296000000,-150,false,-0.52
"HDG",100337,"/Date(1703473436000)/",28950,3600,250900,7284000000,-150,false,-0.52
"HDG",100337,"/Date(1703473436000)/",28950,1400,247300,7180000000,-150,false,-0.52
"HDG",100321,"/Date(1703473420000)/",28950,1500,245900,7140000000,-150,false,-0.52
"HDG",100217,"/Date(1703473357000)/",28950,1000,244400,7096000000,-150,false,-0.52
"HDG",100152,"/Date(1703473331000)/",28950,500,243400,7067000000,-150,false,-0.52
"HDG",100149,"/Date(1703473328000)/",28950,600,242900,7053000000,-150,false,-0.52
"HDG",100058,"/Date(1703473277000)/",29000,100,242300,7035000000,-100,false,-0.34
"HDG",100052,"/Date(1703473271000)/",28900,100,242200,7032000000,-200,true,-0.69
"HDG",100052,"/Date(1703473271000)/",28900,300,242100,7030000000,-200,true,-0.69
"HDG",100052,"/Date(1703473271000)/",28900,5000,241800,7021000000,-200,true,-0.69
"HDG",100052,"/Date(1703473271000)/",28900,300,236800,6876000000,-200,true,-0.69
"HDG",100052,"/Date(1703473271000)/",28900,2000,236500,6868000000,-200,true,-0.69
"HDG",100052,"/Date(1703473271000)/",28950,1000,234500,6810000000,-150,false,-0.52
"HDG",100052,"/Date(1703473271000)/",28950,200,233500,6781000000,-150,false,-0.52
"HDG",100052,"/Date(1703473271000)/",28950,1100,233300,6775000000,-150,false,-0.52
"HDG",100023,"/Date(1703473244000)/",29000,300,232200,6743000000,-100,false,-0.34
"HDG",95932,"/Date(1703473191000)/",28950,4000,231900,6735000000,-150,true,-0.52
"HDG",95932,"/Date(1703473191000)/",28950,1000,227900,6619000000,-150,true,-0.52
"HDG",95932,"/Date(1703473191000)/",28950,900,226900,6590000000,-150,true,-0.52
"HDG",95913,"/Date(1703473171000)/",28950,200,226000,6564000000,-150,false,-0.52
"HDG",95857,"/Date(1703473158000)/",28900,800,225800,6558000000,-200,false,-0.69
"HDG",95857,"/Date(1703473158000)/",28900,100,225000,6535000000,-200,false,-0.69
"HDG",95857,"/Date(1703473158000)/",28900,400,224900,6532000000,-200,false,-0.69
"HDG",95857,"/Date(1703473158000)/",28900,100,224500,6520000000,-200,false,-0.69
"HDG",95857,"/Date(1703473158000)/",28900,200,224400,6518000000,-200,false,-0.69
"HDG",95534,"/Date(1703472954000)/",28900,800,224200,6512000000,-200,true,-0.69
"HDG",95534,"/Date(1703472954000)/",28900,1000,223400,6489000000,-200,true,-0.69
"HDG",95534,"/Date(1703472954000)/",28900,200,222400,6460000000,-200,true,-0.69
"HDG",95534,"/Date(1703472954000)/",28900,500,222200,6454000000,-200,true,-0.69
"HDG",95534,"/Date(1703472954000)/",28900,1000,221700,6440000000,-200,true,-0.69
"HDG",95534,"/Date(1703472954000)/",28900,100,220700,6411000000,-200,true,-0.69
"HDG",95534,"/Date(1703472954000)/",28900,1000,220600,6408000000,-200,true,-0.69
"HDG",95534,"/Date(1703472954000)/",28900,2400,219600,6379000000,-200,true,-0.69
"HDG",95534,"/Date(1703472954000)/",28950,200,217200,6309000000,-150,true,-0.52
"HDG",95534,"/Date(1703472954000)/",28950,100,217000,6304000000,-150,true,-0.52
"HDG",95534,"/Date(1703472954000)/",28950,400,216900,6301000000,-150,true,-0.52
"HDG",95534,"/Date(1703472954000)/",28950,200,216500,6289000000,-150,true,-0.52
"HDG",95534,"/Date(1703472954000)/",28950,100,216300,6283000000,-150,true,-0.52
"HDG",95518,"/Date(1703472935000)/",29000,600,216200,6281000000,-100,false,-0.34
"HDG",95505,"/Date(1703472923000)/",28950,100,215600,6263000000,-150,true,-0.52
"HDG",95502,"/Date(1703472922000)/",28950,300,215500,6260000000,-150,true,-0.52
"HDG",95418,"/Date(1703472876000)/",28950,1000,215200,6252000000,-150,true,-0.52
"HDG",95418,"/Date(1703472876000)/",28950,2000,214200,6223000000,-150,true,-0.52
"HDG",95352,"/Date(1703472851000)/",29000,200,212200,6165000000,-100,false,-0.34
"HDG",95311,"/Date(1703472811000)/",29000,100,212000,6159000000,-100,false,-0.34
"HDG",95308,"/Date(1703472805000)/",29000,100,211900,6156000000,-100,true,-0.34
"HDG",95308,"/Date(1703472805000)/",29000,800,211800,6153000000,-100,true,-0.34
"HDG",95230,"/Date(1703472769000)/",29000,1200,211000,6130000000,-100,true,-0.34
"HDG",95214,"/Date(1703472751000)/",29000,100,209800,6095000000,-100,false,-0.34
"HDG",95204,"/Date(1703472741000)/",29000,100,209700,6092000000,-100,false,-0.34
"HDG",95204,"/Date(1703472741000)/",29000,100,209600,6089000000,-100,false,-0.34
"HDG",95204,"/Date(1703472741000)/",29000,200,209500,6086000000,-100,false,-0.34
"HDG",95204,"/Date(1703472741000)/",29000,600,209300,6081000000,-100,false,-0.34
"HDG",95132,"/Date(1703472712000)/",29000,300,208700,6063000000,-100,true,-0.34
"HDG",95132,"/Date(1703472712000)/",29000,100,208400,6054000000,-100,true,-0.34
"HDG",95104,"/Date(1703472682000)/",29000,400,208300,6052000000,-100,true,-0.34
"HDG",95104,"/Date(1703472682000)/",29000,4000,207900,6040000000,-100,true,-0.34
"HDG",95104,"/Date(1703472682000)/",29000,100,203900,5924000000,-100,true,-0.34
"HDG",95104,"/Date(1703472682000)/",29000,100,203800,5921000000,-100,true,-0.34
"HDG",95104,"/Date(1703472682000)/",29000,1400,203700,5918000000,-100,true,-0.34
"HDG",95045,"/Date(1703472662000)/",29000,400,202300,5878000000,-100,true,-0.34
"HDG",95038,"/Date(1703472658000)/",29000,100,201900,5866000000,-100,true,-0.34
"HDG",95029,"/Date(1703472647000)/",29050,100,201800,5863000000,-50,false,-0.17
"HDG",95013,"/Date(1703472631000)/",29000,900,201700,5860000000,-100,false,-0.34
"HDG",95010,"/Date(1703472629000)/",29000,300,200800,5834000000,-100,true,-0.34
"HDG",95010,"/Date(1703472629000)/",29000,2000,200500,5825000000,-100,true,-0.34
"HDG",95010,"/Date(1703472629000)/",29000,2000,198500,5767000000,-100,true,-0.34
"HDG",95010,"/Date(1703472629000)/",29000,500,196500,5709000000,-100,true,-0.34
"HDG",95010,"/Date(1703472629000)/",29000,800,196000,5695000000,-100,true,-0.34
"HDG",95010,"/Date(1703472629000)/",29000,1000,195200,5672000000,-100,true,-0.34
"HDG",95010,"/Date(1703472629000)/",29000,1000,194200,5643000000,-100,true,-0.34
"HDG",95010,"/Date(1703472629000)/",29000,100,193200,5614000000,-100,true,-0.34
"HDG",95010,"/Date(1703472629000)/",29000,400,193100,5611000000,-100,true,-0.34
"HDG",95010,"/Date(1703472629000)/",29000,500,192700,5599000000,-100,true,-0.34
"HDG",95010,"/Date(1703472629000)/",29000,100,192200,5585000000,-100,true,-0.34
"HDG",95010,"/Date(1703472629000)/",29000,100,192100,5582000000,-100,true,-0.34
"HDG",95010,"/Date(1703472629000)/",29000,100,192000,5579000000,-100,true,-0.34
"HDG",95010,"/Date(1703472629000)/",29000,10200,191900,5576000000,-100,true,-0.34
"HDG",94951,"/Date(1703472608000)/",29000,1300,181700,5280000000,-100,true,-0.34
"HDG",94951,"/Date(1703472608000)/",29000,700,180400,5242000000,-100,true,-0.34
"HDG",94844,"/Date(1703472541000)/",29050,100,179700,5222000000,-50,false,-0.17
"HDG",94841,"/Date(1703472539000)/",29050,700,179600,5219000000,-50,false,-0.17
"HDG",94841,"/Date(1703472539000)/",29050,500,178900,5199000000,-50,false,-0.17
"HDG",94822,"/Date(1703472521000)/",29050,200,178400,5184000000,-50,true,-0.17
"HDG",94806,"/Date(1703472504000)/",29050,200,178200,5179000000,-50,true,-0.17
"HDG",94803,"/Date(1703472502000)/",29050,200,178000,5173000000,-50,true,-0.17
"HDG",94759,"/Date(1703472498000)/",29050,2900,177800,5167000000,-50,true,-0.17
"HDG",94759,"/Date(1703472498000)/",29050,100,174900,5083000000,-50,true,-0.17
"HDG",94759,"/Date(1703472498000)/",29050,400,174800,5080000000,-50,true,-0.17
"HDG",94759,"/Date(1703472498000)/",29050,200,174400,5068000000,-50,true,-0.17
"HDG",94759,"/Date(1703472498000)/",29050,1000,174200,5062000000,-50,true,-0.17
"HDG",94759,"/Date(1703472498000)/",29050,100,173200,5033000000,-50,true,-0.17
"HDG",94759,"/Date(1703472498000)/",29050,100,173100,5030000000,-50,true,-0.17
"HDG",94759,"/Date(1703472498000)/",29050,200,173000,5028000000,-50,true,-0.17
"HDG",94721,"/Date(1703472461000)/",29100,100,172800,5022000000,0,false,0
"HDG",94721,"/Date(1703472459000)/",29100,1000,172700,5019000000,0,false,0
"HDG",94702,"/Date(1703472441000)/",29100,100,171700,4990000000,0,false,0
"HDG",94653,"/Date(1703472431000)/",29100,1000,171600,4987000000,0,false,0
"HDG",94611,"/Date(1703472389000)/",29100,200,170600,4958000000,0,true,0
"HDG",94611,"/Date(1703472389000)/",29100,100,170400,4952000000,0,true,0
"HDG",94556,"/Date(1703472373000)/",29100,100,170300,4949000000,0,true,0
"HDG",94556,"/Date(1703472373000)/",29100,100,170200,4946000000,0,true,0
"HDG",94433,"/Date(1703472289000)/",29100,500,170100,4943000000,0,true,0
"HDG",94433,"/Date(1703472289000)/",29100,400,169600,4929000000,0,true,0
"HDG",94420,"/Date(1703472279000)/",29100,100,169200,4917000000,0,false,0
"HDG",94404,"/Date(1703472261000)/",29100,500,169100,4914000000,0,false,0
"HDG",94358,"/Date(1703472257000)/",29100,1000,168600,4900000000,0,false,0
"HDG",94358,"/Date(1703472257000)/",29100,2800,167600,4870000000,0,false,0
"HDG",94333,"/Date(1703472231000)/",29100,300,164800,4789000000,0,false,0
"HDG",94329,"/Date(1703472227000)/",29100,1900,164500,4780000000,0,false,0
"HDG",94329,"/Date(1703472227000)/",29100,600,162600,4725000000,0,false,0
"HDG",94242,"/Date(1703472180000)/",29100,200,162000,4707000000,0,false,0
"HDG",94232,"/Date(1703472171000)/",29100,200,161800,4702000000,0,false,0
"HDG",94232,"/Date(1703472171000)/",29100,100,161600,4696000000,0,false,0
"HDG",94232,"/Date(1703472171000)/",29100,300,161500,4693000000,0,false,0
"HDG",94232,"/Date(1703472170000)/",29100,1700,161200,4684000000,0,false,0
"HDG",94232,"/Date(1703472170000)/",29100,200,159500,4635000000,0,false,0
"HDG",94232,"/Date(1703472170000)/",29100,2100,159300,4629000000,0,false,0
"HDG",94154,"/Date(1703472131000)/",29100,300,157200,4568000000,0,false,0
"HDG",94150,"/Date(1703472127000)/",29100,600,156900,4559000000,0,false,0
"HDG",94150,"/Date(1703472127000)/",29100,1400,156300,4542000000,0,false,0
"HDG",94144,"/Date(1703472122000)/",29100,100,154900,4501000000,0,false,0
"HDG",94135,"/Date(1703472111000)/",29100,700,154800,4498000000,0,false,0
"HDG",94131,"/Date(1703472108000)/",29100,800,154100,4478000000,0,false,0
"HDG",94131,"/Date(1703472108000)/",29100,500,153300,4454000000,0,false,0
"HDG",94131,"/Date(1703472108000)/",29100,3700,152800,4440000000,0,false,0
"HDG",94041,"/Date(1703472057000)/",29100,100,149100,4332000000,0,false,0
"HDG",94034,"/Date(1703472051000)/",29100,200,149000,4329000000,0,false,0
"HDG",94028,"/Date(1703472046000)/",29100,500,148800,4323000000,0,false,0
"HDG",94028,"/Date(1703472044000)/",29050,500,148300,4309000000,-50,true,-0.17
"HDG",94028,"/Date(1703472044000)/",29050,500,147800,4294000000,-50,true,-0.17
"HDG",94012,"/Date(1703472031000)/",29100,100,147300,4280000000,0,false,0
"HDG",94009,"/Date(1703472026000)/",29100,400,147200,4277000000,0,false,0
"HDG",94003,"/Date(1703472021000)/",29100,300,146800,4265000000,0,false,0
"HDG",93959,"/Date(1703472015000)/",29100,700,146500,4256000000,0,false,0
"HDG",93959,"/Date(1703472015000)/",29100,1300,145800,4236000000,0,false,0
"HDG",93931,"/Date(1703471989000)/",29100,600,144500,4198000000,0,false,0
"HDG",93915,"/Date(1703471971000)/",29100,100,143900,4181000000,0,false,0
"HDG",93915,"/Date(1703471971000)/",29100,400,143800,4178000000,0,false,0
"HDG",93909,"/Date(1703471965000)/",29100,3000,143400,4166000000,0,false,0
"HDG",93902,"/Date(1703471961000)/",29100,400,140400,4079000000,0,false,0
"HDG",93856,"/Date(1703471954000)/",29100,300,140000,4067000000,0,true,0
"HDG",93856,"/Date(1703471954000)/",29100,900,139700,4059000000,0,true,0
"HDG",93856,"/Date(1703471952000)/",29100,2000,138800,4032000000,0,true,0
"HDG",93808,"/Date(1703471904000)/",29100,200,136800,3974000000,0,false,0
"HDG",93808,"/Date(1703471904000)/",29100,300,136600,3968000000,0,false,0
"HDG",93808,"/Date(1703471904000)/",29100,1000,136300,3960000000,0,false,0
"HDG",93808,"/Date(1703471904000)/",29100,300,135300,3931000000,0,false,0
"HDG",93808,"/Date(1703471904000)/",29100,300,135000,3922000000,0,false,0
"HDG",93636,"/Date(1703471812000)/",29100,100,134700,3913000000,0,false,0
"HDG",93636,"/Date(1703471812000)/",29100,400,134600,3910000000,0,false,0
"HDG",93614,"/Date(1703471791000)/",29100,200,134200,3899000000,0,false,0
"HDG",93604,"/Date(1703471780000)/",29100,400,134000,3893000000,0,false,0
"HDG",93604,"/Date(1703471780000)/",29100,100,133600,3881000000,0,false,0
"HDG",93604,"/Date(1703471780000)/",29100,500,133500,3878000000,0,false,0
"HDG",93604,"/Date(1703471780000)/",29100,500,133000,3864000000,0,false,0
"HDG",93601,"/Date(1703471777000)/",29100,100,132500,3849000000,0,false,0
"HDG",93542,"/Date(1703471758000)/",29050,100,132400,3846000000,-50,true,-0.17
"HDG",93536,"/Date(1703471752000)/",29100,200,132300,3843000000,0,false,0
"HDG",93536,"/Date(1703471752000)/",29100,300,132100,3837000000,0,false,0
"HDG",93536,"/Date(1703471752000)/",29100,4500,131800,3829000000,0,false,0
"HDG",93530,"/Date(1703471747000)/",29050,300,127300,3698000000,-50,false,-0.17
"HDG",93530,"/Date(1703471747000)/",29050,100,127000,3689000000,-50,false,-0.17
"HDG",93511,"/Date(1703471727000)/",29050,300,126900,3686000000,-50,false,-0.17
"HDG",93507,"/Date(1703471723000)/",29050,100,126600,3677000000,-50,true,-0.17
"HDG",93436,"/Date(1703471691000)/",29100,100,126500,3674000000,0,false,0
"HDG",93423,"/Date(1703471681000)/",29100,700,126400,3672000000,0,false,0
"HDG",93417,"/Date(1703471673000)/",29100,4700,125700,3651000000,0,false,0
"HDG",93417,"/Date(1703471673000)/",29050,200,121000,3514000000,-50,false,-0.17
"HDG",93417,"/Date(1703471673000)/",29050,100,120800,3509000000,-50,false,-0.17
"HDG",93410,"/Date(1703471667000)/",29050,100,120700,3506000000,-50,false,-0.17
"HDG",93410,"/Date(1703471667000)/",29050,400,120600,3503000000,-50,false,-0.17
"HDG",93313,"/Date(1703471611000)/",29050,300,120200,3491000000,-50,false,-0.17
"HDG",93307,"/Date(1703471604000)/",29050,1000,119900,3482000000,-50,false,-0.17
"HDG",93304,"/Date(1703471600000)/",29000,1600,118900,3453000000,-100,false,-0.34
"HDG",93301,"/Date(1703471596000)/",29000,5000,117300,3407000000,-100,false,-0.34
"HDG",93245,"/Date(1703471581000)/",29000,300,112300,3262000000,-100,false,-0.34
"HDG",93235,"/Date(1703471571000)/",29000,2000,112000,3253000000,-100,false,-0.34
"HDG",93235,"/Date(1703471571000)/",29000,100,110000,3195000000,-100,false,-0.34
"HDG",93222,"/Date(1703471560000)/",29000,1000,109900,3192000000,-100,false,-0.34
"HDG",93116,"/Date(1703471491000)/",29050,100,108900,3163000000,-50,false,-0.17
"HDG",93103,"/Date(1703471481000)/",29050,800,108800,3161000000,-50,false,-0.17
"HDG",93103,"/Date(1703471480000)/",29050,2400,108000,3137000000,-50,false,-0.17
"HDG",93103,"/Date(1703471480000)/",29050,500,105600,3068000000,-50,false,-0.17
"HDG",93103,"/Date(1703471480000)/",29000,2100,105100,3053000000,-100,false,-0.34
"HDG",93103,"/Date(1703471479000)/",29000,100,103000,2992000000,-100,false,-0.34
"HDG",93103,"/Date(1703471479000)/",29000,300,102900,2989000000,-100,false,-0.34
"HDG",93044,"/Date(1703471460000)/",29000,100,102600,2981000000,-100,true,-0.34
"HDG",92957,"/Date(1703471413000)/",29000,100,102500,2978000000,-100,true,-0.34
"HDG",92957,"/Date(1703471413000)/",29000,100,102400,2975000000,-100,true,-0.34
"HDG",92928,"/Date(1703471384000)/",29000,500,102300,2972000000,-100,true,-0.34
"HDG",92928,"/Date(1703471384000)/",29000,100,101800,2957000000,-100,true,-0.34
"HDG",92928,"/Date(1703471384000)/",29000,1800,101700,2954000000,-100,true,-0.34
"HDG",92847,"/Date(1703471342000)/",29000,1000,99900,2902000000,-100,true,-0.34
"HDG",92806,"/Date(1703471301000)/",29000,1000,98900,2873000000,-100,true,-0.34
"HDG",92741,"/Date(1703471275000)/",29000,500,97900,2844000000,-100,true,-0.34
"HDG",92734,"/Date(1703471269000)/",29000,200,97400,2830000000,-100,false,-0.34
"HDG",92731,"/Date(1703471268000)/",29000,800,97200,2824000000,-100,false,-0.34
"HDG",92731,"/Date(1703471268000)/",29000,200,96400,2801000000,-100,false,-0.34
"HDG",92715,"/Date(1703471251000)/",29000,300,96200,2795000000,-100,false,-0.34
"HDG",92709,"/Date(1703471244000)/",29000,100,95900,2786000000,-100,false,-0.34
"HDG",92709,"/Date(1703471244000)/",29000,300,95800,2783000000,-100,false,-0.34
"HDG",92709,"/Date(1703471244000)/",28950,1600,95500,2775000000,-150,false,-0.52
"HDG",92615,"/Date(1703471191000)/",29000,100,93900,2728000000,-100,false,-0.34
"HDG",92605,"/Date(1703471181000)/",29000,700,93800,2725000000,-100,false,-0.34
"HDG",92556,"/Date(1703471172000)/",29000,200,93100,2705000000,-100,false,-0.34
"HDG",92556,"/Date(1703471172000)/",29000,2000,92900,2699000000,-100,false,-0.34
"HDG",92556,"/Date(1703471172000)/",29000,2000,90900,2641000000,-100,false,-0.34
"HDG",92556,"/Date(1703471172000)/",29000,800,88900,2583000000,-100,false,-0.34
"HDG",92550,"/Date(1703471166000)/",29000,100,88100,2560000000,-100,false,-0.34
"HDG",92527,"/Date(1703471142000)/",29000,100,88000,2557000000,-100,false,-0.34
"HDG",92459,"/Date(1703471111000)/",29000,500,87900,2554000000,-100,false,-0.34
"HDG",92459,"/Date(1703471110000)/",29000,300,87400,2540000000,-100,false,-0.34
"HDG",92459,"/Date(1703471110000)/",29000,700,87100,2531000000,-100,false,-0.34
"HDG",92459,"/Date(1703471110000)/",29000,2500,86400,2511000000,-100,false,-0.34
"HDG",92437,"/Date(1703471091000)/",29050,400,83900,2438000000,-50,false,-0.17
"HDG",92427,"/Date(1703471082000)/",29050,100,83500,2427000000,-50,false,-0.17
"HDG",92427,"/Date(1703471082000)/",29050,600,83400,2424000000,-50,false,-0.17
"HDG",92427,"/Date(1703471082000)/",29050,2000,82800,2406000000,-50,false,-0.17
"HDG",92427,"/Date(1703471082000)/",29050,300,80800,2348000000,-50,false,-0.17
"HDG",92421,"/Date(1703471078000)/",29050,900,80500,2340000000,-50,true,-0.17
"HDG",92415,"/Date(1703471070000)/",29050,500,79600,2313000000,-50,true,-0.17
"HDG",92356,"/Date(1703471052000)/",29050,800,79100,2299000000,-50,true,-0.17
"HDG",92356,"/Date(1703471052000)/",29050,400,78300,2276000000,-50,true,-0.17
"HDG",92356,"/Date(1703471052000)/",29050,200,77900,2264000000,-50,true,-0.17
"HDG",92356,"/Date(1703471052000)/",29050,100,77700,2258000000,-50,true,-0.17
"HDG",92356,"/Date(1703471052000)/",29050,2000,77600,2255000000,-50,true,-0.17
"HDG",92356,"/Date(1703471052000)/",29050,100,75600,2197000000,-50,true,-0.17
"HDG",92356,"/Date(1703471052000)/",29050,400,75500,2194000000,-50,true,-0.17
"HDG",92155,"/Date(1703470931000)/",29100,100,75100,2183000000,0,false,0
"HDG",92152,"/Date(1703470927000)/",29100,300,75000,2180000000,0,false,0
"HDG",92146,"/Date(1703470921000)/",29100,600,74700,2171000000,0,false,0
"HDG",92136,"/Date(1703470911000)/",29100,200,74100,2154000000,0,false,0
"HDG",92136,"/Date(1703470911000)/",29100,1000,73900,2148000000,0,false,0
"HDG",92136,"/Date(1703470911000)/",29100,1500,72900,2119000000,0,false,0
"HDG",92136,"/Date(1703470911000)/",29100,1000,71400,2075000000,0,false,0
"HDG",92136,"/Date(1703470911000)/",29100,300,70400,2046000000,0,false,0
"HDG",92127,"/Date(1703470901000)/",29150,200,70100,2037000000,50,false,0.17
"HDG",92124,"/Date(1703470900000)/",29150,1300,69900,2031000000,50,false,0.17
"HDG",92114,"/Date(1703470891000)/",29150,100,68600,1993000000,50,false,0.17
"HDG",92105,"/Date(1703470881000)/",29150,100,68500,1991000000,50,false,0.17
"HDG",92055,"/Date(1703470872000)/",29150,700,68400,1988000000,50,false,0.17
"HDG",92049,"/Date(1703470864000)/",29150,3000,67700,1967000000,50,false,0.17
"HDG",92049,"/Date(1703470864000)/",29150,100,64700,1880000000,50,false,0.17
"HDG",92049,"/Date(1703470864000)/",29150,100,64600,1877000000,50,false,0.17
"HDG",92049,"/Date(1703470864000)/",29150,1000,64500,1874000000,50,false,0.17
"HDG",92049,"/Date(1703470864000)/",29150,800,63500,1845000000,50,false,0.17
"HDG",92027,"/Date(1703470841000)/",29150,100,62700,1821000000,50,false,0.17
"HDG",92017,"/Date(1703470833000)/",29150,900,62600,1819000000,50,false,0.17
"HDG",92005,"/Date(1703470821000)/",29150,300,61700,1792000000,50,false,0.17
"HDG",91958,"/Date(1703470815000)/",29150,2000,61400,1784000000,50,false,0.17
"HDG",91955,"/Date(1703470811000)/",29150,300,59400,1725000000,50,false,0.17
"HDG",91949,"/Date(1703470804000)/",29150,600,59100,1717000000,50,false,0.17
"HDG",91949,"/Date(1703470804000)/",29150,200,58500,1699000000,50,false,0.17
"HDG",91949,"/Date(1703470804000)/",29150,1700,58300,1693000000,50,false,0.17
"HDG",91924,"/Date(1703470780000)/",29100,200,56600,1644000000,0,false,0
"HDG",91921,"/Date(1703470776000)/",29100,2400,56400,1638000000,0,false,0
"HDG",91917,"/Date(1703470773000)/",29100,2000,54000,1568000000,0,true,0
"HDG",91917,"/Date(1703470773000)/",29100,400,52000,1510000000,0,true,0
"HDG",91917,"/Date(1703470771000)/",29150,1900,51600,1498000000,50,false,0.17
"HDG",91914,"/Date(1703470771000)/",29150,100,49700,1443000000,50,false,0.17
"HDG",91905,"/Date(1703470761000)/",29150,800,49600,1440000000,50,false,0.17
"HDG",91905,"/Date(1703470760000)/",29150,500,48800,1417000000,50,false,0.17
"HDG",91905,"/Date(1703470760000)/",29150,200,48300,1402000000,50,false,0.17
"HDG",91905,"/Date(1703470760000)/",29150,100,48100,1396000000,50,false,0.17
"HDG",91905,"/Date(1703470760000)/",29100,200,48000,1393000000,0,false,0
"HDG",91858,"/Date(1703470753000)/",29100,2000,47800,1387000000,0,false,0
"HDG",91855,"/Date(1703470751000)/",29100,1500,45800,1329000000,0,true,0
"HDG",91855,"/Date(1703470751000)/",29100,500,44300,1286000000,0,true,0
"HDG",91855,"/Date(1703470751000)/",29100,800,43800,1271000000,0,true,0
"HDG",91827,"/Date(1703470722000)/",29100,200,43000,1248000000,0,true,0
"HDG",91827,"/Date(1703470722000)/",29100,8500,42800,1242000000,0,true,0
"HDG",91827,"/Date(1703470722000)/",29150,100,34300,995000000,50,false,0.17
"HDG",91827,"/Date(1703470722000)/",29150,1200,34200,992000000,50,false,0.17
"HDG",91821,"/Date(1703470716000)/",29150,400,33000,957000000,50,true,0.17
"HDG",91817,"/Date(1703470711000)/",29150,400,32600,945000000,50,false,0.17
"HDG",91804,"/Date(1703470701000)/",29100,100,32200,933000000,0,false,0
"HDG",91804,"/Date(1703470698000)/",29100,1000,32100,930000000,0,false,0
"HDG",91801,"/Date(1703470697000)/",29100,500,31100,901000000,0,false,0
"HDG",91801,"/Date(1703470695000)/",29100,4200,30600,887000000,0,false,0
"HDG",91801,"/Date(1703470695000)/",29100,700,26400,765000000,0,false,0
"HDG",91801,"/Date(1703470695000)/",29100,100,25700,744000000,0,false,0
"HDG",91755,"/Date(1703470691000)/",29100,300,25600,741000000,0,false,0
"HDG",91705,"/Date(1703470639000)/",29050,100,25300,733000000,-50,true,-0.17
"HDG",91633,"/Date(1703470610000)/",29000,100,25200,730000000,-100,true,-0.34
"HDG",91624,"/Date(1703470600000)/",29000,2400,25100,727000000,-100,false,-0.34
"HDG",91617,"/Date(1703470592000)/",29000,1300,22700,657000000,-100,true,-0.34
"HDG",91617,"/Date(1703470592000)/",29000,1300,21400,619000000,-100,true,-0.34
"HDG",91602,"/Date(1703470577000)/",29000,3000,20100,582000000,-100,true,-0.34
"HDG",91602,"/Date(1703470577000)/",29000,500,17100,495000000,-100,true,-0.34
"HDG",91602,"/Date(1703470577000)/",29000,5200,16600,480000000,-100,true,-0.34
"HDG",91559,"/Date(1703470575000)/",29000,200,11400,329000000,-100,false,-0.34
"HDG",91537,"/Date(1703470551000)/",29000,600,11200,324000000,-100,false,-0.34
"HDG",91527,"/Date(1703470542000)/",29000,4000,10600,306000000,-100,false,-0.34
"HDG",91453,"/Date(1703470503000)/",28900,100,6600,190000000,-200,true,-0.69
"HDG",91450,"/Date(1703470501000)/",28900,6500,6500,187000000,-200,true,-0.69
