"Stockcode","Package","TradingDate","Price","Vol","TotalVol","TotalVal","Change","IsBuy","PerChange"
"HNG",144413,"/Date(1703490301000)/",4110,159800,2595400,10733000000,10,true,0.24
"HNG",142852,"/Date(1703489378000)/",4130,3800,2435600,10076000000,30,false,0.73
"HNG",142852,"/Date(1703489378000)/",4130,7100,2431800,10060000000,30,false,0.73
"HNG",142842,"/Date(1703489371000)/",4120,5600,2424700,10031000000,20,true,0.49
"HNG",142839,"/Date(1703489365000)/",4120,10000,2419100,10008000000,20,true,0.49
"HNG",142836,"/Date(1703489364000)/",4120,500,2409100,9967000000,20,true,0.49
"HNG",142823,"/Date(1703489350000)/",4130,1000,2408600,9965000000,30,false,0.73
"HNG",142823,"/Date(1703489350000)/",4120,1300,2407600,9961000000,20,true,0.49
"HNG",142758,"/Date(1703489325000)/",4120,15000,2406300,9955000000,20,true,0.49
"HNG",142735,"/Date(1703489302000)/",4120,2900,2391300,9894000000,20,true,0.49
"HNG",142735,"/Date(1703489302000)/",4120,100,2388400,9882000000,20,true,0.49
"HNG",142732,"/Date(1703489300000)/",4130,500,2388300,9881000000,30,false,0.73
"HNG",142710,"/Date(1703489276000)/",4130,1500,2387800,9879000000,30,false,0.73
"HNG",142706,"/Date(1703489274000)/",4130,1800,2386300,9873000000,30,false,0.73
"HNG",142654,"/Date(1703489262000)/",4120,200,2384500,9865000000,20,true,0.49
"HNG",142654,"/Date(1703489262000)/",4120,300,2384300,9865000000,20,true,0.49
"HNG",142654,"/Date(1703489262000)/",4120,200,2384000,9863000000,20,true,0.49
"HNG",142559,"/Date(1703489208000)/",4120,300,2383800,9863000000,20,true,0.49
"HNG",142559,"/Date(1703489207000)/",4120,1500,2383500,9861000000,20,true,0.49
"HNG",142559,"/Date(1703489207000)/",4120,1000,2382000,9855000000,20,true,0.49
"HNG",142550,"/Date(1703489198000)/",4120,1200,2381000,9851000000,20,true,0.49
"HNG",142550,"/Date(1703489196000)/",4120,1000,2379800,9846000000,20,true,0.49
"HNG",142540,"/Date(1703489187000)/",4130,100,2378800,9842000000,30,false,0.73
"HNG",142537,"/Date(1703489185000)/",4120,5000,2378700,9842000000,20,true,0.49
"HNG",142521,"/Date(1703489167000)/",4120,2800,2373700,9821000000,20,true,0.49
"HNG",142521,"/Date(1703489167000)/",4120,500,2370900,9809000000,20,true,0.49
"HNG",142521,"/Date(1703489167000)/",4120,5000,2370400,9807000000,20,true,0.49
"HNG",142521,"/Date(1703489167000)/",4120,100,2365400,9787000000,20,true,0.49
"HNG",142521,"/Date(1703489167000)/",4120,300,2365300,9786000000,20,true,0.49
"HNG",142521,"/Date(1703489167000)/",4120,2800,2365000,9785000000,20,true,0.49
"HNG",142508,"/Date(1703489155000)/",4130,1000,2362200,9774000000,30,false,0.73
"HNG",142443,"/Date(1703489130000)/",4130,500,2361200,9769000000,30,false,0.73
"HNG",142443,"/Date(1703489130000)/",4130,300,2360700,9767000000,30,false,0.73
"HNG",142355,"/Date(1703489081000)/",4130,300,2360400,9766000000,30,false,0.73
"HNG",142355,"/Date(1703489081000)/",4130,1000,2360100,9765000000,30,false,0.73
"HNG",142348,"/Date(1703489074000)/",4120,800,2359100,9761000000,20,true,0.49
"HNG",142300,"/Date(1703489028000)/",4130,4000,2358300,9757000000,30,true,0.73
"HNG",142241,"/Date(1703489006000)/",4140,600,2354300,9741000000,40,false,0.98
"HNG",142238,"/Date(1703489005000)/",4120,6400,2353700,9738000000,20,true,0.49
"HNG",142238,"/Date(1703489005000)/",4120,1000,2347300,9712000000,20,true,0.49
"HNG",142238,"/Date(1703489005000)/",4120,300,2346300,9708000000,20,true,0.49
"HNG",142238,"/Date(1703489005000)/",4120,1000,2346000,9707000000,20,true,0.49
"HNG",142238,"/Date(1703489005000)/",4120,1000,2345000,9703000000,20,true,0.49
"HNG",142238,"/Date(1703489005000)/",4120,200,2344000,9699000000,20,true,0.49
"HNG",142238,"/Date(1703489005000)/",4120,1000,2343800,9698000000,20,true,0.49
"HNG",142238,"/Date(1703489005000)/",4120,7700,2342800,9694000000,20,true,0.49
"HNG",142238,"/Date(1703489005000)/",4130,5900,2335100,9662000000,30,false,0.73
"HNG",142232,"/Date(1703488997000)/",4130,1000,2329200,9637000000,30,true,0.73
"HNG",142212,"/Date(1703488980000)/",4130,400,2328200,9633000000,30,true,0.73
"HNG",142131,"/Date(1703488936000)/",4130,1000,2327800,9632000000,30,false,0.73
"HNG",142131,"/Date(1703488936000)/",4130,5000,2326800,9628000000,30,false,0.73
"HNG",142131,"/Date(1703488936000)/",4130,1000,2321800,9607000000,30,false,0.73
"HNG",142131,"/Date(1703488936000)/",4130,7600,2320800,9603000000,30,false,0.73
"HNG",142115,"/Date(1703488920000)/",4130,100,2313200,9571000000,30,false,0.73
"HNG",142036,"/Date(1703488883000)/",4130,1000,2313100,9571000000,30,false,0.73
"HNG",142036,"/Date(1703488883000)/",4130,5000,2312100,9567000000,30,false,0.73
"HNG",142036,"/Date(1703488883000)/",4130,700,2307100,9546000000,30,false,0.73
"HNG",142036,"/Date(1703488883000)/",4130,5000,2306400,9543000000,30,false,0.73
"HNG",142036,"/Date(1703488883000)/",4130,1000,2301400,9523000000,30,false,0.73
"HNG",142036,"/Date(1703488883000)/",4130,100,2300400,9519000000,30,false,0.73
"HNG",142030,"/Date(1703488877000)/",4130,600,2300300,9518000000,30,true,0.73
"HNG",142030,"/Date(1703488877000)/",4130,1400,2299700,9516000000,30,true,0.73
"HNG",142001,"/Date(1703488847000)/",4130,1000,2298300,9510000000,30,true,0.73
"HNG",141829,"/Date(1703488754000)/",4130,200,2297300,9506000000,30,true,0.73
"HNG",141829,"/Date(1703488754000)/",4130,4000,2297100,9505000000,30,true,0.73
"HNG",141829,"/Date(1703488754000)/",4130,2000,2293100,9488000000,30,true,0.73
"HNG",141829,"/Date(1703488754000)/",4130,1000,2291100,9480000000,30,true,0.73
"HNG",141829,"/Date(1703488754000)/",4130,400,2290100,9476000000,30,true,0.73
"HNG",141809,"/Date(1703488736000)/",4130,500,2289700,9474000000,30,false,0.73
"HNG",141747,"/Date(1703488713000)/",4130,300,2289200,9472000000,30,false,0.73
"HNG",141725,"/Date(1703488690000)/",4130,200,2288900,9471000000,30,false,0.73
"HNG",141715,"/Date(1703488681000)/",4130,100,2288700,9470000000,30,false,0.73
"HNG",141659,"/Date(1703488666000)/",4130,400,2288600,9470000000,30,false,0.73
"HNG",141659,"/Date(1703488666000)/",4130,100,2288200,9468000000,30,false,0.73
"HNG",141621,"/Date(1703488628000)/",4130,100,2288100,9468000000,30,false,0.73
"HNG",141533,"/Date(1703488579000)/",4130,600,2288000,9467000000,30,false,0.73
"HNG",141533,"/Date(1703488579000)/",4130,300,2287400,9465000000,30,false,0.73
"HNG",141504,"/Date(1703488549000)/",4130,500,2287100,9464000000,30,false,0.73
"HNG",141442,"/Date(1703488528000)/",4130,200,2286600,9462000000,30,false,0.73
"HNG",141338,"/Date(1703488463000)/",4120,300,2286400,9461000000,20,true,0.49
"HNG",141338,"/Date(1703488463000)/",4120,500,2286100,9459000000,20,true,0.49
"HNG",141338,"/Date(1703488463000)/",4130,500,2285600,9457000000,30,true,0.73
"HNG",141338,"/Date(1703488463000)/",4130,200,2285100,9455000000,30,true,0.73
"HNG",141338,"/Date(1703488463000)/",4130,1600,2284900,9455000000,30,true,0.73
"HNG",141328,"/Date(1703488453000)/",4130,400,2283300,9448000000,30,true,0.73
"HNG",141328,"/Date(1703488453000)/",4130,600,2282900,9446000000,30,true,0.73
"HNG",141322,"/Date(1703488446000)/",4130,1000,2282300,9444000000,30,true,0.73
"HNG",141309,"/Date(1703488435000)/",4130,5000,2281300,9440000000,30,true,0.73
"HNG",141309,"/Date(1703488434000)/",4130,2100,2276300,9419000000,30,true,0.73
"HNG",141234,"/Date(1703488400000)/",4130,1000,2274200,9410000000,30,true,0.73
"HNG",141221,"/Date(1703488386000)/",4130,300,2273200,9406000000,30,true,0.73
"HNG",141205,"/Date(1703488370000)/",4130,1000,2272900,9405000000,30,true,0.73
"HNG",141156,"/Date(1703488361000)/",4140,2000,2271900,9401000000,40,false,0.98
"HNG",141140,"/Date(1703488346000)/",4140,200,2269900,9393000000,40,false,0.98
"HNG",141127,"/Date(1703488334000)/",4140,100,2269700,9392000000,40,false,0.98
"HNG",141117,"/Date(1703488322000)/",4140,100,2269600,9391000000,40,false,0.98
"HNG",141111,"/Date(1703488318000)/",4140,100,2269500,9391000000,40,false,0.98
"HNG",141108,"/Date(1703488314000)/",4140,3000,2269400,9391000000,40,false,0.98
"HNG",141058,"/Date(1703488303000)/",4140,300,2266400,9378000000,40,true,0.98
"HNG",141058,"/Date(1703488303000)/",4140,10000,2266100,9377000000,40,true,0.98
"HNG",141058,"/Date(1703488303000)/",4140,100,2256100,9335000000,40,true,0.98
"HNG",141058,"/Date(1703488303000)/",4140,2000,2256000,9335000000,40,true,0.98
"HNG",141058,"/Date(1703488303000)/",4140,2000,2254000,9327000000,40,true,0.98
"HNG",141058,"/Date(1703488303000)/",4140,400,2252000,9318000000,40,true,0.98
"HNG",141058,"/Date(1703488303000)/",4140,49100,2251600,9317000000,40,true,0.98
"HNG",141030,"/Date(1703488276000)/",4140,8000,2202500,9114000000,40,true,0.98
"HNG",140844,"/Date(1703488169000)/",4140,3000,2194500,9080000000,40,true,0.98
"HNG",140819,"/Date(1703488143000)/",4140,1000,2191500,9068000000,40,true,0.98
"HNG",140721,"/Date(1703488085000)/",4140,1000,2190500,9064000000,40,true,0.98
"HNG",140715,"/Date(1703488081000)/",4140,200,2189500,9060000000,40,false,0.98
"HNG",140715,"/Date(1703488081000)/",4140,1000,2189300,9059000000,40,false,0.98
"HNG",140715,"/Date(1703488081000)/",4140,5000,2188300,9055000000,40,false,0.98
"HNG",140715,"/Date(1703488081000)/",4140,11000,2183300,9034000000,40,false,0.98
"HNG",140715,"/Date(1703488081000)/",4140,2000,2172300,8989000000,40,false,0.98
"HNG",140715,"/Date(1703488081000)/",4140,8400,2170300,8980000000,40,false,0.98
"HNG",140715,"/Date(1703488081000)/",4140,10000,2161900,8945000000,40,false,0.98
"HNG",140715,"/Date(1703488081000)/",4140,1000,2151900,8904000000,40,false,0.98
"HNG",140715,"/Date(1703488081000)/",4140,5000,2150900,8900000000,40,false,0.98
"HNG",140715,"/Date(1703488081000)/",4140,400,2145900,8879000000,40,false,0.98
"HNG",140715,"/Date(1703488081000)/",4130,100,2145500,8878000000,30,false,0.73
"HNG",140715,"/Date(1703488081000)/",4130,1200,2145400,8877000000,30,false,0.73
"HNG",140715,"/Date(1703488081000)/",4130,2000,2144200,8872000000,30,false,0.73
"HNG",140715,"/Date(1703488081000)/",4130,600,2142200,8864000000,30,false,0.73
"HNG",140649,"/Date(1703488054000)/",4130,400,2141600,8861000000,30,false,0.73
"HNG",140633,"/Date(1703488040000)/",4130,200,2141200,8860000000,30,false,0.73
"HNG",140602,"/Date(1703488005000)/",4130,100,2141000,8859000000,30,false,0.73
"HNG",140555,"/Date(1703488000000)/",4130,300,2140900,8859000000,30,false,0.73
"HNG",140555,"/Date(1703488000000)/",4130,2400,2140600,8857000000,30,false,0.73
"HNG",140533,"/Date(1703487978000)/",4130,1000,2138200,8847000000,30,true,0.73
"HNG",140527,"/Date(1703487973000)/",4130,2200,2137200,8843000000,30,true,0.73
"HNG",140520,"/Date(1703487966000)/",4130,3000,2135000,8834000000,30,true,0.73
"HNG",140458,"/Date(1703487944000)/",4140,200,2132000,8822000000,40,false,0.98
"HNG",140313,"/Date(1703487837000)/",4140,100,2131800,8821000000,40,false,0.98
"HNG",140250,"/Date(1703487816000)/",4130,1000,2131700,8821000000,30,true,0.73
"HNG",140215,"/Date(1703487781000)/",4130,9600,2130700,8816000000,30,true,0.73
"HNG",140209,"/Date(1703487774000)/",4130,500,2121100,8777000000,30,false,0.73
"HNG",140209,"/Date(1703487774000)/",4130,4300,2120600,8775000000,30,false,0.73
"HNG",140140,"/Date(1703487744000)/",4130,300,2116300,8757000000,30,false,0.73
"HNG",140124,"/Date(1703487729000)/",4130,100,2116000,8756000000,30,false,0.73
"HNG",140124,"/Date(1703487729000)/",4130,300,2115900,8755000000,30,false,0.73
"HNG",140118,"/Date(1703487723000)/",4130,400,2115600,8754000000,30,true,0.73
"HNG",140102,"/Date(1703487705000)/",4130,200,2115200,8752000000,30,true,0.73
"HNG",140102,"/Date(1703487705000)/",4130,100,2115000,8752000000,30,true,0.73
"HNG",135825,"/Date(1703487551000)/",4130,100,2114900,8751000000,30,false,0.73
"HNG",135825,"/Date(1703487551000)/",4130,3000,2114800,8751000000,30,false,0.73
"HNG",135825,"/Date(1703487551000)/",4130,3000,2111800,8738000000,30,false,0.73
"HNG",135825,"/Date(1703487551000)/",4130,500,2108800,8726000000,30,false,0.73
"HNG",135825,"/Date(1703487551000)/",4130,4800,2108300,8724000000,30,false,0.73
"HNG",135822,"/Date(1703487547000)/",4130,200,2103500,8704000000,30,false,0.73
"HNG",135819,"/Date(1703487543000)/",4130,5000,2103300,8703000000,30,false,0.73
"HNG",135819,"/Date(1703487543000)/",4130,2000,2098300,8683000000,30,false,0.73
"HNG",135819,"/Date(1703487543000)/",4130,300,2096300,8674000000,30,false,0.73
"HNG",135813,"/Date(1703487537000)/",4120,800,2096000,8673000000,20,true,0.49
"HNG",135813,"/Date(1703487537000)/",4120,1200,2095200,8670000000,20,true,0.49
"HNG",135741,"/Date(1703487503000)/",4130,300,2094000,8665000000,30,false,0.73
"HNG",135718,"/Date(1703487483000)/",4120,100,2093700,8664000000,20,true,0.49
"HNG",135706,"/Date(1703487470000)/",4120,1000,2093600,8663000000,20,true,0.49
"HNG",135555,"/Date(1703487399000)/",4120,3700,2092600,8659000000,20,true,0.49
"HNG",135555,"/Date(1703487399000)/",4120,100,2088900,8644000000,20,true,0.49
"HNG",135546,"/Date(1703487389000)/",4120,900,2088800,8643000000,20,false,0.49
"HNG",135529,"/Date(1703487375000)/",4120,100,2087900,8640000000,20,false,0.49
"HNG",135523,"/Date(1703487367000)/",4120,10000,2087800,8639000000,20,false,0.49
"HNG",135442,"/Date(1703487326000)/",4120,500,2077800,8598000000,20,false,0.49
"HNG",135435,"/Date(1703487319000)/",4120,100,2077300,8596000000,20,false,0.49
"HNG",135429,"/Date(1703487312000)/",4120,100,2077200,8596000000,20,true,0.49
"HNG",135429,"/Date(1703487312000)/",4120,1000,2077100,8595000000,20,true,0.49
"HNG",135429,"/Date(1703487312000)/",4120,1000,2076100,8591000000,20,true,0.49
"HNG",135429,"/Date(1703487312000)/",4120,1300,2075100,8587000000,20,true,0.49
"HNG",135429,"/Date(1703487311000)/",4130,400,2073800,8582000000,30,false,0.73
"HNG",135429,"/Date(1703487311000)/",4130,500,2073400,8580000000,30,false,0.73
"HNG",135419,"/Date(1703487303000)/",4120,1000,2072900,8578000000,20,true,0.49
"HNG",135410,"/Date(1703487295000)/",4120,300,2071900,8574000000,20,true,0.49
"HNG",135218,"/Date(1703487180000)/",4120,500,2071600,8573000000,20,true,0.49
"HNG",135159,"/Date(1703487163000)/",4120,100,2071100,8571000000,20,false,0.49
"HNG",135159,"/Date(1703487163000)/",4120,1800,2071000,8570000000,20,false,0.49
"HNG",135146,"/Date(1703487150000)/",4120,100,2069200,8563000000,20,false,0.49
"HNG",135146,"/Date(1703487148000)/",4120,1000,2069100,8562000000,20,false,0.49
"HNG",135133,"/Date(1703487135000)/",4120,400,2068100,8558000000,20,false,0.49
"HNG",135058,"/Date(1703487102000)/",4110,100,2067700,8557000000,10,true,0.24
"HNG",135058,"/Date(1703487101000)/",4120,2100,2067600,8556000000,20,false,0.49
"HNG",134945,"/Date(1703487028000)/",4120,100,2065500,8547000000,20,false,0.49
"HNG",134926,"/Date(1703487009000)/",4110,200,2065400,8547000000,10,true,0.24
"HNG",134926,"/Date(1703487008000)/",4120,100,2065200,8546000000,20,false,0.49
"HNG",134922,"/Date(1703487005000)/",4120,2000,2065100,8546000000,20,false,0.49
"HNG",134916,"/Date(1703486998000)/",4120,1000,2063100,8538000000,20,false,0.49
"HNG",134854,"/Date(1703486977000)/",4120,100,2062100,8533000000,20,false,0.49
"HNG",134750,"/Date(1703486913000)/",4120,400,2062000,8533000000,20,false,0.49
"HNG",134715,"/Date(1703486879000)/",4120,5000,2061600,8531000000,20,false,0.49
"HNG",134630,"/Date(1703486834000)/",4120,500,2056600,8511000000,20,true,0.49
"HNG",134630,"/Date(1703486834000)/",4120,4400,2056100,8509000000,20,true,0.49
"HNG",134630,"/Date(1703486834000)/",4120,200,2051700,8491000000,20,true,0.49
"HNG",134602,"/Date(1703486805000)/",4120,600,2051500,8490000000,20,false,0.49
"HNG",134602,"/Date(1703486805000)/",4120,1000,2050900,8487000000,20,false,0.49
"HNG",134602,"/Date(1703486805000)/",4120,900,2049900,8483000000,20,false,0.49
"HNG",134602,"/Date(1703486805000)/",4120,2000,2049000,8479000000,20,false,0.49
"HNG",134555,"/Date(1703486798000)/",4120,3000,2047000,8471000000,20,false,0.49
"HNG",134523,"/Date(1703486768000)/",4120,200,2044000,8459000000,20,false,0.49
"HNG",134448,"/Date(1703486731000)/",4110,7000,2043800,8458000000,10,true,0.24
"HNG",134241,"/Date(1703486603000)/",4120,9200,2036800,8429000000,20,false,0.49
"HNG",134241,"/Date(1703486603000)/",4120,10800,2027600,8391000000,20,false,0.49
"HNG",134238,"/Date(1703486600000)/",4120,1000,2016800,8347000000,20,false,0.49
"HNG",134218,"/Date(1703486582000)/",4110,2000,2015800,8343000000,10,true,0.24
"HNG",134218,"/Date(1703486579000)/",4120,100,2013800,8335000000,20,false,0.49
"HNG",134156,"/Date(1703486560000)/",4120,200,2013700,8334000000,20,true,0.49
"HNG",134156,"/Date(1703486560000)/",4120,1000,2013500,8333000000,20,true,0.49
"HNG",134156,"/Date(1703486560000)/",4120,600,2012500,8329000000,20,true,0.49
"HNG",134156,"/Date(1703486560000)/",4120,1000,2011900,8327000000,20,true,0.49
"HNG",134156,"/Date(1703486560000)/",4120,100,2010900,8323000000,20,true,0.49
"HNG",134156,"/Date(1703486560000)/",4120,100,2010800,8322000000,20,true,0.49
"HNG",134156,"/Date(1703486560000)/",4120,1400,2010700,8322000000,20,true,0.49
"HNG",134156,"/Date(1703486560000)/",4120,500,2009300,8316000000,20,true,0.49
"HNG",134156,"/Date(1703486560000)/",4120,100,2008800,8314000000,20,true,0.49
"HNG",134156,"/Date(1703486560000)/",4120,200,2008700,8314000000,20,true,0.49
"HNG",134156,"/Date(1703486560000)/",4120,500,2008500,8313000000,20,true,0.49
"HNG",134156,"/Date(1703486560000)/",4120,2000,2008000,8311000000,20,true,0.49
"HNG",134156,"/Date(1703486560000)/",4120,400,2006000,8302000000,20,true,0.49
"HNG",134137,"/Date(1703486539000)/",4120,1100,2005600,8301000000,20,true,0.49
"HNG",134121,"/Date(1703486523000)/",4120,100,2004500,8296000000,20,true,0.49
"HNG",134105,"/Date(1703486508000)/",4120,800,2004400,8296000000,20,true,0.49
"HNG",134040,"/Date(1703486481000)/",4120,1300,2003600,8293000000,20,true,0.49
"HNG",134036,"/Date(1703486478000)/",4120,500,2002300,8287000000,20,true,0.49
"HNG",134027,"/Date(1703486468000)/",4120,100,2001800,8285000000,20,true,0.49
"HNG",133945,"/Date(1703486427000)/",4120,1700,2001700,8285000000,20,true,0.49
"HNG",133945,"/Date(1703486427000)/",4120,10000,2000000,8278000000,20,true,0.49
"HNG",133945,"/Date(1703486427000)/",4120,4200,1990000,8236000000,20,true,0.49
"HNG",133945,"/Date(1703486427000)/",4120,1000,1985800,8219000000,20,true,0.49
"HNG",133945,"/Date(1703486427000)/",4120,500,1984800,8215000000,20,true,0.49
"HNG",133945,"/Date(1703486427000)/",4120,2600,1984300,8213000000,20,true,0.49
"HNG",133854,"/Date(1703486378000)/",4120,1000,1981700,8202000000,20,true,0.49
"HNG",133835,"/Date(1703486359000)/",4120,300,1980700,8198000000,20,true,0.49
"HNG",133835,"/Date(1703486358000)/",4130,500,1980400,8197000000,30,true,0.73
"HNG",133835,"/Date(1703486358000)/",4130,1000,1979900,8195000000,30,true,0.73
"HNG",133819,"/Date(1703486341000)/",4130,1200,1978900,8191000000,30,false,0.73
"HNG",133819,"/Date(1703486341000)/",4130,200,1977700,8186000000,30,false,0.73
"HNG",133819,"/Date(1703486341000)/",4130,2600,1977500,8185000000,30,false,0.73
"HNG",133747,"/Date(1703486309000)/",4120,5100,1974900,8174000000,20,true,0.49
"HNG",133747,"/Date(1703486309000)/",4120,400,1969800,8153000000,20,true,0.49
"HNG",133728,"/Date(1703486291000)/",4120,4400,1969400,8152000000,20,true,0.49
"HNG",133728,"/Date(1703486291000)/",4120,5000,1965000,8133000000,20,true,0.49
"HNG",133728,"/Date(1703486291000)/",4120,500,1960000,8113000000,20,true,0.49
"HNG",133728,"/Date(1703486291000)/",4120,100,1959500,8111000000,20,true,0.49
"HNG",133712,"/Date(1703486273000)/",4120,100,1959400,8110000000,20,true,0.49
"HNG",133712,"/Date(1703486273000)/",4120,2300,1959300,8110000000,20,true,0.49
"HNG",133700,"/Date(1703486262000)/",4130,1000,1957000,8100000000,30,false,0.73
"HNG",133624,"/Date(1703486225000)/",4130,1500,1956000,8096000000,30,false,0.73
"HNG",133540,"/Date(1703486182000)/",4140,500,1954500,8090000000,40,false,0.98
"HNG",133527,"/Date(1703486169000)/",4130,1200,1954000,8088000000,30,false,0.73
"HNG",133527,"/Date(1703486169000)/",4130,100,1952800,8083000000,30,false,0.73
"HNG",133527,"/Date(1703486169000)/",4130,3700,1952700,8083000000,30,false,0.73
"HNG",133521,"/Date(1703486163000)/",4130,500,1949000,8067000000,30,true,0.73
"HNG",133502,"/Date(1703486142000)/",4130,15800,1948500,8065000000,30,true,0.73
"HNG",133502,"/Date(1703486142000)/",4130,12700,1932700,8000000000,30,true,0.73
"HNG",133351,"/Date(1703486073000)/",4140,1000,1920000,7948000000,40,false,0.98
"HNG",133332,"/Date(1703486054000)/",4140,700,1919000,7944000000,40,false,0.98
"HNG",133320,"/Date(1703486043000)/",4140,1000,1918300,7941000000,40,false,0.98
"HNG",133313,"/Date(1703486036000)/",4130,2100,1917300,7936000000,30,true,0.73
"HNG",133144,"/Date(1703485945000)/",4130,2000,1915200,7928000000,30,true,0.73
"HNG",133125,"/Date(1703485925000)/",4140,100,1913200,7920000000,40,false,0.98
"HNG",133040,"/Date(1703485882000)/",4140,2200,1913100,7919000000,40,false,0.98
"HNG",133040,"/Date(1703485882000)/",4140,300,1910900,7910000000,40,false,0.98
"HNG",133018,"/Date(1703485859000)/",4140,300,1910600,7909000000,40,false,0.98
"HNG",132959,"/Date(1703485839000)/",4140,300,1910300,7908000000,40,false,0.98
"HNG",132924,"/Date(1703485804000)/",4140,1000,1910000,7906000000,40,true,0.98
"HNG",132817,"/Date(1703485738000)/",4130,100,1909000,7902000000,30,true,0.73
"HNG",132807,"/Date(1703485728000)/",4130,13100,1908900,7902000000,30,false,0.73
"HNG",132751,"/Date(1703485714000)/",4130,2700,1895800,7848000000,30,false,0.73
"HNG",132729,"/Date(1703485689000)/",4130,100,1893100,7836000000,30,false,0.73
"HNG",132713,"/Date(1703485675000)/",4130,10000,1893000,7836000000,30,false,0.73
"HNG",132707,"/Date(1703485667000)/",4130,100,1883000,7795000000,30,false,0.73
"HNG",132703,"/Date(1703485664000)/",4130,100,1882900,7794000000,30,false,0.73
"HNG",132644,"/Date(1703485646000)/",4130,3000,1882800,7794000000,30,false,0.73
"HNG",132641,"/Date(1703485642000)/",4130,500,1879800,7782000000,30,false,0.73
"HNG",132638,"/Date(1703485638000)/",4130,2000,1879300,7779000000,30,false,0.73
"HNG",132635,"/Date(1703485635000)/",4130,200,1877300,7771000000,30,false,0.73
"HNG",132635,"/Date(1703485634000)/",4120,5000,1877100,7770000000,20,true,0.49
"HNG",132632,"/Date(1703485631000)/",4130,200,1872100,7750000000,30,false,0.73
"HNG",132603,"/Date(1703485605000)/",4130,30000,1871900,7749000000,30,false,0.73
"HNG",132446,"/Date(1703485528000)/",4120,2700,1841900,7625000000,20,true,0.49
"HNG",132446,"/Date(1703485528000)/",4120,10000,1839200,7614000000,20,true,0.49
"HNG",132446,"/Date(1703485528000)/",4120,2300,1829200,7573000000,20,true,0.49
"HNG",132443,"/Date(1703485523000)/",4130,200,1826900,7563000000,30,false,0.73
"HNG",132443,"/Date(1703485522000)/",4130,200,1826700,7562000000,30,false,0.73
"HNG",132437,"/Date(1703485518000)/",4130,31400,1826500,7562000000,30,false,0.73
"HNG",132437,"/Date(1703485518000)/",4130,1000,1795100,7432000000,30,false,0.73
"HNG",132437,"/Date(1703485518000)/",4130,7600,1794100,7428000000,30,false,0.73
"HNG",132414,"/Date(1703485495000)/",4130,1000,1786500,7396000000,30,false,0.73
"HNG",132414,"/Date(1703485495000)/",4130,30000,1785500,7392000000,30,false,0.73
"HNG",132414,"/Date(1703485495000)/",4140,200,1755500,7268000000,40,false,0.98
"HNG",132414,"/Date(1703485495000)/",4140,600,1755300,7268000000,40,false,0.98
"HNG",132349,"/Date(1703485470000)/",4140,7000,1754700,7265000000,40,false,0.98
"HNG",132349,"/Date(1703485470000)/",4140,6000,1747700,7236000000,40,false,0.98
"HNG",132349,"/Date(1703485470000)/",4140,100,1741700,7211000000,40,false,0.98
"HNG",132349,"/Date(1703485470000)/",4140,1000,1741600,7211000000,40,false,0.98
"HNG",132349,"/Date(1703485470000)/",4140,4900,1740600,7207000000,40,false,0.98
"HNG",132349,"/Date(1703485470000)/",4140,500,1735700,7186000000,40,false,0.98
"HNG",132349,"/Date(1703485470000)/",4140,100,1735200,7184000000,40,false,0.98
"HNG",132349,"/Date(1703485470000)/",4140,9800,1735100,7184000000,40,false,0.98
"HNG",132229,"/Date(1703485390000)/",4120,800,1725300,7143000000,20,true,0.49
"HNG",132229,"/Date(1703485389000)/",4130,300,1724500,7140000000,30,false,0.73
"HNG",132229,"/Date(1703485389000)/",4130,100,1724200,7139000000,30,false,0.73
"HNG",132229,"/Date(1703485389000)/",4130,1000,1724100,7138000000,30,false,0.73
"HNG",132229,"/Date(1703485389000)/",4130,100,1723100,7134000000,30,false,0.73
"HNG",132229,"/Date(1703485389000)/",4130,1200,1723000,7134000000,30,false,0.73
"HNG",132216,"/Date(1703485376000)/",4130,500,1721800,7129000000,30,false,0.73
"HNG",132207,"/Date(1703485364000)/",4130,400,1721300,7127000000,30,false,0.73
"HNG",132151,"/Date(1703485350000)/",4120,300,1720900,7125000000,20,true,0.49
"HNG",132151,"/Date(1703485350000)/",4120,1300,1720600,7124000000,20,true,0.49
"HNG",132151,"/Date(1703485350000)/",4130,1000,1719300,7119000000,30,false,0.73
"HNG",132106,"/Date(1703485307000)/",4130,1900,1718300,7114000000,30,false,0.73
"HNG",132106,"/Date(1703485307000)/",4130,1100,1716400,7107000000,30,false,0.73
"HNG",132044,"/Date(1703485285000)/",4130,1000,1715300,7102000000,30,false,0.73
"HNG",132044,"/Date(1703485285000)/",4130,100,1714300,7098000000,30,false,0.73
"HNG",132044,"/Date(1703485285000)/",4130,3900,1714200,7098000000,30,false,0.73
"HNG",131953,"/Date(1703485233000)/",4130,500,1710300,7081000000,30,false,0.73
"HNG",131953,"/Date(1703485232000)/",4130,6000,1709800,7079000000,30,false,0.73
"HNG",131950,"/Date(1703485231000)/",4130,200,1703800,7055000000,30,false,0.73
"HNG",131943,"/Date(1703485225000)/",4130,17800,1703600,7054000000,30,false,0.73
"HNG",131943,"/Date(1703485223000)/",4120,700,1685800,6980000000,20,true,0.49
"HNG",131943,"/Date(1703485223000)/",4120,600,1685100,6977000000,20,true,0.49
"HNG",131943,"/Date(1703485223000)/",4120,2000,1684500,6975000000,20,true,0.49
"HNG",131943,"/Date(1703485223000)/",4120,200,1682500,6967000000,20,true,0.49
"HNG",131943,"/Date(1703485223000)/",4120,2000,1682300,6966000000,20,true,0.49
"HNG",131943,"/Date(1703485223000)/",4120,500,1680300,6958000000,20,true,0.49
"HNG",131943,"/Date(1703485223000)/",4120,100,1679800,6956000000,20,true,0.49
"HNG",131943,"/Date(1703485223000)/",4120,8900,1679700,6955000000,20,true,0.49
"HNG",131912,"/Date(1703485190000)/",4120,300,1670800,6918000000,20,true,0.49
"HNG",131836,"/Date(1703485156000)/",4120,4000,1670500,6917000000,20,true,0.49
"HNG",131833,"/Date(1703485154000)/",4130,5000,1666500,6901000000,30,false,0.73
"HNG",131648,"/Date(1703485047000)/",4120,2000,1661500,6880000000,20,true,0.49
"HNG",131554,"/Date(1703484993000)/",4120,100,1659500,6872000000,20,true,0.49
"HNG",131551,"/Date(1703484990000)/",4120,3000,1659400,6871000000,20,true,0.49
"HNG",131544,"/Date(1703484986000)/",4130,6500,1656400,6859000000,30,false,0.73
"HNG",131532,"/Date(1703484972000)/",4130,4000,1649900,6832000000,30,false,0.73
"HNG",131403,"/Date(1703484882000)/",4130,2000,1645900,6816000000,30,false,0.73
"HNG",131359,"/Date(1703484879000)/",4130,700,1643900,6807000000,30,false,0.73
"HNG",131356,"/Date(1703484875000)/",4120,400,1643200,6805000000,20,true,0.49
"HNG",131347,"/Date(1703484867000)/",4130,3000,1642800,6803000000,30,false,0.73
"HNG",131302,"/Date(1703484822000)/",4130,400,1639800,6791000000,30,false,0.73
"HNG",131302,"/Date(1703484822000)/",4130,100,1639400,6789000000,30,false,0.73
"HNG",131259,"/Date(1703484818000)/",4130,2000,1639300,6788000000,30,false,0.73
"HNG",131224,"/Date(1703484782000)/",4130,1000,1637300,6780000000,30,false,0.73
"HNG",131201,"/Date(1703484762000)/",4120,200,1636300,6776000000,20,true,0.49
"HNG",131146,"/Date(1703484745000)/",4120,3000,1636100,6775000000,20,true,0.49
"HNG",131051,"/Date(1703484689000)/",4130,5900,1633100,6763000000,30,false,0.73
"HNG",131051,"/Date(1703484689000)/",4130,4100,1627200,6739000000,30,false,0.73
"HNG",131045,"/Date(1703484685000)/",4130,3000,1623100,6722000000,30,false,0.73
"HNG",131039,"/Date(1703484679000)/",4130,2900,1620100,6709000000,30,false,0.73
"HNG",131039,"/Date(1703484679000)/",4130,2100,1617200,6697000000,30,false,0.73
"HNG",131004,"/Date(1703484644000)/",4130,300,1615100,6689000000,30,false,0.73
"HNG",130944,"/Date(1703484624000)/",4130,100,1614800,6687000000,30,false,0.73
"HNG",130913,"/Date(1703484590000)/",4130,500,1614700,6687000000,30,false,0.73
"HNG",130903,"/Date(1703484582000)/",4130,8900,1614200,6685000000,30,true,0.73
"HNG",130853,"/Date(1703484573000)/",4130,200,1605300,6648000000,30,true,0.73
"HNG",130850,"/Date(1703484571000)/",4130,900,1605100,6647000000,30,true,0.73
"HNG",130850,"/Date(1703484571000)/",4130,100,1604200,6644000000,30,true,0.73
"HNG",130802,"/Date(1703484522000)/",4130,100,1604100,6643000000,30,true,0.73
"HNG",130740,"/Date(1703484498000)/",4140,20000,1604000,6643000000,40,false,0.98
"HNG",130715,"/Date(1703484473000)/",4140,200,1584000,6560000000,40,false,0.98
"HNG",130715,"/Date(1703484473000)/",4140,100,1583800,6559000000,40,false,0.98
"HNG",130715,"/Date(1703484473000)/",4140,400,1583700,6559000000,40,false,0.98
"HNG",130715,"/Date(1703484473000)/",4140,1100,1583300,6557000000,40,false,0.98
"HNG",130558,"/Date(1703484396000)/",4140,100,1582200,6552000000,40,false,0.98
"HNG",130552,"/Date(1703484391000)/",4140,100,1582100,6552000000,40,false,0.98
"HNG",130520,"/Date(1703484358000)/",4130,100,1582000,6552000000,30,true,0.73
"HNG",130417,"/Date(1703484297000)/",4120,4300,1581900,6551000000,20,true,0.49
"HNG",130417,"/Date(1703484297000)/",4130,700,1577600,6533000000,30,true,0.73
"HNG",130407,"/Date(1703484286000)/",4130,9300,1576900,6531000000,30,true,0.73
"HNG",130407,"/Date(1703484286000)/",4130,100,1567600,6492000000,30,true,0.73
"HNG",130407,"/Date(1703484286000)/",4130,600,1567500,6492000000,30,true,0.73
"HNG",130322,"/Date(1703484239000)/",4130,400,1566900,6489000000,30,true,0.73
"HNG",130322,"/Date(1703484239000)/",4130,100,1566500,6488000000,30,true,0.73
"HNG",130306,"/Date(1703484225000)/",4130,400,1566400,6487000000,30,true,0.73
"HNG",130222,"/Date(1703484180000)/",4130,100,1566000,6486000000,30,true,0.73
"HNG",130216,"/Date(1703484174000)/",4140,100,1565900,6485000000,40,false,0.98
"HNG",130206,"/Date(1703484165000)/",4130,400,1565800,6485000000,30,true,0.73
"HNG",130206,"/Date(1703484165000)/",4130,15000,1565400,6483000000,30,true,0.73
"HNG",130206,"/Date(1703484165000)/",4130,2000,1550400,6421000000,30,true,0.73
"HNG",130206,"/Date(1703484165000)/",4130,200,1548400,6413000000,30,true,0.73
"HNG",130206,"/Date(1703484165000)/",4130,2400,1548200,6412000000,30,true,0.73
"HNG",130150,"/Date(1703484148000)/",4140,400,1545800,6402000000,40,false,0.98
"HNG",130150,"/Date(1703484148000)/",4140,600,1545400,6401000000,40,false,0.98
"HNG",125943,"/Date(1703484007000)/",4140,100,1544800,6398000000,40,false,0.98
"HNG",125943,"/Date(1703484006000)/",4130,300,1544700,6398000000,30,true,0.73
"HNG",125939,"/Date(1703484002000)/",4130,100,1544400,6396000000,30,false,0.73
"HNG",125939,"/Date(1703484002000)/",4130,100,1544300,6396000000,30,false,0.73
"HNG",125939,"/Date(1703484001000)/",4120,3800,1544200,6396000000,20,true,0.49
"HNG",125939,"/Date(1703484001000)/",4120,300,1540400,6380000000,20,true,0.49
"HNG",125939,"/Date(1703484001000)/",4120,500,1540100,6379000000,20,true,0.49
"HNG",125939,"/Date(1703484001000)/",4120,3000,1539600,6377000000,20,true,0.49
"HNG",125939,"/Date(1703484001000)/",4120,1900,1536600,6364000000,20,true,0.49
"HNG",125939,"/Date(1703484001000)/",4120,13100,1534700,6356000000,20,true,0.49
"HNG",125939,"/Date(1703484001000)/",4120,200,1521600,6302000000,20,true,0.49
"HNG",125939,"/Date(1703484001000)/",4120,300,1521400,6302000000,20,true,0.49
"HNG",125939,"/Date(1703484001000)/",4120,11900,1521100,6300000000,20,true,0.49
"HNG",125939,"/Date(1703484001000)/",4130,100,1509200,6251000000,30,false,0.73
"HNG",125939,"/Date(1703484001000)/",4130,400,1509100,6251000000,30,false,0.73
"HNG",125939,"/Date(1703484001000)/",4130,100,1508700,6249000000,30,false,0.73
"HNG",125939,"/Date(1703484001000)/",4130,2000,1508600,6249000000,30,false,0.73
"HNG",125939,"/Date(1703484001000)/",4130,500,1506600,6241000000,30,false,0.73
"HNG",125939,"/Date(1703484001000)/",4130,1100,1506100,6239000000,30,false,0.73
"HNG",125936,"/Date(1703484001000)/",4130,100,1505000,6234000000,30,true,0.73
"HNG",125936,"/Date(1703484001000)/",4130,500,1504900,6234000000,30,true,0.73
"HNG",125936,"/Date(1703484000000)/",4130,200,1504400,6232000000,30,true,0.73
"HNG",125936,"/Date(1703484000000)/",4130,200,1504200,6231000000,30,true,0.73
"HNG",125933,"/Date(1703484000000)/",4130,200,1504000,6230000000,30,true,0.73
"HNG",125933,"/Date(1703484000000)/",4130,600,1503800,6229000000,30,true,0.73
"HNG",112922,"/Date(1703478590000)/",4130,600,1503200,6227000000,30,true,0.73
"HNG",112812,"/Date(1703478521000)/",4130,200,1502600,6224000000,30,true,0.73
"HNG",112809,"/Date(1703478518000)/",4130,500,1502400,6223000000,30,false,0.73
"HNG",112737,"/Date(1703478486000)/",4130,300,1501900,6221000000,30,false,0.73
"HNG",112737,"/Date(1703478486000)/",4130,900,1501600,6220000000,30,false,0.73
"HNG",112659,"/Date(1703478448000)/",4130,100,1500700,6216000000,30,false,0.73
"HNG",112634,"/Date(1703478423000)/",4130,100,1500600,6216000000,30,false,0.73
"HNG",112527,"/Date(1703478355000)/",4130,500,1500500,6215000000,30,false,0.73
"HNG",112357,"/Date(1703478264000)/",4130,1000,1500000,6213000000,30,false,0.73
"HNG",112222,"/Date(1703478170000)/",4130,400,1499000,6209000000,30,true,0.73
"HNG",112222,"/Date(1703478170000)/",4130,700,1498600,6208000000,30,true,0.73
"HNG",112222,"/Date(1703478170000)/",4130,300,1497900,6205000000,30,true,0.73
"HNG",112222,"/Date(1703478170000)/",4130,1000,1497600,6203000000,30,true,0.73
"HNG",112222,"/Date(1703478170000)/",4130,5000,1496600,6199000000,30,true,0.73
"HNG",112222,"/Date(1703478170000)/",4130,1400,1491600,6179000000,30,true,0.73
"HNG",111901,"/Date(1703477970000)/",4150,1400,1490200,6173000000,50,false,1.22
"HNG",111901,"/Date(1703477970000)/",4150,600,1488800,6167000000,50,false,1.22
"HNG",111726,"/Date(1703477873000)/",4150,300,1488200,6165000000,50,false,1.22
"HNG",111648,"/Date(1703477836000)/",4150,100,1487900,6163000000,50,false,1.22
"HNG",111641,"/Date(1703477827000)/",4130,1000,1487800,6163000000,30,true,0.73
"HNG",111622,"/Date(1703477808000)/",4130,10000,1486800,6159000000,30,true,0.73
"HNG",111606,"/Date(1703477793000)/",4130,600,1476800,6117000000,30,true,0.73
"HNG",111230,"/Date(1703477578000)/",4130,7000,1476200,6115000000,30,false,0.73
"HNG",111230,"/Date(1703477577000)/",4130,200,1469200,6086000000,30,false,0.73
"HNG",111210,"/Date(1703477558000)/",4130,4000,1469000,6085000000,30,true,0.73
"HNG",111210,"/Date(1703477558000)/",4130,1000,1465000,6069000000,30,true,0.73
"HNG",111210,"/Date(1703477558000)/",4130,500,1464000,6065000000,30,true,0.73
"HNG",111210,"/Date(1703477558000)/",4140,2000,1463500,6063000000,40,true,0.98
"HNG",111210,"/Date(1703477558000)/",4140,900,1461500,6054000000,40,true,0.98
"HNG",111113,"/Date(1703477499000)/",4140,300,1460600,6051000000,40,true,0.98
"HNG",111057,"/Date(1703477484000)/",4140,3800,1460300,6049000000,40,true,0.98
"HNG",111054,"/Date(1703477480000)/",4140,1000,1456500,6034000000,40,false,0.98
"HNG",111019,"/Date(1703477447000)/",4140,2200,1455500,6029000000,40,false,0.98
"HNG",111019,"/Date(1703477447000)/",4140,200,1453300,6020000000,40,false,0.98
"HNG",111019,"/Date(1703477447000)/",4140,1300,1453100,6019000000,40,false,0.98
"HNG",111019,"/Date(1703477447000)/",4140,500,1451800,6014000000,40,false,0.98
"HNG",111019,"/Date(1703477447000)/",4140,800,1451300,6012000000,40,false,0.98
"HNG",111013,"/Date(1703477439000)/",4140,700,1450500,6009000000,40,false,0.98
"HNG",110928,"/Date(1703477394000)/",4130,500,1449800,6006000000,30,true,0.73
"HNG",110812,"/Date(1703477319000)/",4120,3100,1449300,6004000000,20,true,0.49
"HNG",110802,"/Date(1703477310000)/",4130,400,1446200,5991000000,30,true,0.73
"HNG",110802,"/Date(1703477310000)/",4130,2000,1445800,5989000000,30,true,0.73
"HNG",110802,"/Date(1703477310000)/",4130,100,1443800,5981000000,30,true,0.73
"HNG",110802,"/Date(1703477310000)/",4130,1000,1443700,5981000000,30,true,0.73
"HNG",110802,"/Date(1703477310000)/",4130,200,1442700,5977000000,30,true,0.73
"HNG",110802,"/Date(1703477310000)/",4130,500,1442500,5976000000,30,true,0.73
"HNG",110802,"/Date(1703477310000)/",4130,400,1442000,5974000000,30,true,0.73
"HNG",110802,"/Date(1703477310000)/",4130,500,1441600,5972000000,30,true,0.73
"HNG",110802,"/Date(1703477310000)/",4130,5000,1441100,5970000000,30,true,0.73
"HNG",110802,"/Date(1703477310000)/",4130,500,1436100,5949000000,30,true,0.73
"HNG",110802,"/Date(1703477310000)/",4130,1000,1435600,5947000000,30,true,0.73
"HNG",110802,"/Date(1703477310000)/",4130,100,1434600,5943000000,30,true,0.73
"HNG",110623,"/Date(1703477208000)/",4140,400,1434500,5943000000,40,false,0.98
"HNG",110454,"/Date(1703477121000)/",4140,100,1434100,5941000000,40,false,0.98
"HNG",110426,"/Date(1703477090000)/",4150,300,1434000,5941000000,50,false,1.22
"HNG",110426,"/Date(1703477090000)/",4150,1000,1433700,5939000000,50,false,1.22
"HNG",110426,"/Date(1703477090000)/",4150,100,1432700,5935000000,50,false,1.22
"HNG",110426,"/Date(1703477090000)/",4150,4800,1432600,5935000000,50,false,1.22
"HNG",110247,"/Date(1703476992000)/",4150,100,1427800,5915000000,50,false,1.22
"HNG",110221,"/Date(1703476966000)/",4150,1500,1427700,5914000000,50,false,1.22
"HNG",110143,"/Date(1703476930000)/",4150,600,1426200,5908000000,50,false,1.22
"HNG",110143,"/Date(1703476930000)/",4150,1400,1425600,5906000000,50,false,1.22
"HNG",110124,"/Date(1703476911000)/",4150,100,1424200,5900000000,50,false,1.22
"HNG",110114,"/Date(1703476901000)/",4150,400,1424100,5900000000,50,false,1.22
"HNG",110114,"/Date(1703476901000)/",4150,500,1423700,5898000000,50,false,1.22
"HNG",110114,"/Date(1703476901000)/",4150,5000,1423200,5896000000,50,false,1.22
"HNG",110114,"/Date(1703476901000)/",4150,100,1418200,5875000000,50,false,1.22
"HNG",110114,"/Date(1703476901000)/",4150,9900,1418100,5875000000,50,false,1.22
"HNG",110114,"/Date(1703476901000)/",4150,500,1408200,5834000000,50,false,1.22
"HNG",110114,"/Date(1703476901000)/",4150,30500,1407700,5831000000,50,false,1.22
"HNG",110114,"/Date(1703476901000)/",4140,7700,1377200,5705000000,40,false,0.98
"HNG",110020,"/Date(1703476845000)/",4140,2000,1369500,5673000000,40,true,0.98
"HNG",110020,"/Date(1703476845000)/",4140,200,1367500,5665000000,40,true,0.98
"HNG",110020,"/Date(1703476845000)/",4140,100,1367300,5664000000,40,true,0.98
"HNG",110020,"/Date(1703476845000)/",4140,300,1367200,5663000000,40,true,0.98
"HNG",110020,"/Date(1703476845000)/",4140,100,1366900,5662000000,40,true,0.98
"HNG",110020,"/Date(1703476845000)/",4140,100,1366800,5662000000,40,true,0.98
"HNG",110020,"/Date(1703476845000)/",4140,3200,1366700,5661000000,40,true,0.98
"HNG",110020,"/Date(1703476845000)/",4140,100,1363500,5648000000,40,true,0.98
"HNG",110020,"/Date(1703476845000)/",4140,200,1363400,5648000000,40,true,0.98
"HNG",110020,"/Date(1703476845000)/",4140,100,1363200,5647000000,40,true,0.98
"HNG",110020,"/Date(1703476845000)/",4140,200,1363100,5647000000,40,true,0.98
"HNG",110020,"/Date(1703476845000)/",4140,5000,1362900,5646000000,40,true,0.98
"HNG",110020,"/Date(1703476845000)/",4140,31800,1357900,5625000000,40,true,0.98
"HNG",110020,"/Date(1703476845000)/",4140,20000,1326100,5493000000,40,true,0.98
"HNG",110020,"/Date(1703476845000)/",4140,500,1306100,5411000000,40,true,0.98
"HNG",110020,"/Date(1703476845000)/",4140,100,1305600,5408000000,40,true,0.98
"HNG",110020,"/Date(1703476845000)/",4140,100,1305500,5408000000,40,true,0.98
"HNG",110020,"/Date(1703476845000)/",4140,19100,1305400,5408000000,40,true,0.98
"HNG",110020,"/Date(1703476844000)/",4140,300,1286300,5329000000,40,true,0.98
"HNG",110017,"/Date(1703476842000)/",4140,16700,1286000,5327000000,40,true,0.98
"HNG",110010,"/Date(1703476835000)/",4140,20000,1269300,5258000000,40,true,0.98
"HNG",110007,"/Date(1703476833000)/",4140,5500,1249300,5175000000,40,true,0.98
"HNG",105951,"/Date(1703476815000)/",4140,4800,1243800,5153000000,40,true,0.98
"HNG",105910,"/Date(1703476776000)/",4140,500,1239000,5133000000,40,true,0.98
"HNG",105854,"/Date(1703476758000)/",4150,2000,1238500,5131000000,50,false,1.22
"HNG",105854,"/Date(1703476758000)/",4140,1000,1236500,5122000000,40,true,0.98
"HNG",105835,"/Date(1703476739000)/",4150,200,1235500,5118000000,50,false,1.22
"HNG",105819,"/Date(1703476724000)/",4140,13000,1235300,5117000000,40,true,0.98
"HNG",105813,"/Date(1703476718000)/",4150,200,1222300,5064000000,50,false,1.22
"HNG",105712,"/Date(1703476657000)/",4150,100,1222100,5063000000,50,false,1.22
"HNG",105624,"/Date(1703476611000)/",4150,2000,1222000,5062000000,50,false,1.22
"HNG",105624,"/Date(1703476609000)/",4150,200,1220000,5054000000,50,false,1.22
"HNG",105602,"/Date(1703476587000)/",4150,1000,1219800,5053000000,50,false,1.22
"HNG",105552,"/Date(1703476577000)/",4140,800,1218800,5049000000,40,true,0.98
"HNG",105448,"/Date(1703476515000)/",4150,100,1218000,5046000000,50,false,1.22
"HNG",105439,"/Date(1703476505000)/",4150,200,1217900,5045000000,50,false,1.22
"HNG",105413,"/Date(1703476479000)/",4150,4700,1217700,5044000000,50,false,1.22
"HNG",105413,"/Date(1703476479000)/",4150,200,1213000,5025000000,50,false,1.22
"HNG",105413,"/Date(1703476479000)/",4150,100,1212800,5024000000,50,false,1.22
"HNG",105410,"/Date(1703476474000)/",4140,100,1212700,5024000000,40,true,0.98
"HNG",105348,"/Date(1703476452000)/",4140,1700,1212600,5023000000,40,true,0.98
"HNG",105338,"/Date(1703476444000)/",4140,1000,1210900,5016000000,40,true,0.98
"HNG",105338,"/Date(1703476443000)/",4150,100,1209900,5012000000,50,false,1.22
"HNG",105319,"/Date(1703476424000)/",4140,300,1209800,5012000000,40,true,0.98
"HNG",105250,"/Date(1703476396000)/",4150,10000,1209500,5010000000,50,false,1.22
"HNG",105241,"/Date(1703476387000)/",4150,3000,1199500,4969000000,50,false,1.22
"HNG",105215,"/Date(1703476360000)/",4150,100,1196500,4957000000,50,false,1.22
"HNG",105115,"/Date(1703476299000)/",4150,30000,1196400,4956000000,50,false,1.22
"HNG",105053,"/Date(1703476276000)/",4140,20000,1166400,4832000000,40,true,0.98
"HNG",105002,"/Date(1703476227000)/",4150,10000,1146400,4749000000,50,false,1.22
"HNG",104946,"/Date(1703476210000)/",4150,200,1136400,4707000000,50,false,1.22
"HNG",104917,"/Date(1703476182000)/",4150,1900,1136200,4707000000,50,false,1.22
"HNG",104917,"/Date(1703476182000)/",4150,3300,1134300,4699000000,50,false,1.22
"HNG",104855,"/Date(1703476160000)/",4150,6700,1131000,4685000000,50,true,1.22
"HNG",104855,"/Date(1703476160000)/",4150,100,1124300,4657000000,50,true,1.22
"HNG",104855,"/Date(1703476160000)/",4150,4000,1124200,4657000000,50,true,1.22
"HNG",104855,"/Date(1703476160000)/",4150,15000,1120200,4640000000,50,true,1.22
"HNG",104855,"/Date(1703476160000)/",4150,100,1105200,4578000000,50,true,1.22
"HNG",104855,"/Date(1703476160000)/",4150,100,1105100,4577000000,50,true,1.22
"HNG",104855,"/Date(1703476160000)/",4150,2700,1105000,4577000000,50,true,1.22
"HNG",104855,"/Date(1703476160000)/",4150,1300,1102300,4566000000,50,true,1.22
"HNG",104842,"/Date(1703476145000)/",4160,100,1101000,4560000000,60,false,1.46
"HNG",104817,"/Date(1703476121000)/",4150,1000,1100900,4560000000,50,true,1.22
"HNG",104745,"/Date(1703476088000)/",4160,100,1099900,4556000000,60,false,1.46
"HNG",104745,"/Date(1703476088000)/",4160,100,1099800,4555000000,60,false,1.46
"HNG",104703,"/Date(1703476046000)/",4160,200,1099700,4555000000,60,false,1.46
"HNG",104647,"/Date(1703476032000)/",4160,200,1099500,4554000000,60,false,1.46
"HNG",104612,"/Date(1703475996000)/",4160,300,1099300,4553000000,60,false,1.46
"HNG",104612,"/Date(1703475996000)/",4160,1000,1099000,4552000000,60,false,1.46
"HNG",104612,"/Date(1703475996000)/",4160,100,1098000,4548000000,60,false,1.46
"HNG",104612,"/Date(1703475996000)/",4160,800,1097900,4548000000,60,false,1.46
"HNG",104557,"/Date(1703475979000)/",4160,4200,1097100,4544000000,60,false,1.46
"HNG",104557,"/Date(1703475979000)/",4160,10000,1092900,4527000000,60,false,1.46
"HNG",104557,"/Date(1703475979000)/",4160,100,1082900,4485000000,60,false,1.46
"HNG",104557,"/Date(1703475979000)/",4160,17300,1082800,4485000000,60,false,1.46
"HNG",104557,"/Date(1703475979000)/",4160,1000,1065500,4413000000,60,false,1.46
"HNG",104557,"/Date(1703475979000)/",4160,8500,1064500,4409000000,60,false,1.46
"HNG",104557,"/Date(1703475979000)/",4160,8900,1056000,4373000000,60,false,1.46
"HNG",104544,"/Date(1703475967000)/",4150,1900,1047100,4336000000,50,true,1.22
"HNG",104534,"/Date(1703475958000)/",4150,1500,1045200,4328000000,50,true,1.22
"HNG",104402,"/Date(1703475865000)/",4160,5000,1043700,4322000000,60,false,1.46
"HNG",104337,"/Date(1703475839000)/",4150,1800,1038700,4301000000,50,true,1.22
"HNG",104223,"/Date(1703475767000)/",4150,200,1036900,4294000000,50,true,1.22
"HNG",104223,"/Date(1703475766000)/",4150,700,1036700,4293000000,50,true,1.22
"HNG",104211,"/Date(1703475754000)/",4150,5600,1036000,4290000000,50,true,1.22
"HNG",104211,"/Date(1703475754000)/",4150,100,1030400,4267000000,50,true,1.22
"HNG",104211,"/Date(1703475754000)/",4150,9300,1030300,4266000000,50,true,1.22
"HNG",104158,"/Date(1703475742000)/",4150,500,1021000,4228000000,50,true,1.22
"HNG",104133,"/Date(1703475717000)/",4150,1000,1020500,4226000000,50,true,1.22
"HNG",104104,"/Date(1703475688000)/",4150,2000,1019500,4222000000,50,true,1.22
"HNG",104029,"/Date(1703475652000)/",4150,1000,1017500,4213000000,50,true,1.22
"HNG",104016,"/Date(1703475641000)/",4150,6200,1016500,4209000000,50,true,1.22
"HNG",104016,"/Date(1703475641000)/",4150,100,1010300,4183000000,50,true,1.22
"HNG",104016,"/Date(1703475641000)/",4150,23700,1010200,4183000000,50,true,1.22
"HNG",103708,"/Date(1703475452000)/",4160,5000,986500,4085000000,60,false,1.46
"HNG",103630,"/Date(1703475413000)/",4160,300,981500,4064000000,60,false,1.46
"HNG",103630,"/Date(1703475413000)/",4160,1000,981200,4063000000,60,false,1.46
"HNG",103630,"/Date(1703475413000)/",4160,2300,980200,4058000000,60,false,1.46
"HNG",103630,"/Date(1703475413000)/",4160,7500,977900,4049000000,60,false,1.46
"HNG",103507,"/Date(1703475330000)/",4160,500,970400,4018000000,60,true,1.46
"HNG",103501,"/Date(1703475324000)/",4160,1000,969900,4016000000,60,true,1.46
"HNG",103457,"/Date(1703475322000)/",4170,800,968900,4011000000,70,false,1.71
"HNG",103432,"/Date(1703475294000)/",4160,2000,968100,4008000000,60,false,1.46
"HNG",103432,"/Date(1703475294000)/",4160,1000,966100,4000000000,60,false,1.46
"HNG",103432,"/Date(1703475294000)/",4160,20000,965100,3996000000,60,false,1.46
"HNG",103432,"/Date(1703475294000)/",4160,900,945100,3912000000,60,false,1.46
"HNG",103357,"/Date(1703475259000)/",4160,100,944200,3909000000,60,false,1.46
"HNG",103357,"/Date(1703475259000)/",4160,900,944100,3908000000,60,false,1.46
"HNG",103306,"/Date(1703475208000)/",4160,2900,943200,3905000000,60,false,1.46
"HNG",103306,"/Date(1703475208000)/",4160,3500,940300,3892000000,60,false,1.46
"HNG",103306,"/Date(1703475208000)/",4160,2000,936800,3878000000,60,false,1.46
"HNG",103306,"/Date(1703475208000)/",4160,1000,934800,3870000000,60,false,1.46
"HNG",103306,"/Date(1703475208000)/",4160,600,933800,3865000000,60,false,1.46
"HNG",103218,"/Date(1703475160000)/",4160,4000,933200,3863000000,60,false,1.46
"HNG",103215,"/Date(1703475159000)/",4160,8500,929200,3846000000,60,false,1.46
"HNG",103215,"/Date(1703475159000)/",4160,1000,920700,3811000000,60,false,1.46
"HNG",103215,"/Date(1703475159000)/",4160,400,919700,3807000000,60,false,1.46
"HNG",103215,"/Date(1703475159000)/",4160,4000,919300,3805000000,60,false,1.46
"HNG",103215,"/Date(1703475159000)/",4160,3000,915300,3788000000,60,false,1.46
"HNG",103215,"/Date(1703475159000)/",4160,600,912300,3776000000,60,false,1.46
"HNG",103215,"/Date(1703475159000)/",4160,2500,911700,3773000000,60,false,1.46
"HNG",103212,"/Date(1703475153000)/",4160,2500,909200,3763000000,60,false,1.46
"HNG",103212,"/Date(1703475153000)/",4160,100,906700,3753000000,60,false,1.46
"HNG",103212,"/Date(1703475153000)/",4160,6300,906600,3752000000,60,false,1.46
"HNG",103159,"/Date(1703475142000)/",4150,1000,900300,3726000000,50,true,1.22
"HNG",103046,"/Date(1703475068000)/",4160,1400,899300,3722000000,60,false,1.46
"HNG",103046,"/Date(1703475068000)/",4160,2000,897900,3716000000,60,false,1.46
"HNG",103046,"/Date(1703475068000)/",4160,400,895900,3708000000,60,false,1.46
"HNG",103046,"/Date(1703475068000)/",4160,100,895500,3706000000,60,false,1.46
"HNG",103046,"/Date(1703475068000)/",4160,500,895400,3706000000,60,false,1.46
"HNG",103046,"/Date(1703475068000)/",4160,1000,894900,3704000000,60,false,1.46
"HNG",103046,"/Date(1703475068000)/",4160,1000,893900,3699000000,60,false,1.46
"HNG",103046,"/Date(1703475068000)/",4160,100,892900,3695000000,60,false,1.46
"HNG",103046,"/Date(1703475068000)/",4160,200,892800,3695000000,60,false,1.46
"HNG",103046,"/Date(1703475068000)/",4160,1000,892600,3694000000,60,false,1.46
"HNG",103046,"/Date(1703475068000)/",4160,100,891600,3690000000,60,false,1.46
"HNG",103046,"/Date(1703475068000)/",4160,100,891500,3689000000,60,false,1.46
"HNG",103046,"/Date(1703475068000)/",4160,1000,891400,3689000000,60,false,1.46
"HNG",103046,"/Date(1703475068000)/",4160,100,890400,3685000000,60,false,1.46
"HNG",103046,"/Date(1703475068000)/",4160,6000,890300,3684000000,60,false,1.46
"HNG",103030,"/Date(1703475054000)/",4150,5300,884300,3660000000,50,true,1.22
"HNG",103030,"/Date(1703475054000)/",4150,4700,879000,3638000000,50,true,1.22
"HNG",102958,"/Date(1703475022000)/",4150,3000,874300,3618000000,50,true,1.22
"HNG",102849,"/Date(1703474952000)/",4150,2300,871300,3606000000,50,false,1.22
"HNG",102842,"/Date(1703474944000)/",4150,200,869000,3596000000,50,true,1.22
"HNG",102833,"/Date(1703474935000)/",4150,1000,868800,3595000000,50,true,1.22
"HNG",102804,"/Date(1703474906000)/",4150,100,867800,3591000000,50,true,1.22
"HNG",102735,"/Date(1703474876000)/",4150,500,867700,3591000000,50,false,1.22
"HNG",102735,"/Date(1703474876000)/",4150,200,867200,3589000000,50,false,1.22
"HNG",102735,"/Date(1703474876000)/",4150,10000,867000,3588000000,50,false,1.22
"HNG",102735,"/Date(1703474876000)/",4150,2600,857000,3546000000,50,false,1.22
"HNG",102729,"/Date(1703474871000)/",4150,400,854400,3535000000,50,false,1.22
"HNG",102729,"/Date(1703474871000)/",4150,1000,854000,3534000000,50,false,1.22
"HNG",102729,"/Date(1703474871000)/",4150,2500,853000,3530000000,50,false,1.22
"HNG",102729,"/Date(1703474871000)/",4150,100,850500,3519000000,50,false,1.22
"HNG",102729,"/Date(1703474871000)/",4150,900,850400,3519000000,50,false,1.22
"HNG",102729,"/Date(1703474871000)/",4150,200,849500,3515000000,50,false,1.22
"HNG",102729,"/Date(1703474871000)/",4150,1000,849300,3514000000,50,false,1.22
"HNG",102729,"/Date(1703474871000)/",4150,2100,848300,3510000000,50,false,1.22
"HNG",102729,"/Date(1703474871000)/",4150,400,846200,3501000000,50,false,1.22
"HNG",102729,"/Date(1703474871000)/",4150,2500,845800,3500000000,50,false,1.22
"HNG",102729,"/Date(1703474871000)/",4150,1000,843300,3489000000,50,false,1.22
"HNG",102729,"/Date(1703474871000)/",4150,14100,842300,3485000000,50,false,1.22
"HNG",102729,"/Date(1703474871000)/",4150,3000,828200,3427000000,50,false,1.22
"HNG",102729,"/Date(1703474871000)/",4150,800,825200,3414000000,50,false,1.22
"HNG",102710,"/Date(1703474852000)/",4140,900,824400,3411000000,40,true,0.98
"HNG",102707,"/Date(1703474847000)/",4150,2200,823500,3407000000,50,false,1.22
"HNG",102707,"/Date(1703474847000)/",4150,100,821300,3398000000,50,false,1.22
"HNG",102644,"/Date(1703474827000)/",4150,200,821200,3398000000,50,false,1.22
"HNG",102641,"/Date(1703474824000)/",4150,500,821000,3397000000,50,false,1.22
"HNG",102628,"/Date(1703474811000)/",4150,100,820500,3395000000,50,false,1.22
"HNG",102628,"/Date(1703474810000)/",4150,100,820400,3394000000,50,false,1.22
"HNG",102606,"/Date(1703474787000)/",4150,1000,820300,3394000000,50,false,1.22
"HNG",102541,"/Date(1703474764000)/",4140,100,819300,3390000000,40,true,0.98
"HNG",102411,"/Date(1703474675000)/",4140,500,819200,3389000000,40,false,0.98
"HNG",102411,"/Date(1703474675000)/",4140,1500,818700,3387000000,40,false,0.98
"HNG",102411,"/Date(1703474675000)/",4140,500,817200,3381000000,40,false,0.98
"HNG",102411,"/Date(1703474675000)/",4140,2500,816700,3379000000,40,false,0.98
"HNG",102411,"/Date(1703474675000)/",4140,1100,814200,3369000000,40,false,0.98
"HNG",102411,"/Date(1703474675000)/",4140,1000,813100,3364000000,40,false,0.98
"HNG",102411,"/Date(1703474675000)/",4140,9500,812100,3360000000,40,false,0.98
"HNG",102340,"/Date(1703474643000)/",4140,100,802600,3321000000,40,false,0.98
"HNG",102330,"/Date(1703474633000)/",4140,5000,802500,3320000000,40,false,0.98
"HNG",102151,"/Date(1703474532000)/",4140,100,797500,3300000000,40,false,0.98
"HNG",102116,"/Date(1703474499000)/",4130,1000,797400,3299000000,30,true,0.73
"HNG",102054,"/Date(1703474474000)/",4130,100,796400,3295000000,30,true,0.73
"HNG",102054,"/Date(1703474474000)/",4130,9900,796300,3295000000,30,true,0.73
"HNG",102038,"/Date(1703474458000)/",4130,10000,786400,3254000000,30,true,0.73
"HNG",102000,"/Date(1703474422000)/",4130,100,776400,3212000000,30,true,0.73
"HNG",101824,"/Date(1703474324000)/",4130,300,776300,3212000000,30,false,0.73
"HNG",101824,"/Date(1703474324000)/",4130,100,776000,3211000000,30,false,0.73
"HNG",101737,"/Date(1703474277000)/",4130,3600,775900,3210000000,30,false,0.73
"HNG",101652,"/Date(1703474234000)/",4130,200,772300,3195000000,30,false,0.73
"HNG",101649,"/Date(1703474231000)/",4130,1000,772100,3195000000,30,false,0.73
"HNG",101649,"/Date(1703474230000)/",4130,1000,771100,3190000000,30,false,0.73
"HNG",101614,"/Date(1703474196000)/",4130,900,770100,3186000000,30,false,0.73
"HNG",101601,"/Date(1703474182000)/",4130,200,769200,3183000000,30,false,0.73
"HNG",101514,"/Date(1703474135000)/",4130,3000,769000,3182000000,30,false,0.73
"HNG",101238,"/Date(1703473979000)/",4120,300,766000,3169000000,20,true,0.49
"HNG",101231,"/Date(1703473971000)/",4120,1000,765700,3168000000,20,true,0.49
"HNG",101225,"/Date(1703473966000)/",4120,1500,764700,3164000000,20,false,0.49
"HNG",101222,"/Date(1703473964000)/",4120,500,763200,3158000000,20,false,0.49
"HNG",101222,"/Date(1703473964000)/",4120,200,762700,3156000000,20,false,0.49
"HNG",101222,"/Date(1703473964000)/",4120,4300,762500,3155000000,20,false,0.49
"HNG",101159,"/Date(1703473940000)/",4120,3000,758200,3137000000,20,false,0.49
"HNG",101144,"/Date(1703473923000)/",4120,2700,755200,3125000000,20,false,0.49
"HNG",101144,"/Date(1703473923000)/",4120,100,752500,3114000000,20,false,0.49
"HNG",101144,"/Date(1703473923000)/",4120,2200,752400,3113000000,20,false,0.49
"HNG",101021,"/Date(1703473842000)/",4120,1000,750200,3104000000,20,false,0.49
"HNG",101021,"/Date(1703473842000)/",4120,1800,749200,3100000000,20,false,0.49
"HNG",101005,"/Date(1703473825000)/",4120,8200,747400,3093000000,20,true,0.49
"HNG",101005,"/Date(1703473825000)/",4120,900,739200,3059000000,20,true,0.49
"HNG",101005,"/Date(1703473825000)/",4120,300,738300,3055000000,20,true,0.49
"HNG",101005,"/Date(1703473825000)/",4120,600,738000,3054000000,20,true,0.49
"HNG",100940,"/Date(1703473799000)/",4120,1600,737400,3052000000,20,true,0.49
"HNG",100937,"/Date(1703473795000)/",4120,200,735800,3045000000,20,true,0.49
"HNG",100917,"/Date(1703473778000)/",4120,800,735600,3044000000,20,true,0.49
"HNG",100917,"/Date(1703473778000)/",4120,4200,734800,3041000000,20,true,0.49
"HNG",100830,"/Date(1703473729000)/",4120,1900,730600,3024000000,20,false,0.49
"HNG",100827,"/Date(1703473728000)/",4120,100,728700,3016000000,20,false,0.49
"HNG",100742,"/Date(1703473681000)/",4140,100,728600,3015000000,40,false,0.98
"HNG",100707,"/Date(1703473647000)/",4110,2000,728500,3015000000,10,true,0.24
"HNG",100707,"/Date(1703473647000)/",4120,3000,726500,3007000000,20,false,0.49
"HNG",100638,"/Date(1703473618000)/",4110,16900,723500,2994000000,10,true,0.24
"HNG",100638,"/Date(1703473618000)/",4110,2000,706600,2925000000,10,true,0.24
"HNG",100638,"/Date(1703473618000)/",4110,8200,704600,2917000000,10,true,0.24
"HNG",100638,"/Date(1703473618000)/",4110,100,696400,2883000000,10,true,0.24
"HNG",100638,"/Date(1703473618000)/",4110,400,696300,2883000000,10,true,0.24
"HNG",100638,"/Date(1703473618000)/",4120,4600,695900,2881000000,20,false,0.49
"HNG",100638,"/Date(1703473618000)/",4120,1500,691300,2862000000,20,false,0.49
"HNG",100638,"/Date(1703473618000)/",4120,400,689800,2856000000,20,false,0.49
"HNG",100638,"/Date(1703473618000)/",4120,2800,689400,2854000000,20,false,0.49
"HNG",100638,"/Date(1703473618000)/",4120,2000,686600,2843000000,20,false,0.49
"HNG",100638,"/Date(1703473618000)/",4120,10000,684600,2834000000,20,false,0.49
"HNG",100638,"/Date(1703473618000)/",4120,2200,674600,2793000000,20,false,0.49
"HNG",100638,"/Date(1703473618000)/",4120,1000,672400,2784000000,20,false,0.49
"HNG",100638,"/Date(1703473618000)/",4120,100,671400,2780000000,20,false,0.49
"HNG",100638,"/Date(1703473618000)/",4120,1200,671300,2780000000,20,false,0.49
"HNG",100638,"/Date(1703473618000)/",4120,500,670100,2775000000,20,false,0.49
"HNG",100638,"/Date(1703473618000)/",4120,8000,669600,2773000000,20,false,0.49
"HNG",100638,"/Date(1703473618000)/",4120,2000,661600,2740000000,20,false,0.49
"HNG",100638,"/Date(1703473618000)/",4120,3000,659600,2731000000,20,false,0.49
"HNG",100638,"/Date(1703473618000)/",4120,3100,656600,2719000000,20,false,0.49
"HNG",100622,"/Date(1703473603000)/",4130,1000,653500,2706000000,30,true,0.73
"HNG",100622,"/Date(1703473603000)/",4130,100,652500,2702000000,30,true,0.73
"HNG",100622,"/Date(1703473603000)/",4130,100,652400,2702000000,30,true,0.73
"HNG",100622,"/Date(1703473603000)/",4130,100,652300,2701000000,30,true,0.73
"HNG",100622,"/Date(1703473603000)/",4130,500,652200,2701000000,30,true,0.73
"HNG",100622,"/Date(1703473603000)/",4130,200,651700,2699000000,30,true,0.73
"HNG",100622,"/Date(1703473603000)/",4130,5000,651500,2698000000,30,true,0.73
"HNG",100622,"/Date(1703473603000)/",4130,3000,646500,2677000000,30,true,0.73
"HNG",100619,"/Date(1703473601000)/",4140,8100,643500,2665000000,40,false,0.98
"HNG",100616,"/Date(1703473596000)/",4140,4000,635400,2631000000,40,false,0.98
"HNG",100616,"/Date(1703473595000)/",4130,2000,631400,2615000000,30,true,0.73
"HNG",100528,"/Date(1703473548000)/",4130,200,629400,2607000000,30,true,0.73
"HNG",100421,"/Date(1703473482000)/",4140,200,629200,2606000000,40,false,0.98
"HNG",100340,"/Date(1703473440000)/",4140,200,629000,2605000000,40,false,0.98
"HNG",100337,"/Date(1703473438000)/",4130,1000,628800,2604000000,30,true,0.73
"HNG",100214,"/Date(1703473353000)/",4140,2300,627800,2600000000,40,false,0.98
"HNG",100139,"/Date(1703473319000)/",4140,20400,625500,2590000000,40,true,0.98
"HNG",100114,"/Date(1703473295000)/",4140,1600,605100,2506000000,40,false,0.98
"HNG",100101,"/Date(1703473282000)/",4140,200,603500,2499000000,40,false,0.98
"HNG",100029,"/Date(1703473249000)/",4140,3700,603300,2499000000,40,false,0.98
"HNG",100029,"/Date(1703473249000)/",4140,800,599600,2483000000,40,false,0.98
"HNG",100007,"/Date(1703473227000)/",4130,700,598800,2480000000,30,true,0.73
"HNG",95958,"/Date(1703473215000)/",4140,200,598100,2477000000,40,false,0.98
"HNG",95958,"/Date(1703473215000)/",4140,300,597900,2476000000,40,false,0.98
"HNG",95935,"/Date(1703473194000)/",4140,500,597600,2475000000,40,false,0.98
"HNG",95910,"/Date(1703473171000)/",4130,2900,597100,2473000000,30,true,0.73
"HNG",95816,"/Date(1703473117000)/",4140,5000,594200,2461000000,40,true,0.98
"HNG",95816,"/Date(1703473117000)/",4140,100,589200,2440000000,40,true,0.98
"HNG",95816,"/Date(1703473117000)/",4140,3900,589100,2440000000,40,true,0.98
"HNG",95810,"/Date(1703473110000)/",4140,5000,585200,2424000000,40,true,0.98
"HNG",95751,"/Date(1703473090000)/",4150,200,580200,2403000000,50,false,1.22
"HNG",95735,"/Date(1703473073000)/",4150,3100,580000,2402000000,50,true,1.22
"HNG",95728,"/Date(1703473069000)/",4150,100,576900,2389000000,50,false,1.22
"HNG",95725,"/Date(1703473063000)/",4150,1900,576800,2389000000,50,false,1.22
"HNG",95725,"/Date(1703473063000)/",4150,300,574900,2381000000,50,false,1.22
"HNG",95725,"/Date(1703473063000)/",4150,5000,574600,2380000000,50,false,1.22
"HNG",95725,"/Date(1703473063000)/",4150,300,569600,2359000000,50,false,1.22
"HNG",95725,"/Date(1703473063000)/",4150,1000,569300,2358000000,50,false,1.22
"HNG",95725,"/Date(1703473063000)/",4150,800,568300,2354000000,50,false,1.22
"HNG",95725,"/Date(1703473063000)/",4150,700,567500,2350000000,50,false,1.22
"HNG",95709,"/Date(1703473048000)/",4150,2000,566800,2347000000,50,false,1.22
"HNG",95706,"/Date(1703473044000)/",4150,5000,564800,2339000000,50,false,1.22
"HNG",95700,"/Date(1703473038000)/",4150,1000,559800,2318000000,50,false,1.22
"HNG",95650,"/Date(1703473028000)/",4150,200,558800,2314000000,50,false,1.22
"HNG",95641,"/Date(1703473018000)/",4150,1100,558600,2313000000,50,false,1.22
"HNG",95641,"/Date(1703473018000)/",4150,900,557500,2309000000,50,false,1.22
"HNG",95628,"/Date(1703473007000)/",4150,2100,556600,2305000000,50,false,1.22
"HNG",95628,"/Date(1703473007000)/",4150,2900,554500,2296000000,50,false,1.22
"HNG",95606,"/Date(1703472984000)/",4150,200,551600,2284000000,50,false,1.22
"HNG",95534,"/Date(1703472951000)/",4150,200,551400,2283000000,50,false,1.22
"HNG",95527,"/Date(1703472947000)/",4150,6700,551200,2283000000,50,false,1.22
"HNG",95527,"/Date(1703472947000)/",4150,2000,544500,2255000000,50,false,1.22
"HNG",95505,"/Date(1703472925000)/",4140,500,542500,2246000000,40,false,0.98
"HNG",95505,"/Date(1703472925000)/",4140,300,542000,2244000000,40,false,0.98
"HNG",95505,"/Date(1703472925000)/",4140,300,541700,2243000000,40,false,0.98
"HNG",95355,"/Date(1703472854000)/",4130,200,541400,2242000000,30,true,0.73
"HNG",95158,"/Date(1703472735000)/",4120,18900,541200,2241000000,20,true,0.49
"HNG",95158,"/Date(1703472735000)/",4120,5000,522300,2163000000,20,true,0.49
"HNG",95158,"/Date(1703472735000)/",4120,100,517300,2143000000,20,true,0.49
"HNG",95158,"/Date(1703472735000)/",4120,1000,517200,2142000000,20,true,0.49
"HNG",95145,"/Date(1703472722000)/",4130,5000,516200,2138000000,30,false,0.73
"HNG",95126,"/Date(1703472704000)/",4130,500,511200,2117000000,30,false,0.73
"HNG",95051,"/Date(1703472669000)/",4130,1000,510700,2115000000,30,true,0.73
"HNG",95051,"/Date(1703472669000)/",4130,1000,509700,2111000000,30,true,0.73
"HNG",95051,"/Date(1703472669000)/",4130,4000,508700,2107000000,30,true,0.73
"HNG",95051,"/Date(1703472669000)/",4130,2000,504700,2091000000,30,true,0.73
"HNG",95051,"/Date(1703472669000)/",4130,1000,502700,2082000000,30,true,0.73
"HNG",95051,"/Date(1703472669000)/",4130,5000,501700,2078000000,30,true,0.73
"HNG",95051,"/Date(1703472669000)/",4130,1900,496700,2058000000,30,true,0.73
"HNG",95051,"/Date(1703472669000)/",4130,100,494800,2050000000,30,true,0.73
"HNG",95038,"/Date(1703472658000)/",4130,3000,494700,2049000000,30,true,0.73
"HNG",95038,"/Date(1703472658000)/",4140,2100,491700,2037000000,40,true,0.98
"HNG",95022,"/Date(1703472642000)/",4140,500,489600,2028000000,40,true,0.98
"HNG",95022,"/Date(1703472641000)/",4140,800,489100,2026000000,40,true,0.98
"HNG",95006,"/Date(1703472625000)/",4140,1600,488300,2023000000,40,true,0.98
"HNG",95006,"/Date(1703472625000)/",4140,9600,486700,2016000000,40,true,0.98
"HNG",95003,"/Date(1703472622000)/",4140,400,477100,1976000000,40,true,0.98
"HNG",95003,"/Date(1703472622000)/",4140,1200,476700,1975000000,40,true,0.98
"HNG",95003,"/Date(1703472622000)/",4140,3400,475500,1970000000,40,true,0.98
"HNG",94954,"/Date(1703472613000)/",4140,2000,472100,1956000000,40,true,0.98
"HNG",94938,"/Date(1703472595000)/",4140,700,470100,1947000000,40,true,0.98
"HNG",94922,"/Date(1703472579000)/",4140,3900,469400,1945000000,40,true,0.98
"HNG",94909,"/Date(1703472567000)/",4150,3000,465500,1928000000,50,false,1.22
"HNG",94828,"/Date(1703472526000)/",4150,15800,462500,1916000000,50,false,1.22
"HNG",94828,"/Date(1703472526000)/",4150,200,446700,1850000000,50,false,1.22
"HNG",94828,"/Date(1703472526000)/",4150,3000,446500,1850000000,50,false,1.22
"HNG",94828,"/Date(1703472526000)/",4150,300,443500,1837000000,50,false,1.22
"HNG",94828,"/Date(1703472526000)/",4150,300,443200,1836000000,50,false,1.22
"HNG",94828,"/Date(1703472526000)/",4150,200,442900,1835000000,50,false,1.22
"HNG",94828,"/Date(1703472526000)/",4150,200,442700,1834000000,50,false,1.22
"HNG",94819,"/Date(1703472515000)/",4150,100,442500,1833000000,50,false,1.22
"HNG",94756,"/Date(1703472494000)/",4150,3300,442400,1833000000,50,false,1.22
"HNG",94737,"/Date(1703472477000)/",4150,2600,439100,1819000000,50,false,1.22
"HNG",94643,"/Date(1703472421000)/",4150,20000,436500,1808000000,50,false,1.22
"HNG",94624,"/Date(1703472402000)/",4140,1000,416500,1725000000,40,true,0.98
"HNG",94621,"/Date(1703472400000)/",4150,3800,415500,1721000000,50,false,1.22
"HNG",94621,"/Date(1703472400000)/",4150,100,411700,1705000000,50,false,1.22
"HNG",94621,"/Date(1703472400000)/",4150,3000,411600,1705000000,50,false,1.22
"HNG",94621,"/Date(1703472400000)/",4150,3000,408600,1692000000,50,false,1.22
"HNG",94621,"/Date(1703472400000)/",4150,100,405600,1680000000,50,false,1.22
"HNG",94521,"/Date(1703472339000)/",4140,9000,405500,1679000000,40,false,0.98
"HNG",94511,"/Date(1703472328000)/",4140,1000,396500,1642000000,40,false,0.98
"HNG",94505,"/Date(1703472322000)/",4140,200,395500,1638000000,40,true,0.98
"HNG",94459,"/Date(1703472317000)/",4150,2900,395300,1637000000,50,false,1.22
"HNG",94459,"/Date(1703472317000)/",4150,3000,392400,1625000000,50,false,1.22
"HNG",94459,"/Date(1703472317000)/",4150,3000,389400,1613000000,50,false,1.22
"HNG",94459,"/Date(1703472317000)/",4150,1000,386400,1600000000,50,false,1.22
"HNG",94459,"/Date(1703472317000)/",4150,100,385400,1596000000,50,false,1.22
"HNG",94345,"/Date(1703472244000)/",4150,20000,385300,1596000000,50,false,1.22
"HNG",94342,"/Date(1703472240000)/",4150,1000,365300,1513000000,50,false,1.22
"HNG",94323,"/Date(1703472221000)/",4150,12300,364300,1509000000,50,false,1.22
"HNG",94304,"/Date(1703472202000)/",4150,1700,352000,1458000000,50,false,1.22
"HNG",94304,"/Date(1703472202000)/",4140,300,350300,1450000000,40,false,0.98
"HNG",94219,"/Date(1703472156000)/",4150,500,350000,1449000000,50,false,1.22
"HNG",94128,"/Date(1703472106000)/",4150,100,349500,1447000000,50,false,1.22
"HNG",94125,"/Date(1703472103000)/",4140,1000,349400,1447000000,40,false,0.98
"HNG",94125,"/Date(1703472103000)/",4140,1000,348400,1443000000,40,false,0.98
"HNG",94125,"/Date(1703472103000)/",4140,8000,347400,1438000000,40,false,0.98
"HNG",94125,"/Date(1703472103000)/",4140,5000,339400,1405000000,40,false,0.98
"HNG",94037,"/Date(1703472055000)/",4150,1000,334400,1385000000,50,false,1.22
"HNG",94009,"/Date(1703472026000)/",4150,500,333400,1380000000,50,false,1.22
"HNG",94009,"/Date(1703472026000)/",4150,2100,332900,1378000000,50,false,1.22
"HNG",94009,"/Date(1703472026000)/",4150,6800,330800,1370000000,50,false,1.22
"HNG",93956,"/Date(1703472013000)/",4150,100,324000,1341000000,50,true,1.22
"HNG",93956,"/Date(1703472013000)/",4160,2000,323900,1341000000,60,false,1.46
"HNG",93928,"/Date(1703471985000)/",4150,1500,321900,1333000000,50,true,1.22
"HNG",93856,"/Date(1703471952000)/",4150,600,320400,1327000000,50,true,1.22
"HNG",93853,"/Date(1703471951000)/",4150,400,319800,1324000000,50,true,1.22
"HNG",93846,"/Date(1703471945000)/",4150,500,319400,1322000000,50,false,1.22
"HNG",93846,"/Date(1703471945000)/",4150,500,318900,1320000000,50,false,1.22
"HNG",93846,"/Date(1703471945000)/",4150,2400,318400,1318000000,50,false,1.22
"HNG",93846,"/Date(1703471945000)/",4150,100,316000,1308000000,50,false,1.22
"HNG",93846,"/Date(1703471945000)/",4150,1000,315900,1308000000,50,false,1.22
"HNG",93846,"/Date(1703471945000)/",4150,300,314900,1304000000,50,false,1.22
"HNG",93846,"/Date(1703471945000)/",4150,300,314600,1302000000,50,false,1.22
"HNG",93846,"/Date(1703471945000)/",4150,3400,314300,1301000000,50,false,1.22
"HNG",93846,"/Date(1703471945000)/",4150,500,310900,1287000000,50,false,1.22
"HNG",93846,"/Date(1703471945000)/",4150,1000,310400,1285000000,50,false,1.22
"HNG",93846,"/Date(1703471945000)/",4150,4600,309400,1281000000,50,false,1.22
"HNG",93815,"/Date(1703471910000)/",4140,1400,304800,1262000000,40,true,0.98
"HNG",93815,"/Date(1703471910000)/",4140,600,303400,1256000000,40,true,0.98
"HNG",93811,"/Date(1703471909000)/",4150,100,302800,1254000000,50,false,1.22
"HNG",93740,"/Date(1703471877000)/",4140,2300,302700,1253000000,40,false,0.98
"HNG",93733,"/Date(1703471872000)/",4140,500,300400,1244000000,40,true,0.98
"HNG",93733,"/Date(1703471872000)/",4140,2000,299900,1241000000,40,true,0.98
"HNG",93733,"/Date(1703471872000)/",4140,500,297900,1233000000,40,true,0.98
"HNG",93733,"/Date(1703471872000)/",4140,1600,297400,1231000000,40,true,0.98
"HNG",93733,"/Date(1703471872000)/",4140,500,295800,1225000000,40,true,0.98
"HNG",93733,"/Date(1703471872000)/",4140,2600,295300,1222000000,40,true,0.98
"HNG",93708,"/Date(1703471844000)/",4140,2000,292700,1212000000,40,true,0.98
"HNG",93636,"/Date(1703471814000)/",4140,1000,290700,1203000000,40,true,0.98
"HNG",93623,"/Date(1703471801000)/",4150,4300,289700,1199000000,50,false,1.22
"HNG",93623,"/Date(1703471801000)/",4150,300,285400,1181000000,50,false,1.22
"HNG",93623,"/Date(1703471801000)/",4150,600,285100,1180000000,50,false,1.22
"HNG",93623,"/Date(1703471801000)/",4150,500,284500,1178000000,50,false,1.22
"HNG",93623,"/Date(1703471801000)/",4150,1300,284000,1176000000,50,false,1.22
"HNG",93623,"/Date(1703471801000)/",4150,500,282700,1170000000,50,false,1.22
"HNG",93623,"/Date(1703471801000)/",4150,1900,282200,1168000000,50,false,1.22
"HNG",93623,"/Date(1703471801000)/",4150,100,280300,1160000000,50,false,1.22
"HNG",93623,"/Date(1703471801000)/",4150,500,280200,1160000000,50,false,1.22
"HNG",93539,"/Date(1703471755000)/",4150,100,279700,1158000000,50,false,1.22
"HNG",93533,"/Date(1703471749000)/",4140,14400,279600,1157000000,40,true,0.98
"HNG",93523,"/Date(1703471740000)/",4140,5100,265200,1098000000,40,false,0.98
"HNG",93504,"/Date(1703471720000)/",4140,200,260100,1077000000,40,false,0.98
"HNG",93504,"/Date(1703471720000)/",4140,1100,259900,1076000000,40,false,0.98
"HNG",93410,"/Date(1703471666000)/",4140,3900,258800,1071000000,40,false,0.98
"HNG",93332,"/Date(1703471628000)/",4140,200,254900,1055000000,40,true,0.98
"HNG",93329,"/Date(1703471626000)/",4140,900,254700,1054000000,40,false,0.98
"HNG",93307,"/Date(1703471605000)/",4140,6400,253800,1051000000,40,true,0.98
"HNG",93307,"/Date(1703471603000)/",4140,1200,247400,1024000000,40,true,0.98
"HNG",93307,"/Date(1703471603000)/",4140,1500,246200,1019000000,40,true,0.98
"HNG",93251,"/Date(1703471587000)/",4140,500,244700,1013000000,40,false,0.98
"HNG",93248,"/Date(1703471585000)/",4140,500,244200,1011000000,40,false,0.98
"HNG",93245,"/Date(1703471581000)/",4140,1000,243700,1009000000,40,true,0.98
"HNG",93226,"/Date(1703471560000)/",4150,100,242700,1005000000,50,false,1.22
"HNG",93200,"/Date(1703471537000)/",4140,100,242600,1004000000,40,false,0.98
"HNG",93151,"/Date(1703471528000)/",4140,200,242500,1004000000,40,false,0.98
"HNG",93151,"/Date(1703471528000)/",4140,5000,242300,1003000000,40,false,0.98
"HNG",93151,"/Date(1703471528000)/",4140,1000,237300,982000000,40,false,0.98
"HNG",93151,"/Date(1703471528000)/",4140,2600,236300,978000000,40,false,0.98
"HNG",93047,"/Date(1703471465000)/",4140,1700,233700,967000000,40,false,0.98
"HNG",93044,"/Date(1703471461000)/",4140,3500,232000,960000000,40,false,0.98
"HNG",93025,"/Date(1703471441000)/",4140,1300,228500,946000000,40,false,0.98
"HNG",92944,"/Date(1703471402000)/",4140,500,227200,940000000,40,false,0.98
"HNG",92922,"/Date(1703471378000)/",4140,100,226700,938000000,40,false,0.98
"HNG",92922,"/Date(1703471378000)/",4140,300,226600,938000000,40,false,0.98
"HNG",92844,"/Date(1703471339000)/",4140,200,226300,937000000,40,false,0.98
"HNG",92809,"/Date(1703471306000)/",4120,5500,226100,936000000,20,false,0.49
"HNG",92809,"/Date(1703471305000)/",4120,100,220600,913000000,20,false,0.49
"HNG",92800,"/Date(1703471295000)/",4120,1000,220500,913000000,20,false,0.49
"HNG",92756,"/Date(1703471292000)/",4110,100,219500,909000000,10,true,0.24
"HNG",92750,"/Date(1703471287000)/",4120,500,219400,908000000,20,false,0.49
"HNG",92709,"/Date(1703471246000)/",4110,2100,218900,906000000,10,true,0.24
"HNG",92709,"/Date(1703471246000)/",4110,4000,216800,898000000,10,true,0.24
"HNG",92709,"/Date(1703471246000)/",4110,800,212800,881000000,10,true,0.24
"HNG",92709,"/Date(1703471246000)/",4110,500,212000,878000000,10,true,0.24
"HNG",92709,"/Date(1703471246000)/",4110,3000,211500,876000000,10,true,0.24
"HNG",92709,"/Date(1703471246000)/",4110,500,208500,863000000,10,true,0.24
"HNG",92709,"/Date(1703471246000)/",4110,200,208000,861000000,10,true,0.24
"HNG",92709,"/Date(1703471245000)/",4110,200,207800,861000000,10,true,0.24
"HNG",92656,"/Date(1703471231000)/",4110,1200,207600,860000000,10,true,0.24
"HNG",92656,"/Date(1703471231000)/",4110,30000,206400,855000000,10,true,0.24
"HNG",92656,"/Date(1703471231000)/",4110,200,176400,732000000,10,true,0.24
"HNG",92656,"/Date(1703471231000)/",4110,8600,176200,731000000,10,true,0.24
"HNG",92640,"/Date(1703471216000)/",4120,100,167600,695000000,20,true,0.49
"HNG",92640,"/Date(1703471216000)/",4120,500,167500,695000000,20,true,0.49
"HNG",92640,"/Date(1703471216000)/",4120,20000,167000,693000000,20,true,0.49
"HNG",92640,"/Date(1703471216000)/",4120,300,147000,610000000,20,true,0.49
"HNG",92640,"/Date(1703471216000)/",4120,100,146700,609000000,20,true,0.49
"HNG",92640,"/Date(1703471216000)/",4120,3000,146600,609000000,20,true,0.49
"HNG",92640,"/Date(1703471216000)/",4120,400,143600,596000000,20,true,0.49
"HNG",92628,"/Date(1703471204000)/",4130,3500,143200,595000000,30,false,0.73
"HNG",92621,"/Date(1703471197000)/",4130,100,139700,580000000,30,true,0.73
"HNG",92621,"/Date(1703471197000)/",4130,1300,139600,580000000,30,true,0.73
"HNG",92621,"/Date(1703471197000)/",4130,500,138300,575000000,30,true,0.73
"HNG",92621,"/Date(1703471197000)/",4130,500,137800,573000000,30,true,0.73
"HNG",92621,"/Date(1703471197000)/",4130,500,137300,570000000,30,true,0.73
"HNG",92621,"/Date(1703471197000)/",4130,100,136800,568000000,30,true,0.73
"HNG",92605,"/Date(1703471182000)/",4140,100,136700,568000000,40,false,0.98
"HNG",92553,"/Date(1703471168000)/",4140,200,136600,568000000,40,true,0.98
"HNG",92421,"/Date(1703471077000)/",4150,200,136400,567000000,50,false,1.22
"HNG",92421,"/Date(1703471077000)/",4150,200,136200,566000000,50,false,1.22
"HNG",92418,"/Date(1703471074000)/",4150,100,136000,565000000,50,true,1.22
"HNG",92408,"/Date(1703471064000)/",4150,1000,135900,565000000,50,true,1.22
"HNG",92405,"/Date(1703471060000)/",4150,4000,134900,561000000,50,true,1.22
"HNG",92405,"/Date(1703471060000)/",4150,700,130900,544000000,50,true,1.22
"HNG",92402,"/Date(1703471059000)/",4150,200,130200,541000000,50,true,1.22
"HNG",92349,"/Date(1703471046000)/",4150,1000,130000,540000000,50,true,1.22
"HNG",92327,"/Date(1703471023000)/",4150,1000,129000,536000000,50,true,1.22
"HNG",92314,"/Date(1703471011000)/",4150,1800,128000,532000000,50,true,1.22
"HNG",92259,"/Date(1703470994000)/",4150,100,126200,524000000,50,true,1.22
"HNG",92259,"/Date(1703470993000)/",4150,100,126100,524000000,50,true,1.22
"HNG",92246,"/Date(1703470981000)/",4150,1000,126000,524000000,50,true,1.22
"HNG",92240,"/Date(1703470974000)/",4150,100,125000,519000000,50,true,1.22
"HNG",92233,"/Date(1703470969000)/",4150,700,124900,519000000,50,true,1.22
"HNG",92227,"/Date(1703470963000)/",4160,2000,124200,516000000,60,false,1.46
"HNG",92221,"/Date(1703470955000)/",4150,2000,122200,508000000,50,true,1.22
"HNG",92211,"/Date(1703470945000)/",4150,500,120200,499000000,50,true,1.22
"HNG",92208,"/Date(1703470943000)/",4150,7000,119700,497000000,50,true,1.22
"HNG",92155,"/Date(1703470932000)/",4150,100,112700,468000000,50,false,1.22
"HNG",92155,"/Date(1703470932000)/",4150,500,112600,468000000,50,false,1.22
"HNG",92149,"/Date(1703470925000)/",4150,3600,112100,466000000,50,false,1.22
"HNG",92143,"/Date(1703470917000)/",4150,800,108500,451000000,50,false,1.22
"HNG",92133,"/Date(1703470908000)/",4150,100,107700,448000000,50,true,1.22
"HNG",92121,"/Date(1703470897000)/",4150,500,107600,447000000,50,false,1.22
"HNG",92105,"/Date(1703470880000)/",4160,500,107100,445000000,60,false,1.46
"HNG",92105,"/Date(1703470880000)/",4160,2000,106600,443000000,60,false,1.46
"HNG",92105,"/Date(1703470880000)/",4160,3000,104600,435000000,60,false,1.46
"HNG",92105,"/Date(1703470880000)/",4160,14500,101600,422000000,60,false,1.46
"HNG",92052,"/Date(1703470868000)/",4160,500,87100,362000000,60,true,1.46
"HNG",92046,"/Date(1703470862000)/",4160,7200,86600,360000000,60,true,1.46
"HNG",92046,"/Date(1703470862000)/",4160,200,79400,330000000,60,true,1.46
"HNG",92046,"/Date(1703470862000)/",4160,2600,79200,329000000,60,true,1.46
"HNG",92040,"/Date(1703470853000)/",4160,1400,76600,318000000,60,true,1.46
"HNG",92040,"/Date(1703470853000)/",4160,4600,75200,312000000,60,true,1.46
"HNG",92011,"/Date(1703470826000)/",4160,100,70600,293000000,60,true,1.46
"HNG",92008,"/Date(1703470822000)/",4160,200,70500,293000000,60,true,1.46
"HNG",91936,"/Date(1703470792000)/",4160,500,70300,292000000,60,true,1.46
"HNG",91936,"/Date(1703470791000)/",4160,4600,69800,290000000,60,true,1.46
"HNG",91936,"/Date(1703470791000)/",4160,500,65200,271000000,60,true,1.46
"HNG",91936,"/Date(1703470791000)/",4160,2900,64700,269000000,60,true,1.46
"HNG",91927,"/Date(1703470782000)/",4160,700,61800,257000000,60,true,1.46
"HNG",91914,"/Date(1703470771000)/",4170,200,61100,254000000,70,false,1.71
"HNG",91849,"/Date(1703470743000)/",4160,2200,60900,253000000,60,true,1.46
"HNG",91846,"/Date(1703470740000)/",4170,100,58700,244000000,70,false,1.71
"HNG",91836,"/Date(1703470730000)/",4160,200,58600,243000000,60,true,1.46
"HNG",91827,"/Date(1703470720000)/",4170,1900,58400,243000000,70,false,1.71
"HNG",91827,"/Date(1703470720000)/",4170,8100,56500,235000000,70,false,1.71
"HNG",91755,"/Date(1703470691000)/",4170,10000,48400,201000000,70,false,1.71
"HNG",91752,"/Date(1703470687000)/",4160,1000,38400,159000000,60,true,1.46
"HNG",91749,"/Date(1703470684000)/",4160,2000,37400,155000000,60,true,1.46
"HNG",91742,"/Date(1703470676000)/",4170,10000,35400,147000000,70,true,1.71
"HNG",91742,"/Date(1703470676000)/",4170,1900,25400,105000000,70,true,1.71
"HNG",91739,"/Date(1703470674000)/",4170,100,23500,97000000,70,true,1.71
"HNG",91739,"/Date(1703470674000)/",4170,500,23400,97000000,70,true,1.71
"HNG",91739,"/Date(1703470674000)/",4170,500,22900,95000000,70,true,1.71
"HNG",91736,"/Date(1703470670000)/",4170,500,22400,92000000,70,true,1.71
"HNG",91730,"/Date(1703470665000)/",4170,500,21900,90000000,70,true,1.71
"HNG",91730,"/Date(1703470664000)/",4170,100,21400,88000000,70,true,1.71
"HNG",91727,"/Date(1703470663000)/",4170,700,21300,88000000,70,true,1.71
"HNG",91720,"/Date(1703470656000)/",4170,1000,20600,85000000,70,true,1.71
"HNG",91708,"/Date(1703470642000)/",4170,1000,19600,81000000,70,true,1.71
"HNG",91655,"/Date(1703470631000)/",4170,1000,18600,77000000,70,true,1.71
"HNG",91655,"/Date(1703470631000)/",4170,200,17600,72000000,70,true,1.71
"HNG",91646,"/Date(1703470620000)/",4170,1300,17400,72000000,70,true,1.71
"HNG",91636,"/Date(1703470610000)/",4170,1000,16100,66000000,70,true,1.71
"HNG",91636,"/Date(1703470610000)/",4170,1000,15100,62000000,70,true,1.71
"HNG",91636,"/Date(1703470610000)/",4170,200,14100,58000000,70,true,1.71
"HNG",91636,"/Date(1703470610000)/",4170,500,13900,57000000,70,true,1.71
"HNG",91636,"/Date(1703470610000)/",4170,400,13400,55000000,70,true,1.71
"HNG",91611,"/Date(1703470587000)/",4160,500,13000,53000000,60,true,1.46
"HNG",91611,"/Date(1703470587000)/",4160,300,12500,51000000,60,true,1.46
"HNG",91555,"/Date(1703470571000)/",4150,1000,12200,50000000,50,true,1.22
"HNG",91552,"/Date(1703470566000)/",4140,300,11200,46000000,40,false,0.98
"HNG",91549,"/Date(1703470564000)/",4140,1000,10900,45000000,40,false,0.98
"HNG",91543,"/Date(1703470557000)/",4150,1000,9900,40000000,50,false,1.22
"HNG",91543,"/Date(1703470557000)/",4150,200,8900,36000000,50,false,1.22
"HNG",91543,"/Date(1703470557000)/",4150,100,8700,35000000,50,false,1.22
"HNG",91543,"/Date(1703470557000)/",4150,1000,8600,35000000,50,false,1.22
"HNG",91543,"/Date(1703470557000)/",4150,300,7600,31000000,50,false,1.22
"HNG",91543,"/Date(1703470557000)/",4150,200,7300,30000000,50,false,1.22
"HNG",91543,"/Date(1703470557000)/",4150,500,7100,29000000,50,false,1.22
"HNG",91543,"/Date(1703470557000)/",4150,300,6600,27000000,50,false,1.22
"HNG",91543,"/Date(1703470557000)/",4150,100,6300,25000000,50,false,1.22
"HNG",91530,"/Date(1703470545000)/",4140,500,6200,25000000,40,false,0.98
"HNG",91530,"/Date(1703470545000)/",4140,200,5700,23000000,40,false,0.98
"HNG",91530,"/Date(1703470545000)/",4140,100,5500,22000000,40,false,0.98
"HNG",91530,"/Date(1703470545000)/",4140,500,5400,22000000,40,false,0.98
"HNG",91515,"/Date(1703470528000)/",4120,100,4900,20000000,20,false,0.49
"HNG",91515,"/Date(1703470528000)/",4120,100,4800,19000000,20,false,0.49
"HNG",91515,"/Date(1703470528000)/",4120,300,4700,19000000,20,false,0.49
"HNG",91446,"/Date(1703470501000)/",4110,4400,4400,18000000,10,true,0.24
