"Stockcode","Package","TradingDate","Price","Vol","TotalVol","TotalVal","Change","IsBuy","PerChange"
"SCR",144420,"/Date(1703490301000)/",7210,550400,2316400,16664000000,80,false,1.12
"SCR",142901,"/Date(1703489390000)/",7240,600,1766000,12696000000,110,true,1.54
"SCR",142858,"/Date(1703489385000)/",7240,200,1765400,12691000000,110,true,1.54
"SCR",142855,"/Date(1703489381000)/",7240,2000,1765200,12690000000,110,true,1.54
"SCR",142852,"/Date(1703489379000)/",7240,2000,1763200,12675000000,110,true,1.54
"SCR",142849,"/Date(1703489376000)/",7240,2000,1761200,12661000000,110,true,1.54
"SCR",142849,"/Date(1703489375000)/",7240,500,1759200,12646000000,110,true,1.54
"SCR",142845,"/Date(1703489372000)/",7240,300,1758700,12643000000,110,false,1.54
"SCR",142845,"/Date(1703489371000)/",7240,200,1758400,12641000000,110,false,1.54
"SCR",142845,"/Date(1703489371000)/",7240,100,1758200,12639000000,110,false,1.54
"SCR",142845,"/Date(1703489371000)/",7240,500,1758100,12638000000,110,false,1.54
"SCR",142845,"/Date(1703489371000)/",7240,1200,1757600,12635000000,110,false,1.54
"SCR",142842,"/Date(1703489370000)/",7240,10000,1756400,12626000000,110,false,1.54
"SCR",142836,"/Date(1703489364000)/",7240,800,1746400,12554000000,110,false,1.54
"SCR",142836,"/Date(1703489364000)/",7240,100,1745600,12548000000,110,false,1.54
"SCR",142836,"/Date(1703489364000)/",7240,100,1745500,12547000000,110,false,1.54
"SCR",142836,"/Date(1703489364000)/",7240,500,1745400,12547000000,110,false,1.54
"SCR",142836,"/Date(1703489364000)/",7240,1000,1744900,12543000000,110,false,1.54
"SCR",142836,"/Date(1703489364000)/",7240,200,1743900,12536000000,110,false,1.54
"SCR",142836,"/Date(1703489364000)/",7240,100,1743700,12534000000,110,false,1.54
"SCR",142836,"/Date(1703489364000)/",7240,1500,1743600,12534000000,110,false,1.54
"SCR",142836,"/Date(1703489364000)/",7240,700,1742100,12523000000,110,false,1.54
"SCR",142836,"/Date(1703489362000)/",7240,100,1741400,12518000000,110,false,1.54
"SCR",142823,"/Date(1703489350000)/",7230,500,1741300,12517000000,100,true,1.4
"SCR",142820,"/Date(1703489346000)/",7230,3200,1740800,12513000000,100,true,1.4
"SCR",142814,"/Date(1703489341000)/",7230,1000,1737600,12490000000,100,true,1.4
"SCR",142814,"/Date(1703489341000)/",7230,500,1736600,12483000000,100,true,1.4
"SCR",142814,"/Date(1703489341000)/",7230,1000,1736100,12479000000,100,true,1.4
"SCR",142814,"/Date(1703489341000)/",7230,5000,1735100,12472000000,100,true,1.4
"SCR",142814,"/Date(1703489341000)/",7230,1000,1730100,12436000000,100,true,1.4
"SCR",142814,"/Date(1703489341000)/",7230,3000,1729100,12429000000,100,true,1.4
"SCR",142814,"/Date(1703489341000)/",7230,1800,1726100,12407000000,100,true,1.4
"SCR",142814,"/Date(1703489341000)/",7230,100,1724300,12394000000,100,true,1.4
"SCR",142814,"/Date(1703489341000)/",7230,1100,1724200,12393000000,100,true,1.4
"SCR",142814,"/Date(1703489340000)/",7220,1000,1723100,12385000000,90,true,1.26
"SCR",142807,"/Date(1703489334000)/",7220,200,1722100,12378000000,90,true,1.26
"SCR",142804,"/Date(1703489330000)/",7230,1900,1721900,12377000000,100,false,1.4
"SCR",142804,"/Date(1703489330000)/",7230,100,1720000,12363000000,100,false,1.4
"SCR",142758,"/Date(1703489325000)/",7220,300,1719900,12362000000,90,true,1.26
"SCR",142758,"/Date(1703489325000)/",7220,3500,1719600,12360000000,90,true,1.26
"SCR",142758,"/Date(1703489325000)/",7220,1000,1716100,12335000000,90,true,1.26
"SCR",142758,"/Date(1703489325000)/",7220,100,1715100,12327000000,90,true,1.26
"SCR",142758,"/Date(1703489325000)/",7220,100,1715000,12327000000,90,true,1.26
"SCR",142758,"/Date(1703489325000)/",7220,100,1714900,12326000000,90,true,1.26
"SCR",142758,"/Date(1703489325000)/",7220,1000,1714800,12325000000,90,true,1.26
"SCR",142758,"/Date(1703489325000)/",7220,1000,1713800,12318000000,90,true,1.26
"SCR",142758,"/Date(1703489325000)/",7220,100,1712800,12311000000,90,true,1.26
"SCR",142758,"/Date(1703489325000)/",7220,100,1712700,12310000000,90,true,1.26
"SCR",142758,"/Date(1703489325000)/",7220,400,1712600,12309000000,90,true,1.26
"SCR",142758,"/Date(1703489325000)/",7220,1000,1712200,12307000000,90,true,1.26
"SCR",142758,"/Date(1703489325000)/",7220,3000,1711200,12299000000,90,true,1.26
"SCR",142758,"/Date(1703489325000)/",7220,1000,1708200,12278000000,90,true,1.26
"SCR",142758,"/Date(1703489325000)/",7220,8200,1707200,12270000000,90,true,1.26
"SCR",142745,"/Date(1703489311000)/",7220,1800,1699000,12211000000,90,false,1.26
"SCR",142745,"/Date(1703489311000)/",7220,3200,1697200,12198000000,90,false,1.26
"SCR",142726,"/Date(1703489293000)/",7220,200,1694000,12175000000,90,false,1.26
"SCR",142726,"/Date(1703489293000)/",7220,2800,1693800,12174000000,90,false,1.26
"SCR",142726,"/Date(1703489292000)/",7210,2600,1691000,12153000000,80,true,1.12
"SCR",142710,"/Date(1703489277000)/",7220,100,1688400,12135000000,90,false,1.26
"SCR",142700,"/Date(1703489266000)/",7220,100,1688300,12134000000,90,false,1.26
"SCR",142700,"/Date(1703489266000)/",7220,1000,1688200,12133000000,90,false,1.26
"SCR",142700,"/Date(1703489266000)/",7220,100,1687200,12126000000,90,false,1.26
"SCR",142700,"/Date(1703489266000)/",7220,500,1687100,12125000000,90,false,1.26
"SCR",142700,"/Date(1703489266000)/",7220,100,1686600,12122000000,90,false,1.26
"SCR",142700,"/Date(1703489266000)/",7220,100,1686500,12121000000,90,false,1.26
"SCR",142700,"/Date(1703489266000)/",7220,100,1686400,12120000000,90,false,1.26
"SCR",142641,"/Date(1703489248000)/",7210,3900,1686300,12120000000,80,true,1.12
"SCR",142635,"/Date(1703489242000)/",7210,1500,1682400,12091000000,80,true,1.12
"SCR",142635,"/Date(1703489242000)/",7210,100,1680900,12081000000,80,true,1.12
"SCR",142635,"/Date(1703489242000)/",7210,2000,1680800,12080000000,80,true,1.12
"SCR",142635,"/Date(1703489242000)/",7210,48900,1678800,12066000000,80,true,1.12
"SCR",142635,"/Date(1703489241000)/",7210,1100,1629900,11713000000,80,true,1.12
"SCR",142635,"/Date(1703489241000)/",7210,1900,1628800,11705000000,80,true,1.12
"SCR",142631,"/Date(1703489239000)/",7210,1000,1626900,11691000000,80,false,1.12
"SCR",142631,"/Date(1703489238000)/",7210,300,1625900,11684000000,80,false,1.12
"SCR",142625,"/Date(1703489231000)/",7210,1600,1625600,11682000000,80,false,1.12
"SCR",142622,"/Date(1703489227000)/",7210,200,1624000,11670000000,80,false,1.12
"SCR",142622,"/Date(1703489227000)/",7210,1000,1623800,11669000000,80,false,1.12
"SCR",142622,"/Date(1703489227000)/",7210,200,1622800,11662000000,80,false,1.12
"SCR",142622,"/Date(1703489227000)/",7210,500,1622600,11660000000,80,false,1.12
"SCR",142622,"/Date(1703489227000)/",7210,100,1622100,11657000000,80,false,1.12
"SCR",142622,"/Date(1703489227000)/",7210,5000,1622000,11656000000,80,false,1.12
"SCR",142622,"/Date(1703489227000)/",7210,5000,1617000,11620000000,80,false,1.12
"SCR",142622,"/Date(1703489227000)/",7210,2000,1612000,11584000000,80,false,1.12
"SCR",142606,"/Date(1703489214000)/",7200,100,1610000,11569000000,70,true,0.98
"SCR",142606,"/Date(1703489214000)/",7200,300,1609900,11569000000,70,true,0.98
"SCR",142534,"/Date(1703489182000)/",7200,10000,1609600,11567000000,70,false,0.98
"SCR",142534,"/Date(1703489182000)/",7200,5000,1599600,11495000000,70,false,0.98
"SCR",142534,"/Date(1703489182000)/",7200,2000,1594600,11459000000,70,false,0.98
"SCR",142534,"/Date(1703489182000)/",7200,100,1592600,11444000000,70,false,0.98
"SCR",142534,"/Date(1703489180000)/",7200,1500,1592500,11443000000,70,false,0.98
"SCR",142531,"/Date(1703489177000)/",7200,8400,1591000,11433000000,70,false,0.98
"SCR",142531,"/Date(1703489177000)/",7200,100,1582600,11372000000,70,false,0.98
"SCR",142531,"/Date(1703489177000)/",7200,2000,1582500,11371000000,70,false,0.98
"SCR",142531,"/Date(1703489177000)/",7200,100,1580500,11357000000,70,false,0.98
"SCR",142531,"/Date(1703489177000)/",7200,2200,1580400,11356000000,70,false,0.98
"SCR",142524,"/Date(1703489171000)/",7200,1000,1578200,11341000000,70,false,0.98
"SCR",142521,"/Date(1703489169000)/",7200,10000,1577200,11333000000,70,false,0.98
"SCR",142521,"/Date(1703489166000)/",7200,2000,1567200,11261000000,70,false,0.98
"SCR",142518,"/Date(1703489165000)/",7200,5000,1565200,11247000000,70,false,0.98
"SCR",142515,"/Date(1703489161000)/",7200,10000,1560200,11211000000,70,false,0.98
"SCR",142515,"/Date(1703489160000)/",7200,500,1550200,11139000000,70,false,0.98
"SCR",142511,"/Date(1703489159000)/",7200,3000,1549700,11135000000,70,false,0.98
"SCR",142508,"/Date(1703489157000)/",7200,10000,1546700,11114000000,70,false,0.98
"SCR",142505,"/Date(1703489153000)/",7200,6300,1536700,11042000000,70,false,0.98
"SCR",142505,"/Date(1703489153000)/",7200,100,1530400,10996000000,70,false,0.98
"SCR",142505,"/Date(1703489153000)/",7200,200,1530300,10996000000,70,false,0.98
"SCR",142505,"/Date(1703489153000)/",7200,1000,1530100,10994000000,70,false,0.98
"SCR",142505,"/Date(1703489153000)/",7200,2900,1529100,10987000000,70,false,0.98
"SCR",142502,"/Date(1703489149000)/",7200,2100,1526200,10966000000,70,false,0.98
"SCR",142502,"/Date(1703489149000)/",7200,100,1524100,10951000000,70,false,0.98
"SCR",142502,"/Date(1703489149000)/",7200,300,1524000,10950000000,70,false,0.98
"SCR",142336,"/Date(1703489062000)/",7190,800,1523700,10948000000,60,true,0.84
"SCR",142332,"/Date(1703489058000)/",7190,200,1522900,10942000000,60,true,0.84
"SCR",142332,"/Date(1703489058000)/",7190,300,1522700,10941000000,60,true,0.84
"SCR",142316,"/Date(1703489037000)/",7190,2200,1522400,10939000000,60,true,0.84
"SCR",142316,"/Date(1703489037000)/",7190,100,1520200,10923000000,60,true,0.84
"SCR",142316,"/Date(1703489037000)/",7190,2000,1520100,10922000000,60,true,0.84
"SCR",142316,"/Date(1703489037000)/",7190,2000,1518100,10908000000,60,true,0.84
"SCR",142316,"/Date(1703489037000)/",7190,3700,1516100,10893000000,60,true,0.84
"SCR",142238,"/Date(1703489005000)/",7190,16300,1512400,10867000000,60,true,0.84
"SCR",142238,"/Date(1703489005000)/",7190,1000,1496100,10750000000,60,true,0.84
"SCR",142238,"/Date(1703489005000)/",7190,100,1495100,10742000000,60,true,0.84
"SCR",142238,"/Date(1703489005000)/",7190,2600,1495000,10742000000,60,true,0.84
"SCR",142206,"/Date(1703488974000)/",7200,11000,1492400,10723000000,70,false,0.98
"SCR",142206,"/Date(1703488974000)/",7200,500,1481400,10644000000,70,false,0.98
"SCR",142206,"/Date(1703488974000)/",7200,500,1480900,10640000000,70,false,0.98
"SCR",142206,"/Date(1703488974000)/",7200,100,1480400,10637000000,70,false,0.98
"SCR",142206,"/Date(1703488974000)/",7200,100,1480300,10636000000,70,false,0.98
"SCR",142206,"/Date(1703488974000)/",7200,15800,1480200,10635000000,70,false,0.98
"SCR",142140,"/Date(1703488946000)/",7190,2400,1464400,10521000000,60,true,0.84
"SCR",142140,"/Date(1703488946000)/",7190,2000,1462000,10504000000,60,true,0.84
"SCR",142140,"/Date(1703488946000)/",7190,600,1460000,10490000000,60,true,0.84
"SCR",142118,"/Date(1703488924000)/",7200,100,1459400,10486000000,70,false,0.98
"SCR",142059,"/Date(1703488904000)/",7190,100,1459300,10485000000,60,true,0.84
"SCR",142040,"/Date(1703488888000)/",7190,1000,1459200,10484000000,60,true,0.84
"SCR",142020,"/Date(1703488868000)/",7190,300,1458200,10477000000,60,true,0.84
"SCR",142020,"/Date(1703488868000)/",7190,2400,1457900,10475000000,60,true,0.84
"SCR",142014,"/Date(1703488861000)/",7190,300,1455500,10457000000,60,true,0.84
"SCR",142011,"/Date(1703488857000)/",7200,200,1455200,10455000000,70,false,0.98
"SCR",142008,"/Date(1703488853000)/",7200,100,1455000,10454000000,70,false,0.98
"SCR",142004,"/Date(1703488849000)/",7190,900,1454900,10453000000,60,true,0.84
"SCR",142001,"/Date(1703488849000)/",7190,3000,1454000,10447000000,60,true,0.84
"SCR",141942,"/Date(1703488830000)/",7190,3400,1451000,10425000000,60,true,0.84
"SCR",141942,"/Date(1703488830000)/",7190,500,1447600,10401000000,60,true,0.84
"SCR",141942,"/Date(1703488830000)/",7190,1000,1447100,10397000000,60,true,0.84
"SCR",141942,"/Date(1703488830000)/",7190,1100,1446100,10390000000,60,true,0.84
"SCR",141929,"/Date(1703488816000)/",7190,600,1445000,10382000000,60,true,0.84
"SCR",141929,"/Date(1703488816000)/",7190,500,1444400,10378000000,60,true,0.84
"SCR",141929,"/Date(1703488816000)/",7190,4900,1443900,10374000000,60,true,0.84
"SCR",141851,"/Date(1703488777000)/",7190,100,1439000,10339000000,60,true,0.84
"SCR",141851,"/Date(1703488777000)/",7190,900,1438900,10338000000,60,true,0.84
"SCR",141848,"/Date(1703488773000)/",7200,30000,1438000,10332000000,70,false,0.98
"SCR",141816,"/Date(1703488743000)/",7200,3800,1408000,10116000000,70,false,0.98
"SCR",141816,"/Date(1703488743000)/",7200,200,1404200,10088000000,70,false,0.98
"SCR",141816,"/Date(1703488743000)/",7200,1000,1404000,10087000000,70,false,0.98
"SCR",141750,"/Date(1703488717000)/",7200,4000,1403000,10080000000,70,false,0.98
"SCR",141750,"/Date(1703488717000)/",7200,1000,1399000,10051000000,70,false,0.98
"SCR",141653,"/Date(1703488659000)/",7190,100,1398000,10044000000,60,true,0.84
"SCR",141530,"/Date(1703488575000)/",7190,4000,1397900,10043000000,60,false,0.84
"SCR",141530,"/Date(1703488575000)/",7190,28500,1393900,10014000000,60,false,0.84
"SCR",141517,"/Date(1703488562000)/",7190,900,1365400,9809000000,60,false,0.84
"SCR",141458,"/Date(1703488542000)/",7180,2400,1364500,9803000000,50,true,0.7
"SCR",141448,"/Date(1703488535000)/",7180,7400,1362100,9786000000,50,true,0.7
"SCR",141448,"/Date(1703488535000)/",7180,100,1354700,9732000000,50,true,0.7
"SCR",141448,"/Date(1703488535000)/",7180,1000,1354600,9732000000,50,true,0.7
"SCR",141416,"/Date(1703488501000)/",7180,2200,1353600,9725000000,50,true,0.7
"SCR",141416,"/Date(1703488501000)/",7180,3300,1351400,9709000000,50,true,0.7
"SCR",141416,"/Date(1703488501000)/",7180,5000,1348100,9685000000,50,true,0.7
"SCR",141416,"/Date(1703488501000)/",7180,100,1343100,9649000000,50,true,0.7
"SCR",141416,"/Date(1703488501000)/",7180,2600,1343000,9648000000,50,true,0.7
"SCR",141416,"/Date(1703488501000)/",7180,500,1340400,9630000000,50,true,0.7
"SCR",141416,"/Date(1703488501000)/",7180,2300,1339900,9626000000,50,true,0.7
"SCR",141253,"/Date(1703488417000)/",7190,500,1337600,9610000000,60,false,0.84
"SCR",141253,"/Date(1703488417000)/",7190,900,1337100,9606000000,60,false,0.84
"SCR",141244,"/Date(1703488409000)/",7190,100,1336200,9600000000,60,false,0.84
"SCR",141231,"/Date(1703488397000)/",7190,900,1336100,9599000000,60,true,0.84
"SCR",141159,"/Date(1703488365000)/",7190,2500,1335200,9592000000,60,true,0.84
"SCR",141159,"/Date(1703488365000)/",7190,500,1332700,9574000000,60,true,0.84
"SCR",141045,"/Date(1703488291000)/",7190,500,1332200,9571000000,60,true,0.84
"SCR",141045,"/Date(1703488291000)/",7190,1500,1331700,9567000000,60,true,0.84
"SCR",141007,"/Date(1703488254000)/",7190,300,1330200,9556000000,60,true,0.84
"SCR",141007,"/Date(1703488253000)/",7200,4000,1329900,9554000000,70,false,0.98
"SCR",140951,"/Date(1703488236000)/",7190,400,1325900,9525000000,60,true,0.84
"SCR",140948,"/Date(1703488234000)/",7190,5000,1325500,9523000000,60,true,0.84
"SCR",140945,"/Date(1703488229000)/",7190,5100,1320500,9487000000,60,true,0.84
"SCR",140945,"/Date(1703488229000)/",7190,4900,1315400,9450000000,60,true,0.84
"SCR",140926,"/Date(1703488211000)/",7190,100,1310500,9415000000,60,true,0.84
"SCR",140919,"/Date(1703488206000)/",7190,200,1310400,9414000000,60,true,0.84
"SCR",140919,"/Date(1703488203000)/",7200,10000,1310200,9413000000,70,false,0.98
"SCR",140907,"/Date(1703488191000)/",7190,1000,1300200,9341000000,60,true,0.84
"SCR",140800,"/Date(1703488124000)/",7200,3800,1299200,9333000000,70,false,0.98
"SCR",140734,"/Date(1703488098000)/",7200,2000,1295400,9306000000,70,false,0.98
"SCR",140705,"/Date(1703488069000)/",7200,9000,1293400,9292000000,70,false,0.98
"SCR",140702,"/Date(1703488068000)/",7190,5400,1284400,9227000000,60,true,0.84
"SCR",140702,"/Date(1703488068000)/",7190,3000,1279000,9188000000,60,true,0.84
"SCR",140702,"/Date(1703488068000)/",7190,300,1276000,9166000000,60,true,0.84
"SCR",140637,"/Date(1703488040000)/",7190,700,1275700,9164000000,60,true,0.84
"SCR",140555,"/Date(1703488001000)/",7190,2000,1275000,9159000000,60,true,0.84
"SCR",140530,"/Date(1703487976000)/",7200,100,1273000,9145000000,70,false,0.98
"SCR",140451,"/Date(1703487937000)/",7200,100,1272900,9144000000,70,false,0.98
"SCR",140448,"/Date(1703487933000)/",7200,4800,1272800,9143000000,70,false,0.98
"SCR",140448,"/Date(1703487933000)/",7190,200,1268000,9109000000,60,false,0.84
"SCR",140445,"/Date(1703487931000)/",7190,800,1267800,9107000000,60,false,0.84
"SCR",140439,"/Date(1703487922000)/",7200,10000,1267000,9102000000,70,false,0.98
"SCR",140432,"/Date(1703487918000)/",7190,200,1257000,9030000000,60,true,0.84
"SCR",140429,"/Date(1703487914000)/",7200,10000,1256800,9028000000,70,false,0.98
"SCR",140426,"/Date(1703487910000)/",7190,1200,1246800,8956000000,60,true,0.84
"SCR",140426,"/Date(1703487910000)/",7190,8000,1245600,8948000000,60,true,0.84
"SCR",140426,"/Date(1703487910000)/",7190,500,1237600,8890000000,60,true,0.84
"SCR",140426,"/Date(1703487910000)/",7190,100,1237100,8886000000,60,true,0.84
"SCR",140426,"/Date(1703487910000)/",7190,200,1237000,8886000000,60,true,0.84
"SCR",140416,"/Date(1703487902000)/",7200,100,1236800,8884000000,70,false,0.98
"SCR",140341,"/Date(1703487866000)/",7200,300,1236700,8884000000,70,false,0.98
"SCR",140338,"/Date(1703487864000)/",7200,200,1236400,8881000000,70,false,0.98
"SCR",140335,"/Date(1703487859000)/",7200,5000,1236200,8880000000,70,false,0.98
"SCR",140332,"/Date(1703487855000)/",7200,26200,1231200,8844000000,70,false,0.98
"SCR",140332,"/Date(1703487855000)/",7200,1800,1205000,8655000000,70,false,0.98
"SCR",140332,"/Date(1703487855000)/",7200,5000,1203200,8642000000,70,false,0.98
"SCR",140332,"/Date(1703487855000)/",7200,100,1198200,8606000000,70,false,0.98
"SCR",140332,"/Date(1703487855000)/",7200,40000,1198100,8606000000,70,false,0.98
"SCR",140332,"/Date(1703487855000)/",7200,100,1158100,8318000000,70,false,0.98
"SCR",140332,"/Date(1703487855000)/",7200,300,1158000,8317000000,70,false,0.98
"SCR",140332,"/Date(1703487855000)/",7200,1000,1157700,8315000000,70,false,0.98
"SCR",140332,"/Date(1703487855000)/",7200,1000,1156700,8308000000,70,false,0.98
"SCR",140332,"/Date(1703487855000)/",7200,24500,1155700,8300000000,70,false,0.98
"SCR",140329,"/Date(1703487853000)/",7200,5500,1131200,8124000000,70,false,0.98
"SCR",140329,"/Date(1703487853000)/",7200,1500,1125700,8084000000,70,false,0.98
"SCR",140329,"/Date(1703487853000)/",7200,100,1124200,8074000000,70,false,0.98
"SCR",140329,"/Date(1703487853000)/",7200,2900,1124100,8073000000,70,false,0.98
"SCR",140225,"/Date(1703487790000)/",7200,200,1121200,8052000000,70,false,0.98
"SCR",140215,"/Date(1703487778000)/",7200,6900,1121000,8051000000,70,false,0.98
"SCR",140215,"/Date(1703487778000)/",7200,100,1114100,8001000000,70,false,0.98
"SCR",140215,"/Date(1703487778000)/",7200,1000,1114000,8000000000,70,false,0.98
"SCR",140215,"/Date(1703487778000)/",7200,1500,1113000,7993000000,70,false,0.98
"SCR",140159,"/Date(1703487764000)/",7200,1000,1111500,7982000000,70,false,0.98
"SCR",140159,"/Date(1703487764000)/",7200,300,1110500,7975000000,70,false,0.98
"SCR",140159,"/Date(1703487764000)/",7200,1000,1110200,7973000000,70,false,0.98
"SCR",140159,"/Date(1703487764000)/",7200,300,1109200,7966000000,70,false,0.98
"SCR",140159,"/Date(1703487764000)/",7200,1000,1108900,7963000000,70,false,0.98
"SCR",140159,"/Date(1703487764000)/",7200,1000,1107900,7956000000,70,false,0.98
"SCR",140159,"/Date(1703487764000)/",7200,1000,1106900,7949000000,70,false,0.98
"SCR",140159,"/Date(1703487764000)/",7200,200,1105900,7942000000,70,false,0.98
"SCR",140159,"/Date(1703487764000)/",7200,5000,1105700,7940000000,70,false,0.98
"SCR",140159,"/Date(1703487764000)/",7200,100,1100700,7904000000,70,false,0.98
"SCR",140159,"/Date(1703487764000)/",7200,200,1100600,7904000000,70,false,0.98
"SCR",140159,"/Date(1703487764000)/",7200,8900,1100400,7902000000,70,false,0.98
"SCR",140143,"/Date(1703487748000)/",7200,10000,1091500,7838000000,70,false,0.98
"SCR",140134,"/Date(1703487738000)/",7200,2500,1081500,7766000000,70,false,0.98
"SCR",140059,"/Date(1703487702000)/",7200,400,1079000,7748000000,70,false,0.98
"SCR",140036,"/Date(1703487682000)/",7200,10000,1078600,7745000000,70,false,0.98
"SCR",140024,"/Date(1703487668000)/",7190,7500,1068600,7673000000,60,true,0.84
"SCR",140024,"/Date(1703487668000)/",7190,600,1061100,7619000000,60,true,0.84
"SCR",140017,"/Date(1703487663000)/",7190,1000,1060500,7615000000,60,true,0.84
"SCR",140008,"/Date(1703487651000)/",7190,1000,1059500,7608000000,60,true,0.84
"SCR",140008,"/Date(1703487651000)/",7190,5000,1058500,7601000000,60,true,0.84
"SCR",140008,"/Date(1703487651000)/",7190,100,1053500,7565000000,60,true,0.84
"SCR",140008,"/Date(1703487651000)/",7190,400,1053400,7564000000,60,true,0.84
"SCR",140008,"/Date(1703487651000)/",7190,1000,1053000,7561000000,60,true,0.84
"SCR",140001,"/Date(1703487646000)/",7190,9000,1052000,7554000000,60,false,0.84
"SCR",140001,"/Date(1703487646000)/",7190,1000,1043000,7489000000,60,false,0.84
"SCR",135952,"/Date(1703487635000)/",7190,3000,1042000,7482000000,60,false,0.84
"SCR",135939,"/Date(1703487623000)/",7190,6000,1039000,7460000000,60,false,0.84
"SCR",135939,"/Date(1703487623000)/",7190,100,1033000,7417000000,60,false,0.84
"SCR",135939,"/Date(1703487623000)/",7190,500,1032900,7417000000,60,false,0.84
"SCR",135939,"/Date(1703487623000)/",7190,5000,1032400,7413000000,60,false,0.84
"SCR",135939,"/Date(1703487623000)/",7190,400,1027400,7377000000,60,false,0.84
"SCR",135939,"/Date(1703487623000)/",7190,8000,1027000,7374000000,60,false,0.84
"SCR",135822,"/Date(1703487546000)/",7190,1000,1019000,7317000000,60,false,0.84
"SCR",135816,"/Date(1703487540000)/",7190,1000,1018000,7309000000,60,false,0.84
"SCR",135816,"/Date(1703487540000)/",7190,500,1017000,7302000000,60,false,0.84
"SCR",135816,"/Date(1703487539000)/",7180,1000,1016500,7299000000,50,true,0.7
"SCR",135809,"/Date(1703487533000)/",7190,500,1015500,7292000000,60,false,0.84
"SCR",135750,"/Date(1703487515000)/",7190,100,1015000,7288000000,60,false,0.84
"SCR",135744,"/Date(1703487509000)/",7180,100,1014900,7287000000,50,true,0.7
"SCR",135725,"/Date(1703487490000)/",7180,600,1014800,7286000000,50,true,0.7
"SCR",135702,"/Date(1703487468000)/",7180,100,1014200,7282000000,50,false,0.7
"SCR",135637,"/Date(1703487442000)/",7180,100,1014100,7281000000,50,false,0.7
"SCR",135523,"/Date(1703487366000)/",7180,100,1014000,7281000000,50,false,0.7
"SCR",135300,"/Date(1703487224000)/",7190,2000,1013900,7280000000,60,false,0.84
"SCR",135139,"/Date(1703487142000)/",7170,500,1011900,7266000000,40,true,0.56
"SCR",135120,"/Date(1703487124000)/",7170,4700,1011400,7262000000,40,true,0.56
"SCR",135120,"/Date(1703487124000)/",7170,1200,1006700,7228000000,40,true,0.56
"SCR",135026,"/Date(1703487071000)/",7170,8800,1005500,7220000000,40,true,0.56
"SCR",135026,"/Date(1703487071000)/",7170,2900,996700,7157000000,40,true,0.56
"SCR",135026,"/Date(1703487071000)/",7170,100,993800,7136000000,40,true,0.56
"SCR",134913,"/Date(1703486997000)/",7190,900,993700,7135000000,60,false,0.84
"SCR",134841,"/Date(1703486965000)/",7160,200,992800,7129000000,30,true,0.42
"SCR",134721,"/Date(1703486883000)/",7160,7600,992600,7127000000,30,true,0.42
"SCR",134721,"/Date(1703486883000)/",7160,1000,985000,7073000000,30,true,0.42
"SCR",134721,"/Date(1703486883000)/",7160,1000,984000,7066000000,30,true,0.42
"SCR",134721,"/Date(1703486883000)/",7160,10000,983000,7059000000,30,true,0.42
"SCR",134721,"/Date(1703486883000)/",7160,100,973000,6987000000,30,true,0.42
"SCR",134721,"/Date(1703486883000)/",7160,100,972900,6986000000,30,true,0.42
"SCR",134721,"/Date(1703486883000)/",7160,1000,972800,6985000000,30,true,0.42
"SCR",134721,"/Date(1703486883000)/",7160,500,971800,6978000000,30,true,0.42
"SCR",134721,"/Date(1703486883000)/",7160,500,971300,6975000000,30,true,0.42
"SCR",134721,"/Date(1703486883000)/",7160,100,970800,6971000000,30,true,0.42
"SCR",134721,"/Date(1703486883000)/",7160,1000,970700,6970000000,30,true,0.42
"SCR",134721,"/Date(1703486883000)/",7160,2000,969700,6963000000,30,true,0.42
"SCR",134721,"/Date(1703486883000)/",7160,1600,967700,6949000000,30,true,0.42
"SCR",134721,"/Date(1703486883000)/",7170,20000,966100,6938000000,40,true,0.56
"SCR",134721,"/Date(1703486883000)/",7170,9300,946100,6794000000,40,true,0.56
"SCR",134721,"/Date(1703486883000)/",7170,7000,936800,6727000000,40,true,0.56
"SCR",134721,"/Date(1703486883000)/",7170,10700,929800,6677000000,40,true,0.56
"SCR",134721,"/Date(1703486883000)/",7170,1000,919100,6601000000,40,true,0.56
"SCR",134721,"/Date(1703486883000)/",7170,100,918100,6593000000,40,true,0.56
"SCR",134721,"/Date(1703486883000)/",7170,1000,918000,6593000000,40,true,0.56
"SCR",134721,"/Date(1703486883000)/",7170,100,917000,6585000000,40,true,0.56
"SCR",134721,"/Date(1703486883000)/",7180,300,916900,6585000000,50,true,0.7
"SCR",134721,"/Date(1703486883000)/",7180,100,916600,6583000000,50,true,0.7
"SCR",134721,"/Date(1703486883000)/",7180,5000,916500,6582000000,50,true,0.7
"SCR",134721,"/Date(1703486883000)/",7180,300,911500,6546000000,50,true,0.7
"SCR",134721,"/Date(1703486883000)/",7180,1100,911200,6544000000,50,true,0.7
"SCR",134608,"/Date(1703486812000)/",7190,1000,910100,6536000000,60,false,0.84
"SCR",134608,"/Date(1703486812000)/",7190,1000,909100,6529000000,60,false,0.84
"SCR",134439,"/Date(1703486720000)/",7180,1700,908100,6522000000,50,true,0.7
"SCR",134439,"/Date(1703486720000)/",7180,300,906400,6509000000,50,true,0.7
"SCR",134400,"/Date(1703486682000)/",7180,1800,906100,6507000000,50,true,0.7
"SCR",134357,"/Date(1703486679000)/",7180,900,904300,6494000000,50,true,0.7
"SCR",134357,"/Date(1703486679000)/",7180,100,903400,6488000000,50,true,0.7
"SCR",134338,"/Date(1703486660000)/",7180,100,903300,6487000000,50,true,0.7
"SCR",134338,"/Date(1703486660000)/",7180,500,903200,6486000000,50,true,0.7
"SCR",134316,"/Date(1703486639000)/",7180,100,902700,6483000000,50,true,0.7
"SCR",134257,"/Date(1703486618000)/",7180,100,902600,6482000000,50,true,0.7
"SCR",134156,"/Date(1703486557000)/",7180,200,902500,6481000000,50,true,0.7
"SCR",134137,"/Date(1703486538000)/",7180,2500,902300,6480000000,50,true,0.7
"SCR",134124,"/Date(1703486526000)/",7180,100,899800,6462000000,50,true,0.7
"SCR",134118,"/Date(1703486522000)/",7180,1000,899700,6461000000,50,true,0.7
"SCR",134027,"/Date(1703486468000)/",7180,100,898700,6454000000,50,true,0.7
"SCR",133952,"/Date(1703486432000)/",7180,1700,898600,6453000000,50,true,0.7
"SCR",133952,"/Date(1703486432000)/",7180,3300,896900,6441000000,50,true,0.7
"SCR",133904,"/Date(1703486386000)/",7180,1700,893600,6417000000,50,true,0.7
"SCR",133904,"/Date(1703486386000)/",7180,200,891900,6405000000,50,true,0.7
"SCR",133904,"/Date(1703486386000)/",7180,1000,891700,6404000000,50,true,0.7
"SCR",133904,"/Date(1703486386000)/",7180,100,890700,6397000000,50,true,0.7
"SCR",133332,"/Date(1703486053000)/",7180,1000,890600,6396000000,50,true,0.7
"SCR",133257,"/Date(1703486020000)/",7190,10000,889600,6389000000,60,false,0.84
"SCR",133209,"/Date(1703485970000)/",7180,800,879600,6317000000,50,false,0.7
"SCR",133209,"/Date(1703485970000)/",7180,1300,878800,6311000000,50,false,0.7
"SCR",133206,"/Date(1703485967000)/",7180,1000,877500,6302000000,50,false,0.7
"SCR",133203,"/Date(1703485963000)/",7180,1000,876500,6295000000,50,false,0.7
"SCR",133153,"/Date(1703485956000)/",7180,500,875500,6287000000,50,false,0.7
"SCR",133131,"/Date(1703485932000)/",7180,200,875000,6284000000,50,false,0.7
"SCR",133106,"/Date(1703485906000)/",7180,1000,874800,6282000000,50,false,0.7
"SCR",133053,"/Date(1703485895000)/",7170,500,873800,6275000000,40,true,0.56
"SCR",133053,"/Date(1703485895000)/",7170,400,873300,6272000000,40,true,0.56
"SCR",132930,"/Date(1703485810000)/",7170,100,872900,6269000000,40,true,0.56
"SCR",132930,"/Date(1703485810000)/",7170,500,872800,6268000000,40,true,0.56
"SCR",132930,"/Date(1703485810000)/",7170,1400,872300,6264000000,40,true,0.56
"SCR",132836,"/Date(1703485755000)/",7170,8600,870900,6254000000,40,true,0.56
"SCR",132833,"/Date(1703485755000)/",7170,700,862300,6193000000,40,false,0.56
"SCR",132823,"/Date(1703485743000)/",7170,800,861600,6188000000,40,true,0.56
"SCR",132823,"/Date(1703485743000)/",7170,1000,860800,6182000000,40,true,0.56
"SCR",132823,"/Date(1703485743000)/",7170,7000,859800,6175000000,40,true,0.56
"SCR",132823,"/Date(1703485743000)/",7170,3500,852800,6125000000,40,true,0.56
"SCR",132758,"/Date(1703485718000)/",7200,1100,849300,6100000000,70,false,0.98
"SCR",132754,"/Date(1703485715000)/",7170,700,848200,6092000000,40,true,0.56
"SCR",132754,"/Date(1703485715000)/",7190,900,847500,6087000000,60,true,0.84
"SCR",132748,"/Date(1703485708000)/",7190,2900,846600,6080000000,60,false,0.84
"SCR",132748,"/Date(1703485708000)/",7190,2000,843700,6059000000,60,false,0.84
"SCR",132748,"/Date(1703485708000)/",7190,400,841700,6045000000,60,false,0.84
"SCR",132748,"/Date(1703485708000)/",7190,3800,841300,6042000000,60,false,0.84
"SCR",132745,"/Date(1703485707000)/",7170,8700,837500,6015000000,40,true,0.56
"SCR",132745,"/Date(1703485707000)/",7170,100,828800,5952000000,40,true,0.56
"SCR",132745,"/Date(1703485707000)/",7170,10000,828700,5952000000,40,true,0.56
"SCR",132745,"/Date(1703485707000)/",7170,3200,818700,5880000000,40,true,0.56
"SCR",132745,"/Date(1703485707000)/",7170,4300,815500,5857000000,40,true,0.56
"SCR",132745,"/Date(1703485707000)/",7170,200,811200,5826000000,40,true,0.56
"SCR",132745,"/Date(1703485707000)/",7170,2900,811000,5825000000,40,true,0.56
"SCR",132745,"/Date(1703485707000)/",7170,5700,808100,5804000000,40,true,0.56
"SCR",132745,"/Date(1703485707000)/",7170,100,802400,5763000000,40,true,0.56
"SCR",132745,"/Date(1703485707000)/",7170,1700,802300,5762000000,40,true,0.56
"SCR",132745,"/Date(1703485707000)/",7170,200,800600,5750000000,40,true,0.56
"SCR",132745,"/Date(1703485707000)/",7170,5000,800400,5749000000,40,true,0.56
"SCR",132745,"/Date(1703485707000)/",7170,800,795400,5713000000,40,true,0.56
"SCR",132745,"/Date(1703485707000)/",7170,100,794600,5707000000,40,true,0.56
"SCR",132745,"/Date(1703485707000)/",7170,2700,794500,5706000000,40,true,0.56
"SCR",132745,"/Date(1703485707000)/",7180,500,791800,5687000000,50,true,0.7
"SCR",132745,"/Date(1703485707000)/",7180,2800,791300,5683000000,50,true,0.7
"SCR",132745,"/Date(1703485707000)/",7180,5000,788500,5663000000,50,true,0.7
"SCR",132745,"/Date(1703485707000)/",7190,100,783500,5627000000,60,false,0.84
"SCR",132742,"/Date(1703485701000)/",7190,1000,783400,5627000000,60,false,0.84
"SCR",132430,"/Date(1703485512000)/",7180,300,782400,5619000000,50,false,0.7
"SCR",132427,"/Date(1703485506000)/",7180,7000,782100,5617000000,50,true,0.7
"SCR",132427,"/Date(1703485506000)/",7180,600,775100,5567000000,50,true,0.7
"SCR",132427,"/Date(1703485506000)/",7180,2100,774500,5563000000,50,true,0.7
"SCR",132424,"/Date(1703485504000)/",7190,5100,772400,5548000000,60,false,0.84
"SCR",132424,"/Date(1703485504000)/",7190,7000,767300,5511000000,60,false,0.84
"SCR",132424,"/Date(1703485504000)/",7190,7900,760300,5461000000,60,false,0.84
"SCR",132352,"/Date(1703485473000)/",7180,2000,752400,5404000000,50,true,0.7
"SCR",132349,"/Date(1703485469000)/",7180,2200,750400,5390000000,50,true,0.7
"SCR",132323,"/Date(1703485444000)/",7180,200,748200,5374000000,50,true,0.7
"SCR",132226,"/Date(1703485387000)/",7180,3000,748000,5372000000,50,true,0.7
"SCR",132057,"/Date(1703485296000)/",7180,500,745000,5351000000,50,true,0.7
"SCR",132057,"/Date(1703485296000)/",7180,100,744500,5347000000,50,true,0.7
"SCR",132057,"/Date(1703485296000)/",7180,200,744400,5346000000,50,true,0.7
"SCR",132057,"/Date(1703485296000)/",7180,100,744200,5345000000,50,true,0.7
"SCR",132057,"/Date(1703485296000)/",7180,1600,744100,5344000000,50,true,0.7
"SCR",131959,"/Date(1703485239000)/",7180,500,742500,5333000000,50,true,0.7
"SCR",131937,"/Date(1703485217000)/",7180,100,742000,5329000000,50,true,0.7
"SCR",131915,"/Date(1703485196000)/",7180,300,741900,5328000000,50,true,0.7
"SCR",131730,"/Date(1703485088000)/",7190,100,741600,5326000000,60,false,0.84
"SCR",131658,"/Date(1703485057000)/",7190,100,741500,5326000000,60,false,0.84
"SCR",131629,"/Date(1703485028000)/",7190,200,741400,5325000000,60,false,0.84
"SCR",131500,"/Date(1703484938000)/",7190,100,741200,5323000000,60,false,0.84
"SCR",131457,"/Date(1703484935000)/",7190,600,741100,5323000000,60,false,0.84
"SCR",131347,"/Date(1703484866000)/",7180,500,740500,5318000000,50,true,0.7
"SCR",131340,"/Date(1703484859000)/",7190,300,740000,5315000000,60,false,0.84
"SCR",131312,"/Date(1703484830000)/",7190,700,739700,5313000000,60,false,0.84
"SCR",131312,"/Date(1703484830000)/",7190,400,739000,5308000000,60,false,0.84
"SCR",131312,"/Date(1703484830000)/",7190,100,738600,5305000000,60,false,0.84
"SCR",131312,"/Date(1703484830000)/",7190,100,738500,5304000000,60,false,0.84
"SCR",131312,"/Date(1703484830000)/",7190,500,738400,5303000000,60,false,0.84
"SCR",131312,"/Date(1703484830000)/",7190,1500,737900,5300000000,60,false,0.84
"SCR",131312,"/Date(1703484830000)/",7190,100,736400,5289000000,60,false,0.84
"SCR",131312,"/Date(1703484830000)/",7190,2200,736300,5288000000,60,false,0.84
"SCR",131237,"/Date(1703484797000)/",7190,100,734100,5272000000,60,false,0.84
"SCR",131233,"/Date(1703484794000)/",7180,100,734000,5272000000,50,true,0.7
"SCR",131020,"/Date(1703484657000)/",7190,5000,733900,5271000000,60,false,0.84
"SCR",131004,"/Date(1703484643000)/",7190,3000,728900,5235000000,60,false,0.84
"SCR",131000,"/Date(1703484641000)/",7180,100,725900,5213000000,50,true,0.7
"SCR",130853,"/Date(1703484573000)/",7180,6800,725800,5213000000,50,true,0.7
"SCR",130853,"/Date(1703484573000)/",7180,200,719000,5164000000,50,true,0.7
"SCR",130546,"/Date(1703484383000)/",7180,300,718800,5162000000,50,true,0.7
"SCR",130413,"/Date(1703484292000)/",7180,500,718500,5160000000,50,true,0.7
"SCR",130310,"/Date(1703484228000)/",7180,7000,718000,5157000000,50,true,0.7
"SCR",130303,"/Date(1703484223000)/",7190,100,711000,5106000000,60,false,0.84
"SCR",130257,"/Date(1703484216000)/",7180,2000,710900,5106000000,50,true,0.7
"SCR",130034,"/Date(1703484072000)/",7180,100,708900,5091000000,50,false,0.7
"SCR",130034,"/Date(1703484072000)/",7180,900,708800,5091000000,50,false,0.7
"SCR",125949,"/Date(1703484024000)/",7180,100,707900,5084000000,50,false,0.7
"SCR",125939,"/Date(1703484003000)/",7170,100,707800,5084000000,40,true,0.56
"SCR",125939,"/Date(1703484002000)/",7170,600,707700,5083000000,40,true,0.56
"SCR",125936,"/Date(1703484001000)/",7170,100,707100,5078000000,40,true,0.56
"SCR",125933,"/Date(1703484000000)/",7180,1600,707000,5078000000,50,false,0.7
"SCR",125933,"/Date(1703484000000)/",7180,18300,705400,5066000000,50,false,0.7
"SCR",125933,"/Date(1703484000000)/",7180,100,687100,4935000000,50,false,0.7
"SCR",112919,"/Date(1703478586000)/",7170,100,687000,4934000000,40,true,0.56
"SCR",112903,"/Date(1703478573000)/",7170,300,686900,4933000000,40,true,0.56
"SCR",112828,"/Date(1703478537000)/",7180,400,686600,4931000000,50,false,0.7
"SCR",112514,"/Date(1703478343000)/",7170,100,686200,4928000000,40,true,0.56
"SCR",112452,"/Date(1703478320000)/",7170,300,686100,4928000000,40,true,0.56
"SCR",112410,"/Date(1703478278000)/",7170,700,685800,4926000000,40,true,0.56
"SCR",111635,"/Date(1703477821000)/",7180,100,685100,4921000000,50,false,0.7
"SCR",110919,"/Date(1703477386000)/",7160,1400,685000,4920000000,30,true,0.42
"SCR",110906,"/Date(1703477371000)/",7160,12300,683600,4910000000,30,true,0.42
"SCR",110906,"/Date(1703477371000)/",7170,1400,671300,4822000000,40,true,0.56
"SCR",110906,"/Date(1703477371000)/",7170,100,669900,4812000000,40,true,0.56
"SCR",110906,"/Date(1703477371000)/",7170,1000,669800,4811000000,40,true,0.56
"SCR",110906,"/Date(1703477371000)/",7170,1900,668800,4804000000,40,true,0.56
"SCR",110906,"/Date(1703477371000)/",7170,500,666900,4790000000,40,true,0.56
"SCR",110840,"/Date(1703477347000)/",7170,500,666400,4787000000,40,true,0.56
"SCR",110753,"/Date(1703477299000)/",7170,1000,665900,4783000000,40,true,0.56
"SCR",110627,"/Date(1703477213000)/",7180,2200,664900,4776000000,50,true,0.7
"SCR",110623,"/Date(1703477210000)/",7180,2800,662700,4760000000,50,true,0.7
"SCR",110623,"/Date(1703477210000)/",7180,2200,659900,4740000000,50,true,0.7
"SCR",110614,"/Date(1703477199000)/",7180,200,657700,4724000000,50,true,0.7
"SCR",110558,"/Date(1703477185000)/",7180,400,657500,4723000000,50,true,0.7
"SCR",110545,"/Date(1703477171000)/",7180,7200,657100,4720000000,50,true,0.7
"SCR",110545,"/Date(1703477171000)/",7180,2000,649900,4668000000,50,true,0.7
"SCR",110545,"/Date(1703477171000)/",7180,1800,647900,4654000000,50,true,0.7
"SCR",110539,"/Date(1703477165000)/",7180,2000,646100,4641000000,50,true,0.7
"SCR",110426,"/Date(1703477092000)/",7180,100,644100,4627000000,50,true,0.7
"SCR",110354,"/Date(1703477060000)/",7180,1100,644000,4626000000,50,true,0.7
"SCR",110354,"/Date(1703477060000)/",7180,100,642900,4618000000,50,true,0.7
"SCR",110354,"/Date(1703477060000)/",7180,1800,642800,4617000000,50,true,0.7
"SCR",105910,"/Date(1703476774000)/",7190,2800,641000,4604000000,60,false,0.84
"SCR",105848,"/Date(1703476753000)/",7190,100,638200,4584000000,60,true,0.84
"SCR",105835,"/Date(1703476740000)/",7190,2100,638100,4583000000,60,true,0.84
"SCR",105835,"/Date(1703476740000)/",7190,1800,636000,4568000000,60,true,0.84
"SCR",105816,"/Date(1703476721000)/",7190,1000,634200,4555000000,60,true,0.84
"SCR",105806,"/Date(1703476712000)/",7190,1000,633200,4548000000,60,true,0.84
"SCR",105741,"/Date(1703476685000)/",7190,1200,632200,4541000000,60,true,0.84
"SCR",105741,"/Date(1703476685000)/",7190,2000,631000,4532000000,60,true,0.84
"SCR",105741,"/Date(1703476685000)/",7190,6800,629000,4518000000,60,true,0.84
"SCR",105436,"/Date(1703476499000)/",7200,1000,622200,4469000000,70,false,0.98
"SCR",105109,"/Date(1703476294000)/",7200,1000,621200,4462000000,70,false,0.98
"SCR",105014,"/Date(1703476240000)/",7200,600,620200,4455000000,70,false,0.98
"SCR",104644,"/Date(1703476029000)/",7200,4000,619600,4450000000,70,false,0.98
"SCR",104612,"/Date(1703475997000)/",7200,1000,615600,4422000000,70,false,0.98
"SCR",104408,"/Date(1703475874000)/",7200,9500,614600,4414000000,70,true,0.98
"SCR",104333,"/Date(1703475838000)/",7200,200,605100,4346000000,70,false,0.98
"SCR",104333,"/Date(1703475838000)/",7200,200,604900,4345000000,70,false,0.98
"SCR",104333,"/Date(1703475838000)/",7200,1500,604700,4343000000,70,false,0.98
"SCR",104333,"/Date(1703475838000)/",7200,300,603200,4332000000,70,false,0.98
"SCR",104333,"/Date(1703475838000)/",7200,1000,602900,4330000000,70,false,0.98
"SCR",104333,"/Date(1703475838000)/",7200,1300,601900,4323000000,70,false,0.98
"SCR",104333,"/Date(1703475838000)/",7200,2000,600600,4314000000,70,false,0.98
"SCR",104333,"/Date(1703475838000)/",7200,1000,598600,4299000000,70,false,0.98
"SCR",104333,"/Date(1703475838000)/",7200,300,597600,4292000000,70,false,0.98
"SCR",104333,"/Date(1703475838000)/",7200,10000,597300,4290000000,70,false,0.98
"SCR",104333,"/Date(1703475838000)/",7200,5000,587300,4218000000,70,false,0.98
"SCR",104333,"/Date(1703475838000)/",7200,5000,582300,4182000000,70,false,0.98
"SCR",104333,"/Date(1703475838000)/",7200,5000,577300,4146000000,70,false,0.98
"SCR",104333,"/Date(1703475838000)/",7200,7000,572300,4110000000,70,false,0.98
"SCR",104333,"/Date(1703475838000)/",7200,1000,565300,4059000000,70,false,0.98
"SCR",104333,"/Date(1703475838000)/",7200,1000,564300,4052000000,70,false,0.98
"SCR",104333,"/Date(1703475838000)/",7200,300,563300,4045000000,70,false,0.98
"SCR",104333,"/Date(1703475838000)/",7200,20000,563000,4043000000,70,false,0.98
"SCR",104333,"/Date(1703475838000)/",7200,13100,543000,3899000000,70,false,0.98
"SCR",104333,"/Date(1703475838000)/",7190,15000,529900,3805000000,60,false,0.84
"SCR",104333,"/Date(1703475838000)/",7190,300,514900,3697000000,60,false,0.84
"SCR",104204,"/Date(1703475747000)/",7170,4300,514600,3695000000,40,true,0.56
"SCR",104204,"/Date(1703475747000)/",7170,100,510300,3664000000,40,true,0.56
"SCR",104204,"/Date(1703475747000)/",7170,5000,510200,3663000000,40,true,0.56
"SCR",104204,"/Date(1703475747000)/",7170,400,505200,3627000000,40,true,0.56
"SCR",104204,"/Date(1703475747000)/",7170,200,504800,3624000000,40,true,0.56
"SCR",104136,"/Date(1703475721000)/",7180,100,504600,3623000000,50,true,0.7
"SCR",104136,"/Date(1703475721000)/",7180,1200,504500,3622000000,50,true,0.7
"SCR",104016,"/Date(1703475639000)/",7180,8500,503300,3613000000,50,false,0.7
"SCR",104006,"/Date(1703475631000)/",7180,1500,494800,3552000000,50,false,0.7
"SCR",104006,"/Date(1703475631000)/",7180,3100,493300,3542000000,50,false,0.7
"SCR",103941,"/Date(1703475603000)/",7180,100,490200,3519000000,50,false,0.7
"SCR",103802,"/Date(1703475505000)/",7170,300,490100,3519000000,40,true,0.56
"SCR",103802,"/Date(1703475505000)/",7170,100,489800,3517000000,40,true,0.56
"SCR",103714,"/Date(1703475458000)/",7180,100,489700,3516000000,50,false,0.7
"SCR",103655,"/Date(1703475438000)/",7180,11500,489600,3515000000,50,false,0.7
"SCR",103636,"/Date(1703475419000)/",7170,100,478100,3433000000,40,true,0.56
"SCR",103357,"/Date(1703475260000)/",7170,200,478000,3432000000,40,true,0.56
"SCR",103351,"/Date(1703475252000)/",7170,8800,477800,3430000000,40,false,0.56
"SCR",103347,"/Date(1703475249000)/",7170,500,469000,3367000000,40,false,0.56
"SCR",103316,"/Date(1703475219000)/",7170,500,468500,3364000000,40,false,0.56
"SCR",103234,"/Date(1703475178000)/",7170,8600,468000,3360000000,40,true,0.56
"SCR",103234,"/Date(1703475178000)/",7170,1600,459400,3298000000,40,true,0.56
"SCR",103140,"/Date(1703475124000)/",7170,18400,457800,3287000000,40,true,0.56
"SCR",103140,"/Date(1703475124000)/",7170,500,439400,3155000000,40,true,0.56
"SCR",103140,"/Date(1703475124000)/",7170,100,438900,3151000000,40,true,0.56
"SCR",103140,"/Date(1703475124000)/",7170,4900,438800,3151000000,40,true,0.56
"SCR",103140,"/Date(1703475124000)/",7180,200,433900,3116000000,50,false,0.7
"SCR",103140,"/Date(1703475124000)/",7180,200,433700,3114000000,50,false,0.7
"SCR",103140,"/Date(1703475124000)/",7180,700,433500,3113000000,50,false,0.7
"SCR",103140,"/Date(1703475123000)/",7180,100,432800,3108000000,50,false,0.7
"SCR",103128,"/Date(1703475110000)/",7180,700,432700,3107000000,50,true,0.7
"SCR",103049,"/Date(1703475071000)/",7180,100,432000,3102000000,50,true,0.7
"SCR",102917,"/Date(1703474979000)/",7180,20000,431900,3101000000,50,true,0.7
"SCR",102842,"/Date(1703474944000)/",7180,400,411900,2958000000,50,true,0.7
"SCR",102735,"/Date(1703474878000)/",7190,5000,411500,2955000000,60,false,0.84
"SCR",102330,"/Date(1703474630000)/",7190,14900,406500,2919000000,60,false,0.84
"SCR",102330,"/Date(1703474630000)/",7190,300,391600,2812000000,60,false,0.84
"SCR",102330,"/Date(1703474630000)/",7190,2800,391300,2810000000,60,false,0.84
"SCR",102324,"/Date(1703474626000)/",7170,100,388500,2789000000,40,true,0.56
"SCR",102126,"/Date(1703474508000)/",7160,4700,388400,2789000000,30,true,0.42
"SCR",102126,"/Date(1703474508000)/",7160,300,383700,2755000000,30,true,0.42
"SCR",102126,"/Date(1703474508000)/",7170,1000,383400,2753000000,40,false,0.56
"SCR",102126,"/Date(1703474508000)/",7180,1000,382400,2746000000,50,false,0.7
"SCR",102126,"/Date(1703474508000)/",7180,300,381400,2739000000,50,false,0.7
"SCR",102126,"/Date(1703474508000)/",7180,100,381100,2736000000,50,false,0.7
"SCR",102126,"/Date(1703474508000)/",7180,500,381000,2736000000,50,false,0.7
"SCR",102126,"/Date(1703474508000)/",7180,100,380500,2732000000,50,false,0.7
"SCR",102123,"/Date(1703474502000)/",7190,200,380400,2731000000,60,false,0.84
"SCR",102123,"/Date(1703474502000)/",7190,300,380200,2730000000,60,false,0.84
"SCR",102116,"/Date(1703474497000)/",7190,100,379900,2728000000,60,false,0.84
"SCR",102035,"/Date(1703474457000)/",7190,100,379800,2727000000,60,false,0.84
"SCR",101947,"/Date(1703474408000)/",7190,500,379700,2726000000,60,true,0.84
"SCR",101850,"/Date(1703474350000)/",7190,2000,379200,2723000000,60,true,0.84
"SCR",101847,"/Date(1703474348000)/",7190,2000,377200,2708000000,60,true,0.84
"SCR",101844,"/Date(1703474346000)/",7190,500,375200,2694000000,60,true,0.84
"SCR",101844,"/Date(1703474345000)/",7190,1500,374700,2690000000,60,true,0.84
"SCR",101840,"/Date(1703474343000)/",7190,2000,373200,2680000000,60,true,0.84
"SCR",101840,"/Date(1703474342000)/",7190,2000,371200,2665000000,60,true,0.84
"SCR",101837,"/Date(1703474340000)/",7190,2000,369200,2651000000,60,true,0.84
"SCR",101834,"/Date(1703474336000)/",7190,2000,367200,2636000000,60,false,0.84
"SCR",101834,"/Date(1703474336000)/",7190,2000,365200,2622000000,60,false,0.84
"SCR",101834,"/Date(1703474336000)/",7190,400,363200,2608000000,60,false,0.84
"SCR",101715,"/Date(1703474255000)/",7180,5000,362800,2605000000,50,true,0.7
"SCR",101633,"/Date(1703474213000)/",7190,1600,357800,2569000000,60,false,0.84
"SCR",101633,"/Date(1703474213000)/",7190,3500,356200,2557000000,60,false,0.84
"SCR",101633,"/Date(1703474213000)/",7190,3900,352700,2532000000,60,false,0.84
"SCR",101633,"/Date(1703474213000)/",7190,9000,348800,2504000000,60,false,0.84
"SCR",101501,"/Date(1703474122000)/",7180,500,339800,2440000000,50,false,0.7
"SCR",101501,"/Date(1703474122000)/",7180,1000,339300,2436000000,50,false,0.7
"SCR",101501,"/Date(1703474122000)/",7180,1100,338300,2429000000,50,false,0.7
"SCR",101439,"/Date(1703474100000)/",7180,400,337200,2421000000,50,false,0.7
"SCR",101439,"/Date(1703474100000)/",7180,1000,336800,2418000000,50,false,0.7
"SCR",101439,"/Date(1703474100000)/",7180,400,335800,2411000000,50,false,0.7
"SCR",101439,"/Date(1703474100000)/",7180,3200,335400,2408000000,50,false,0.7
"SCR",101011,"/Date(1703473833000)/",7170,500,332200,2385000000,40,false,0.56
"SCR",100933,"/Date(1703473795000)/",7170,7100,331700,2381000000,40,false,0.56
"SCR",100933,"/Date(1703473795000)/",7170,1900,324600,2330000000,40,false,0.56
"SCR",100723,"/Date(1703473664000)/",7170,100,322700,2317000000,40,false,0.56
"SCR",100713,"/Date(1703473654000)/",7170,500,322600,2316000000,40,false,0.56
"SCR",100541,"/Date(1703473561000)/",7160,400,322100,2313000000,30,true,0.42
"SCR",100538,"/Date(1703473558000)/",7170,500,321700,2310000000,40,false,0.56
"SCR",100453,"/Date(1703473511000)/",7160,19300,321200,2306000000,30,true,0.42
"SCR",100453,"/Date(1703473511000)/",7160,200,301900,2168000000,30,true,0.42
"SCR",100343,"/Date(1703473443000)/",7160,100,301700,2166000000,30,true,0.42
"SCR",100327,"/Date(1703473428000)/",7170,500,301600,2166000000,40,false,0.56
"SCR",100259,"/Date(1703473398000)/",7170,300,301100,2162000000,40,false,0.56
"SCR",100259,"/Date(1703473398000)/",7170,200,300800,2160000000,40,false,0.56
"SCR",100249,"/Date(1703473387000)/",7170,1000,300600,2159000000,40,false,0.56
"SCR",100230,"/Date(1703473371000)/",7170,100,299600,2151000000,40,false,0.56
"SCR",100224,"/Date(1703473364000)/",7170,1000,299500,2151000000,40,false,0.56
"SCR",100211,"/Date(1703473351000)/",7170,500,298500,2144000000,40,false,0.56
"SCR",100104,"/Date(1703473285000)/",7170,400,298000,2140000000,40,false,0.56
"SCR",100104,"/Date(1703473285000)/",7160,1700,297600,2137000000,30,true,0.42
"SCR",100104,"/Date(1703473285000)/",7160,1000,295900,2125000000,30,true,0.42
"SCR",100104,"/Date(1703473285000)/",7160,200,294900,2118000000,30,true,0.42
"SCR",100104,"/Date(1703473285000)/",7160,100,294700,2116000000,30,true,0.42
"SCR",100029,"/Date(1703473247000)/",7170,2000,294600,2116000000,40,true,0.56
"SCR",100029,"/Date(1703473247000)/",7170,2000,292600,2101000000,40,true,0.56
"SCR",100029,"/Date(1703473247000)/",7170,2300,290600,2087000000,40,true,0.56
"SCR",100029,"/Date(1703473247000)/",7170,10500,288300,2070000000,40,true,0.56
"SCR",95951,"/Date(1703473209000)/",7170,9500,277800,1995000000,40,true,0.56
"SCR",95951,"/Date(1703473209000)/",7170,500,268300,1927000000,40,true,0.56
"SCR",95907,"/Date(1703473166000)/",7180,5000,267800,1923000000,50,false,0.7
"SCR",95732,"/Date(1703473072000)/",7180,700,262800,1888000000,50,true,0.7
"SCR",95732,"/Date(1703473072000)/",7180,2000,262100,1883000000,50,true,0.7
"SCR",95732,"/Date(1703473072000)/",7180,1000,260100,1868000000,50,true,0.7
"SCR",95732,"/Date(1703473072000)/",7180,8100,259100,1861000000,50,true,0.7
"SCR",95728,"/Date(1703473068000)/",7180,3000,251000,1803000000,50,true,0.7
"SCR",95618,"/Date(1703472998000)/",7180,500,248000,1781000000,50,true,0.7
"SCR",95559,"/Date(1703472978000)/",7180,1200,247500,1778000000,50,true,0.7
"SCR",95430,"/Date(1703472888000)/",7190,10000,246300,1769000000,60,false,0.84
"SCR",95349,"/Date(1703472849000)/",7190,1000,236300,1697000000,60,false,0.84
"SCR",95330,"/Date(1703472828000)/",7190,9000,235300,1690000000,60,false,0.84
"SCR",95317,"/Date(1703472817000)/",7180,6400,226300,1625000000,50,true,0.7
"SCR",95311,"/Date(1703472811000)/",7190,1000,219900,1579000000,60,false,0.84
"SCR",95252,"/Date(1703472790000)/",7190,10000,218900,1572000000,60,false,0.84
"SCR",95158,"/Date(1703472737000)/",7200,5000,208900,1500000000,70,false,0.98
"SCR",95139,"/Date(1703472716000)/",7200,100,203900,1464000000,70,false,0.98
"SCR",95135,"/Date(1703472715000)/",7180,100,203800,1463000000,50,true,0.7
"SCR",95101,"/Date(1703472678000)/",7200,15800,203700,1463000000,70,false,0.98
"SCR",95057,"/Date(1703472677000)/",7200,15800,187900,1349000000,70,true,0.98
"SCR",95057,"/Date(1703472674000)/",7200,300,172100,1235000000,70,true,0.98
"SCR",95035,"/Date(1703472654000)/",7200,2000,171800,1233000000,70,true,0.98
"SCR",95029,"/Date(1703472646000)/",7200,100,169800,1219000000,70,true,0.98
"SCR",94912,"/Date(1703472569000)/",7210,5000,169700,1218000000,80,false,1.12
"SCR",94912,"/Date(1703472569000)/",7210,4000,164700,1182000000,80,false,1.12
"SCR",94850,"/Date(1703472548000)/",7210,1000,160700,1153000000,80,true,1.12
"SCR",94850,"/Date(1703472548000)/",7210,500,159700,1146000000,80,true,1.12
"SCR",94740,"/Date(1703472477000)/",7210,2000,159200,1142000000,80,true,1.12
"SCR",94718,"/Date(1703472456000)/",7210,300,157200,1128000000,80,false,1.12
"SCR",94718,"/Date(1703472456000)/",7210,300,156900,1126000000,80,false,1.12
"SCR",94718,"/Date(1703472456000)/",7210,1000,156600,1124000000,80,false,1.12
"SCR",94718,"/Date(1703472456000)/",7210,500,155600,1116000000,80,false,1.12
"SCR",94718,"/Date(1703472456000)/",7210,400,155100,1113000000,80,false,1.12
"SCR",94605,"/Date(1703472384000)/",7210,500,154700,1110000000,80,false,1.12
"SCR",94552,"/Date(1703472371000)/",7210,1100,154200,1106000000,80,false,1.12
"SCR",94552,"/Date(1703472371000)/",7210,500,153100,1098000000,80,false,1.12
"SCR",94552,"/Date(1703472371000)/",7210,300,152600,1095000000,80,false,1.12
"SCR",94537,"/Date(1703472355000)/",7200,2000,152300,1093000000,70,true,0.98
"SCR",94524,"/Date(1703472340000)/",7200,10000,150300,1078000000,70,true,0.98
"SCR",94524,"/Date(1703472340000)/",7200,5000,140300,1006000000,70,true,0.98
"SCR",94524,"/Date(1703472340000)/",7200,3000,135300,970000000,70,true,0.98
"SCR",94502,"/Date(1703472320000)/",7200,2500,132300,949000000,70,true,0.98
"SCR",94459,"/Date(1703472316000)/",7200,100,129800,931000000,70,true,0.98
"SCR",94414,"/Date(1703472271000)/",7200,100,129700,930000000,70,true,0.98
"SCR",94408,"/Date(1703472266000)/",7200,2300,129600,929000000,70,true,0.98
"SCR",94408,"/Date(1703472266000)/",7200,100,127300,913000000,70,true,0.98
"SCR",94358,"/Date(1703472256000)/",7200,500,127200,912000000,70,true,0.98
"SCR",94248,"/Date(1703472185000)/",7200,100,126700,908000000,70,true,0.98
"SCR",94242,"/Date(1703472179000)/",7200,100,126600,907000000,70,false,0.98
"SCR",94242,"/Date(1703472179000)/",7200,9200,126500,907000000,70,false,0.98
"SCR",94232,"/Date(1703472170000)/",7200,800,117300,841000000,70,false,0.98
"SCR",94203,"/Date(1703472140000)/",7200,2600,116500,835000000,70,false,0.98
"SCR",94154,"/Date(1703472130000)/",7200,5000,113900,816000000,70,true,0.98
"SCR",94106,"/Date(1703472083000)/",7220,100,108900,780000000,90,false,1.26
"SCR",94106,"/Date(1703472083000)/",7220,100,108800,779000000,90,false,1.26
"SCR",94047,"/Date(1703472064000)/",7220,1000,108700,779000000,90,false,1.26
"SCR",94028,"/Date(1703472046000)/",7200,200,107700,771000000,70,false,0.98
"SCR",94028,"/Date(1703472046000)/",7200,2200,107500,770000000,70,false,0.98
"SCR",94022,"/Date(1703472040000)/",7200,100,105300,754000000,70,false,0.98
"SCR",94012,"/Date(1703472028000)/",7200,3200,105200,753000000,70,false,0.98
"SCR",94012,"/Date(1703472028000)/",7200,100,102000,730000000,70,false,0.98
"SCR",94012,"/Date(1703472028000)/",7200,100,101900,730000000,70,false,0.98
"SCR",94012,"/Date(1703472028000)/",7200,100,101800,729000000,70,false,0.98
"SCR",94012,"/Date(1703472028000)/",7200,200,101700,728000000,70,false,0.98
"SCR",94012,"/Date(1703472028000)/",7200,300,101500,727000000,70,false,0.98
"SCR",94012,"/Date(1703472028000)/",7200,100,101200,725000000,70,false,0.98
"SCR",94012,"/Date(1703472028000)/",7200,100,101100,724000000,70,false,0.98
"SCR",94012,"/Date(1703472028000)/",7200,300,101000,723000000,70,false,0.98
"SCR",94012,"/Date(1703472028000)/",7200,500,100700,721000000,70,false,0.98
"SCR",93924,"/Date(1703471982000)/",7180,100,100200,717000000,50,false,0.7
"SCR",93924,"/Date(1703471982000)/",7180,300,100100,717000000,50,false,0.7
"SCR",93924,"/Date(1703471982000)/",7180,200,99800,715000000,50,false,0.7
"SCR",93924,"/Date(1703471982000)/",7180,100,99600,713000000,50,false,0.7
"SCR",93924,"/Date(1703471982000)/",7180,30000,99500,712000000,50,false,0.7
"SCR",93808,"/Date(1703471907000)/",7180,500,69500,497000000,50,false,0.7
"SCR",93759,"/Date(1703471895000)/",7180,500,69000,493000000,50,false,0.7
"SCR",93736,"/Date(1703471872000)/",7170,6300,68500,490000000,40,false,0.56
"SCR",93736,"/Date(1703471872000)/",7170,100,62200,445000000,40,false,0.56
"SCR",93736,"/Date(1703471872000)/",7170,1000,62100,444000000,40,false,0.56
"SCR",93736,"/Date(1703471872000)/",7170,100,61100,437000000,40,false,0.56
"SCR",93736,"/Date(1703471872000)/",7170,100,61000,436000000,40,false,0.56
"SCR",93733,"/Date(1703471869000)/",7170,900,60900,435000000,40,false,0.56
"SCR",93733,"/Date(1703471869000)/",7170,5000,60000,429000000,40,false,0.56
"SCR",93733,"/Date(1703471869000)/",7170,100,55000,393000000,40,false,0.56
"SCR",93526,"/Date(1703471743000)/",7160,300,54900,392000000,30,false,0.42
"SCR",93520,"/Date(1703471738000)/",7160,200,54600,390000000,30,false,0.42
"SCR",93520,"/Date(1703471738000)/",7160,3100,54400,389000000,30,false,0.42
"SCR",93420,"/Date(1703471675000)/",7160,1900,51300,366000000,30,false,0.42
"SCR",93351,"/Date(1703471648000)/",7160,100,49400,353000000,30,false,0.42
"SCR",93339,"/Date(1703471636000)/",7160,100,49300,352000000,30,false,0.42
"SCR",93257,"/Date(1703471595000)/",7160,300,49200,351000000,30,true,0.42
"SCR",93222,"/Date(1703471560000)/",7160,2000,48900,349000000,30,true,0.42
"SCR",93203,"/Date(1703471539000)/",7160,2700,46900,335000000,30,true,0.42
"SCR",93203,"/Date(1703471539000)/",7160,300,44200,316000000,30,true,0.42
"SCR",93148,"/Date(1703471525000)/",7160,200,43900,314000000,30,true,0.42
"SCR",93116,"/Date(1703471492000)/",7170,300,43700,312000000,40,false,0.56
"SCR",92919,"/Date(1703471376000)/",7170,300,43400,310000000,40,false,0.56
"SCR",92857,"/Date(1703471352000)/",7160,1500,43100,308000000,30,true,0.42
"SCR",92712,"/Date(1703471249000)/",7160,100,41600,297000000,30,false,0.42
"SCR",92537,"/Date(1703471153000)/",7160,100,41500,296000000,30,true,0.42
"SCR",92537,"/Date(1703471153000)/",7160,300,41400,296000000,30,true,0.42
"SCR",92537,"/Date(1703471153000)/",7160,100,41100,293000000,30,true,0.42
"SCR",92515,"/Date(1703471129000)/",7170,4300,41000,293000000,40,true,0.56
"SCR",92508,"/Date(1703471125000)/",7170,1700,36700,262000000,40,true,0.56
"SCR",92508,"/Date(1703471125000)/",7170,2400,35000,250000000,40,true,0.56
"SCR",92243,"/Date(1703470976000)/",7170,2300,32600,233000000,40,false,0.56
"SCR",92208,"/Date(1703470944000)/",7180,500,30300,216000000,50,true,0.7
"SCR",92136,"/Date(1703470912000)/",7170,1100,29800,212000000,40,false,0.56
"SCR",92127,"/Date(1703470901000)/",7170,1000,28700,205000000,40,false,0.56
"SCR",92111,"/Date(1703470887000)/",7180,100,27700,197000000,50,false,0.7
"SCR",92111,"/Date(1703470887000)/",7180,1300,27600,197000000,50,false,0.7
"SCR",92108,"/Date(1703470885000)/",7180,1000,26300,187000000,50,true,0.7
"SCR",92055,"/Date(1703470872000)/",7180,100,25300,180000000,50,true,0.7
"SCR",92055,"/Date(1703470872000)/",7180,500,25200,179000000,50,true,0.7
"SCR",92040,"/Date(1703470854000)/",7180,100,24700,176000000,50,true,0.7
"SCR",92027,"/Date(1703470842000)/",7180,100,24600,175000000,50,false,0.7
"SCR",92021,"/Date(1703470834000)/",7160,4000,24500,174000000,30,true,0.42
"SCR",91817,"/Date(1703470713000)/",7160,1000,20500,146000000,30,false,0.42
"SCR",91739,"/Date(1703470674000)/",7150,400,19500,139000000,20,false,0.28
"SCR",91739,"/Date(1703470674000)/",7150,600,19100,136000000,20,false,0.28
"SCR",91739,"/Date(1703470674000)/",7150,900,18500,131000000,20,false,0.28
"SCR",91727,"/Date(1703470662000)/",7130,1800,17600,125000000,0,true,0
"SCR",91727,"/Date(1703470662000)/",7140,200,15800,112000000,10,true,0.14
"SCR",91549,"/Date(1703470564000)/",7130,1000,15600,111000000,0,false,0
"SCR",91549,"/Date(1703470562000)/",7130,2000,14600,104000000,0,false,0
"SCR",91524,"/Date(1703470539000)/",7130,500,12600,89000000,0,true,0
"SCR",91524,"/Date(1703470539000)/",7130,500,12100,86000000,0,true,0
"SCR",91524,"/Date(1703470539000)/",7130,500,11600,82000000,0,true,0
"SCR",91524,"/Date(1703470539000)/",7130,100,11100,79000000,0,true,0
"SCR",91524,"/Date(1703470539000)/",7130,2000,11000,78000000,0,true,0
"SCR",91524,"/Date(1703470539000)/",7130,2900,9000,64000000,0,true,0
"SCR",91524,"/Date(1703470539000)/",7140,500,6100,43000000,10,true,0.14
"SCR",91521,"/Date(1703470536000)/",7140,500,5600,39000000,10,false,0.14
"SCR",91508,"/Date(1703470522000)/",7140,500,5100,36000000,10,false,0.14
"SCR",91450,"/Date(1703470501000)/",7130,4600,4600,32000000,0,true,0
