"Stockcode","Package","TradingDate","Price","Vol","TotalVol","TotalVal","Change","IsBuy","PerChange"
"VC7",144504,"/Date(1703490301000)/",14800,10600,281452,4117507400,300,false,2.07
"VC7",142946,"/Date(1703489386000)/",14700,5800,270852,3960627400,200,true,1.38
"VC7",142911,"/Date(1703489351000)/",14700,10000,265052,3875367400,200,false,1.38
"VC7",142722,"/Date(1703489242000)/",14600,1000,255052,3728367400,100,true,0.69
"VC7",142657,"/Date(1703489217000)/",14600,100,254052,3713767400,100,true,0.69
"VC7",142655,"/Date(1703489215000)/",14600,100,253952,3712307400,100,true,0.69
"VC7",142648,"/Date(1703489208000)/",14600,500,253852,3710847400,100,true,0.69
"VC7",142455,"/Date(1703489095000)/",14600,200,253352,3703547400,100,true,0.69
"VC7",142358,"/Date(1703489038000)/",14600,1600,253152,3700627400,100,true,0.69
"VC7",142318,"/Date(1703488998000)/",14600,200,251552,3677267400,100,true,0.69
"VC7",142025,"/Date(1703488825000)/",14600,400,251352,3674347400,100,true,0.69
"VC7",141946,"/Date(1703488786000)/",14700,500,250952,3668507400,200,false,1.38
"VC7",141048,"/Date(1703488248000)/",14600,7000,250452,3661157400,100,true,0.69
"VC7",140512,"/Date(1703487913000)/",14600,300,243452,3558957400,100,true,0.69
"VC7",140415,"/Date(1703487856000)/",14700,8000,243152,3554577400,200,false,1.38
"VC7",140414,"/Date(1703487855000)/",14600,500,235152,3436977400,100,true,0.69
"VC7",140410,"/Date(1703487851000)/",14700,1,234652,3429677400,200,false,1.38
"VC7",140315,"/Date(1703487796000)/",14700,400,234651,3429662700,200,false,1.38
"VC7",135918,"/Date(1703487558000)/",14700,1000,234251,3423782700,200,false,1.38
"VC7",135405,"/Date(1703487245000)/",14600,1000,233251,3409082700,100,true,0.69
"VC7",135238,"/Date(1703487158000)/",14600,3800,232251,3394482700,100,false,0.69
"VC7",135135,"/Date(1703487095000)/",14600,200,228451,3339002700,100,true,0.69
"VC7",134655,"/Date(1703486815000)/",14500,2400,228251,3336082700,0,true,0
"VC7",134618,"/Date(1703486778000)/",14600,6500,225851,3301282700,100,true,0.69
"VC7",134140,"/Date(1703486500000)/",14600,100,219351,3206382700,100,true,0.69
"VC7",134137,"/Date(1703486497000)/",14600,10000,219251,3204922700,100,true,0.69
"VC7",133752,"/Date(1703486272000)/",14600,2000,209251,3058922700,100,true,0.69
"VC7",133619,"/Date(1703486180000)/",14700,400,207251,3029722700,200,false,1.38
"VC7",133552,"/Date(1703486153000)/",14700,700,206851,3023842700,200,false,1.38
"VC7",133549,"/Date(1703486150000)/",14800,500,206151,3013552700,300,false,2.07
"VC7",133541,"/Date(1703486142000)/",14700,10000,205651,3006152700,200,true,1.38
"VC7",133458,"/Date(1703486099000)/",14700,1000,195651,2859152700,200,true,1.38
"VC7",133450,"/Date(1703486091000)/",14700,2000,194651,2844452700,200,true,1.38
"VC7",133348,"/Date(1703486029000)/",14700,3000,192651,2815052700,200,true,1.38
"VC7",133340,"/Date(1703486021000)/",14700,300,189651,2770952700,200,true,1.38
"VC7",133312,"/Date(1703485992000)/",14700,200,189351,2766542700,200,true,1.38
"VC7",133143,"/Date(1703485903000)/",14700,900,189151,2763602700,200,true,1.38
"VC7",133119,"/Date(1703485879000)/",14700,2100,188251,2750372700,200,true,1.38
"VC7",132948,"/Date(1703485788000)/",14700,1000,186151,2719502700,200,true,1.38
"VC7",132838,"/Date(1703485718000)/",14700,200,185151,2704802700,200,true,1.38
"VC7",132813,"/Date(1703485693000)/",14700,700,184951,2701862700,200,true,1.38
"VC7",132802,"/Date(1703485682000)/",14700,800,184251,2691572700,200,false,1.38
"VC7",132734,"/Date(1703485654000)/",14700,500,183451,2679812700,200,true,1.38
"VC7",132714,"/Date(1703485634000)/",14700,400,182951,2672462700,200,true,1.38
"VC7",132713,"/Date(1703485633000)/",14700,5000,182551,2666582700,200,false,1.38
"VC7",132649,"/Date(1703485609000)/",14700,1000,177551,2593082700,200,false,1.38
"VC7",132635,"/Date(1703485595000)/",14700,300,176551,2578382700,200,false,1.38
"VC7",132553,"/Date(1703485553000)/",14700,20000,176251,2573972700,200,false,1.38
"VC7",132418,"/Date(1703485458000)/",14700,2000,156251,2279972700,200,false,1.38
"VC7",132336,"/Date(1703485416000)/",14700,800,154251,2250572700,200,false,1.38
"VC7",132250,"/Date(1703485370000)/",14700,22,153451,2238812700,200,false,1.38
"VC7",132220,"/Date(1703485340000)/",14700,7,153429,2238491500,200,false,1.38
"VC7",132151,"/Date(1703485311000)/",14700,100,153422,2238389300,200,false,1.38
"VC7",132005,"/Date(1703485205000)/",14700,900,153322,2236919300,200,true,1.38
"VC7",131945,"/Date(1703485185000)/",14700,5000,152422,2223689300,200,true,1.38
"VC7",131932,"/Date(1703485172000)/",14700,1000,147422,2150189300,200,true,1.38
"VC7",131854,"/Date(1703485134000)/",14700,1000,146422,2135489300,200,true,1.38
"VC7",131849,"/Date(1703485129000)/",14700,200,145422,2120789300,200,true,1.38
"VC7",131826,"/Date(1703485106000)/",14700,500,145222,2117849300,200,true,1.38
"VC7",131820,"/Date(1703485100000)/",14700,1000,144722,2110499300,200,true,1.38
"VC7",131750,"/Date(1703485070000)/",14700,7100,143722,2095799300,200,true,1.38
"VC7",131714,"/Date(1703485034000)/",14600,100,136622,1991429300,100,true,0.69
"VC7",131713,"/Date(1703485033000)/",14700,5000,136522,1989969300,200,false,1.38
"VC7",131103,"/Date(1703484663000)/",14600,100,131522,1916469300,100,true,0.69
"VC7",130724,"/Date(1703484444000)/",14600,1100,131422,1915009300,100,true,0.69
"VC7",130016,"/Date(1703484003000)/",14600,25,130322,1898949300,100,false,0.69
"VC7",112816,"/Date(1703478496000)/",14600,1900,130297,1898586800,100,true,0.69
"VC7",112645,"/Date(1703478404000)/",14600,500,128397,1870846800,100,true,0.69
"VC7",112628,"/Date(1703478387000)/",14600,500,127897,1863546800,100,true,0.69
"VC7",112543,"/Date(1703478342000)/",14600,500,127397,1856246800,100,true,0.69
"VC7",112514,"/Date(1703478313000)/",14600,22,126897,1848946800,100,true,0.69
"VC7",112454,"/Date(1703478293000)/",14600,31,126875,1848627800,100,true,0.69
"VC7",112452,"/Date(1703478291000)/",14600,500,126844,1848178300,100,true,0.69
"VC7",112437,"/Date(1703478276000)/",14600,23,126344,1840878300,100,true,0.69
"VC7",112421,"/Date(1703478260000)/",14600,20,126321,1840544800,100,true,0.69
"VC7",112416,"/Date(1703478255000)/",14600,100,126301,1840254800,100,true,0.69
"VC7",112006,"/Date(1703478005000)/",14600,100,126201,1838794800,100,false,0.69
"VC7",112001,"/Date(1703478000000)/",14600,1,126101,1837334800,100,false,0.69
"VC7",111528,"/Date(1703477728000)/",14600,100,126100,1837320000,100,true,0.69
"VC7",111527,"/Date(1703477727000)/",14600,100,126000,1835860000,100,true,0.69
"VC7",111330,"/Date(1703477610000)/",14600,100,125900,1834400000,100,true,0.69
"VC7",111141,"/Date(1703477501000)/",14600,5000,125800,1832940000,100,true,0.69
"VC7",110929,"/Date(1703477369000)/",14600,300,120800,1759940000,100,true,0.69
"VC7",110848,"/Date(1703477328000)/",14600,400,120500,1755560000,100,true,0.69
"VC7",110645,"/Date(1703477205000)/",14700,500,120100,1749720000,200,false,1.38
"VC7",110355,"/Date(1703477035000)/",14700,100,119600,1742370000,200,false,1.38
"VC7",110337,"/Date(1703477017000)/",14600,300,119500,1740900000,100,true,0.69
"VC7",110250,"/Date(1703476970000)/",14700,500,119200,1736520000,200,false,1.38
"VC7",110117,"/Date(1703476877000)/",14700,600,118700,1729170000,200,false,1.38
"VC7",110023,"/Date(1703476823000)/",14700,700,118100,1720350000,200,false,1.38
"VC7",105959,"/Date(1703476799000)/",14700,100,117400,1710060000,200,false,1.38
"VC7",105728,"/Date(1703476648000)/",14700,500,117300,1708590000,200,false,1.38
"VC7",105635,"/Date(1703476595000)/",14700,10000,116800,1701240000,200,false,1.38
"VC7",105545,"/Date(1703476545000)/",14700,2000,106800,1554240000,200,false,1.38
"VC7",105416,"/Date(1703476456000)/",14700,600,104800,1524840000,200,false,1.38
"VC7",105330,"/Date(1703476410000)/",14700,500,104200,1516020000,200,false,1.38
"VC7",105148,"/Date(1703476308000)/",14600,5000,103700,1508670000,100,true,0.69
"VC7",105108,"/Date(1703476267000)/",14600,1000,98700,1435670000,100,true,0.69
"VC7",105059,"/Date(1703476258000)/",14700,600,97700,1421070000,200,false,1.38
"VC7",105016,"/Date(1703476215000)/",14600,2000,97100,1412250000,100,true,0.69
"VC7",104923,"/Date(1703476162000)/",14600,500,95100,1383050000,100,true,0.69
"VC7",104901,"/Date(1703476140000)/",14600,3000,94600,1375750000,100,true,0.69
"VC7",104857,"/Date(1703476136000)/",14600,1000,91600,1331950000,100,true,0.69
"VC7",104710,"/Date(1703476029000)/",14600,10800,90600,1317350000,100,true,0.69
"VC7",104657,"/Date(1703476016000)/",14600,1000,79800,1159670000,100,false,0.69
"VC7",104652,"/Date(1703476011000)/",14600,100,78800,1145070000,100,false,0.69
"VC7",104650,"/Date(1703476009000)/",14600,3000,78700,1143610000,100,false,0.69
"VC7",104132,"/Date(1703475692000)/",14600,100,75700,1099810000,100,false,0.69
"VC7",103835,"/Date(1703475515000)/",14500,1000,75600,1098350000,0,true,0
"VC7",103709,"/Date(1703475429000)/",14500,300,74600,1083850000,0,true,0
"VC7",103513,"/Date(1703475313000)/",14500,2000,74300,1079500000,0,true,0
"VC7",103323,"/Date(1703475203000)/",14500,300,72300,1050500000,0,true,0
"VC7",103052,"/Date(1703475052000)/",14600,200,72000,1046150000,100,false,0.69
"VC7",103007,"/Date(1703475007000)/",14600,1000,71800,1043230000,100,false,0.69
"VC7",102856,"/Date(1703474936000)/",14600,900,70800,1028630000,100,false,0.69
"VC7",102711,"/Date(1703474831000)/",14500,1000,69900,1015490000,0,true,0
"VC7",102318,"/Date(1703474598000)/",14500,1000,68900,1000990000,0,true,0
"VC7",102049,"/Date(1703474449000)/",14500,5000,67900,986490000,0,true,0
"VC7",101746,"/Date(1703474266000)/",14500,1000,62900,913990000,0,true,0
"VC7",101256,"/Date(1703473976000)/",14600,100,61900,899490000,100,false,0.69
"VC7",101145,"/Date(1703473905000)/",14500,5900,61800,898030000,0,true,0
"VC7",100701,"/Date(1703473621000)/",14600,200,55900,812480000,100,false,0.69
"VC7",100350,"/Date(1703473430000)/",14500,500,55700,809560000,0,true,0
"VC7",100219,"/Date(1703473339000)/",14500,3000,55200,802310000,0,true,0
"VC7",100203,"/Date(1703473323000)/",14500,1000,52200,758810000,0,true,0
"VC7",95750,"/Date(1703473070000)/",14600,300,51200,744310000,100,false,0.69
"VC7",94617,"/Date(1703472377000)/",14600,200,50900,739930000,100,false,0.69
"VC7",94551,"/Date(1703472351000)/",14500,900,50700,737010000,0,true,0
"VC7",94550,"/Date(1703472350000)/",14600,600,49800,723960000,100,false,0.69
"VC7",94547,"/Date(1703472347000)/",14600,300,49200,715200000,100,false,0.69
"VC7",94542,"/Date(1703472342000)/",14600,6100,48900,710820000,100,false,0.69
"VC7",94526,"/Date(1703472326000)/",14600,500,42800,621760000,100,false,0.69
"VC7",94524,"/Date(1703472324000)/",14600,1000,42300,614460000,100,false,0.69
"VC7",94505,"/Date(1703472305000)/",14600,400,41300,599860000,100,false,0.69
"VC7",94444,"/Date(1703472284000)/",14600,600,40900,594020000,100,false,0.69
"VC7",94422,"/Date(1703472262000)/",14600,500,40300,585260000,100,false,0.69
"VC7",94402,"/Date(1703472242000)/",14500,2000,39800,577960000,0,true,0
"VC7",94401,"/Date(1703472241000)/",14600,1000,37800,548960000,100,false,0.69
"VC7",94320,"/Date(1703472200000)/",14500,2000,36800,534360000,0,true,0
"VC7",94226,"/Date(1703472146000)/",14500,800,34800,505360000,0,true,0
"VC7",94152,"/Date(1703472112000)/",14400,2000,34000,493760000,-100,true,-0.69
"VC7",94139,"/Date(1703472099000)/",14500,1000,32000,464960000,0,false,0
"VC7",94128,"/Date(1703472088000)/",14500,2000,31000,450460000,0,false,0
"VC7",94108,"/Date(1703472068000)/",14500,1900,29000,421460000,0,true,0
"VC7",94030,"/Date(1703472030000)/",14500,2000,27100,393910000,0,true,0
"VC7",93818,"/Date(1703471898000)/",14500,1300,25100,364910000,0,true,0
"VC7",93752,"/Date(1703471872000)/",14500,200,23800,346060000,0,true,0
"VC7",93731,"/Date(1703471851000)/",14500,4100,23600,343160000,0,true,0
"VC7",93726,"/Date(1703471846000)/",14500,100,19500,283710000,0,true,0
"VC7",93520,"/Date(1703471720000)/",14500,600,19400,282260000,0,true,0
"VC7",93420,"/Date(1703471660000)/",14500,500,18800,273560000,0,false,0
"VC7",93347,"/Date(1703471627000)/",14500,300,18300,266310000,0,false,0
"VC7",93159,"/Date(1703471519000)/",14500,200,18000,261960000,0,true,0
"VC7",92945,"/Date(1703471385000)/",14500,500,17800,259060000,0,true,0
"VC7",92935,"/Date(1703471375000)/",14500,3100,17300,251810000,0,true,0
"VC7",92833,"/Date(1703471314000)/",14500,1400,14200,206860000,0,true,0
"VC7",92804,"/Date(1703471284000)/",14500,200,12800,186560000,0,true,0
"VC7",92758,"/Date(1703471278000)/",14500,400,12600,183660000,0,true,0
"VC7",92756,"/Date(1703471276000)/",14500,1600,12200,177860000,0,true,0
"VC7",92713,"/Date(1703471234000)/",14500,1100,10600,154660000,0,true,0
"VC7",92506,"/Date(1703471106000)/",14600,1000,9500,138710000,100,false,0.69
"VC7",92215,"/Date(1703470935000)/",14600,100,8500,124110000,100,false,0.69
"VC7",92143,"/Date(1703470903000)/",14600,1000,8400,122650000,100,false,0.69
"VC7",92020,"/Date(1703470820000)/",14600,2000,7400,108050000,100,false,0.69
"VC7",91844,"/Date(1703470724000)/",14600,400,5400,78850000,100,false,0.69
"VC7",91741,"/Date(1703470661000)/",14600,100,5000,73010000,100,false,0.69
"VC7",91637,"/Date(1703470597000)/",14600,400,4900,71550000,100,false,0.69
"VC7",91600,"/Date(1703470560000)/",14600,1200,4500,65710000,100,false,0.69
"VC7",91344,"/Date(1703470424000)/",14600,3200,3300,48190000,100,false,0.69
"VC7",90015,"/Date(1703469603000)/",14700,100,100,1470000,200,false,1.38
