"Stockcode","Package","TradingDate","Price","Vol","TotalVol","TotalVal","Change","IsBuy","PerChange"
"VCB",144416,"/Date(1703490301000)/",81800,91700,1301600,106015000000,900,true,1.11
"VCB",142849,"/Date(1703489376000)/",81600,800,1209900,98514000000,700,true,0.87
"VCB",142849,"/Date(1703489376000)/",81600,200,1209100,98448000000,700,true,0.87
"VCB",142849,"/Date(1703489376000)/",81600,1000,1208900,98432000000,700,true,0.87
"VCB",142845,"/Date(1703489374000)/",81600,1000,1207900,98351000000,700,true,0.87
"VCB",142845,"/Date(1703489374000)/",81600,400,1206900,98269000000,700,true,0.87
"VCB",142842,"/Date(1703489370000)/",81800,100,1206500,98236000000,900,false,1.11
"VCB",142842,"/Date(1703489370000)/",81800,100,1206400,98228000000,900,false,1.11
"VCB",142842,"/Date(1703489370000)/",81800,200,1206300,98220000000,900,false,1.11
"VCB",142842,"/Date(1703489370000)/",81600,500,1206100,98204000000,700,true,0.87
"VCB",142842,"/Date(1703489370000)/",81600,4200,1205600,98163000000,700,true,0.87
"VCB",142842,"/Date(1703489370000)/",81700,200,1201400,97820000000,800,true,0.99
"VCB",142826,"/Date(1703489352000)/",81600,2000,1201200,97804000000,700,true,0.87
"VCB",142817,"/Date(1703489345000)/",81800,100,1199200,97641000000,900,false,1.11
"VCB",142817,"/Date(1703489343000)/",81600,1700,1199100,97632000000,700,true,0.87
"VCB",142817,"/Date(1703489343000)/",81700,300,1197400,97494000000,800,false,0.99
"VCB",142814,"/Date(1703489340000)/",81800,100,1197100,97469000000,900,false,1.11
"VCB",142807,"/Date(1703489335000)/",81800,1000,1197000,97461000000,900,false,1.11
"VCB",142732,"/Date(1703489300000)/",81800,800,1196000,97379000000,900,false,1.11
"VCB",142732,"/Date(1703489300000)/",81800,100,1195200,97314000000,900,false,1.11
"VCB",142732,"/Date(1703489300000)/",81800,100,1195100,97306000000,900,false,1.11
"VCB",142732,"/Date(1703489300000)/",81800,1300,1195000,97297000000,900,false,1.11
"VCB",142732,"/Date(1703489300000)/",81700,100,1193700,97191000000,800,false,0.99
"VCB",142713,"/Date(1703489280000)/",81600,100,1193600,97183000000,700,true,0.87
"VCB",142713,"/Date(1703489280000)/",81700,100,1193500,97175000000,800,true,0.99
"VCB",142703,"/Date(1703489269000)/",81800,1500,1193400,97167000000,900,false,1.11
"VCB",142703,"/Date(1703489269000)/",81700,900,1191900,97044000000,800,true,0.99
"VCB",142657,"/Date(1703489264000)/",81700,300,1191000,96970000000,800,false,0.99
"VCB",142641,"/Date(1703489249000)/",81700,600,1190700,96946000000,800,false,0.99
"VCB",142631,"/Date(1703489238000)/",81800,200,1190100,96897000000,900,false,1.11
"VCB",142631,"/Date(1703489238000)/",81800,1000,1189900,96880000000,900,false,1.11
"VCB",142631,"/Date(1703489238000)/",81800,100,1188900,96799000000,900,false,1.11
"VCB",142631,"/Date(1703489238000)/",81800,100,1188800,96790000000,900,false,1.11
"VCB",142631,"/Date(1703489238000)/",81800,100,1188700,96782000000,900,false,1.11
"VCB",142631,"/Date(1703489238000)/",81800,100,1188600,96774000000,900,false,1.11
"VCB",142631,"/Date(1703489238000)/",81800,100,1188500,96766000000,900,false,1.11
"VCB",142631,"/Date(1703489238000)/",81800,100,1188400,96758000000,900,false,1.11
"VCB",142631,"/Date(1703489238000)/",81800,100,1188300,96750000000,900,false,1.11
"VCB",142631,"/Date(1703489238000)/",81800,500,1188200,96741000000,900,false,1.11
"VCB",142625,"/Date(1703489232000)/",81800,500,1187700,96700000000,900,false,1.11
"VCB",142625,"/Date(1703489232000)/",81800,100,1187200,96660000000,900,false,1.11
"VCB",142625,"/Date(1703489232000)/",81800,200,1187100,96651000000,900,false,1.11
"VCB",142625,"/Date(1703489232000)/",81800,500,1186900,96635000000,900,false,1.11
"VCB",142625,"/Date(1703489232000)/",81800,100,1186400,96594000000,900,false,1.11
"VCB",142619,"/Date(1703489227000)/",81800,100,1186300,96586000000,900,false,1.11
"VCB",142559,"/Date(1703489207000)/",81800,100,1186200,96578000000,900,false,1.11
"VCB",142559,"/Date(1703489207000)/",81800,200,1186100,96570000000,900,false,1.11
"VCB",142559,"/Date(1703489207000)/",81800,800,1185900,96553000000,900,false,1.11
"VCB",142559,"/Date(1703489207000)/",81700,1200,1185100,96488000000,800,false,0.99
"VCB",142559,"/Date(1703489207000)/",81700,100,1183900,96390000000,800,false,0.99
"VCB",142553,"/Date(1703489201000)/",81700,1400,1183800,96382000000,800,false,0.99
"VCB",142553,"/Date(1703489200000)/",81700,300,1182400,96267000000,800,false,0.99
"VCB",142553,"/Date(1703489199000)/",81600,1600,1182100,96243000000,700,true,0.87
"VCB",142540,"/Date(1703489188000)/",81600,100,1180500,96112000000,700,true,0.87
"VCB",142527,"/Date(1703489176000)/",81700,1200,1180400,96104000000,800,false,0.99
"VCB",142527,"/Date(1703489176000)/",81700,1200,1179200,96006000000,800,false,0.99
"VCB",142524,"/Date(1703489170000)/",81700,1400,1178000,95908000000,800,false,0.99
"VCB",142459,"/Date(1703489145000)/",81700,2400,1176600,95793000000,800,false,0.99
"VCB",142455,"/Date(1703489143000)/",81700,100,1174200,95597000000,800,false,0.99
"VCB",142452,"/Date(1703489139000)/",81700,1400,1174100,95589000000,800,false,0.99
"VCB",142430,"/Date(1703489116000)/",81700,700,1172700,95475000000,800,false,0.99
"VCB",142430,"/Date(1703489116000)/",81700,100,1172000,95418000000,800,false,0.99
"VCB",142430,"/Date(1703489116000)/",81700,200,1171900,95409000000,800,false,0.99
"VCB",142427,"/Date(1703489114000)/",81700,100,1171700,95393000000,800,false,0.99
"VCB",142427,"/Date(1703489114000)/",81700,100,1171600,95385000000,800,false,0.99
"VCB",142427,"/Date(1703489114000)/",81700,300,1171500,95377000000,800,false,0.99
"VCB",142427,"/Date(1703489114000)/",81700,600,1171200,95352000000,800,false,0.99
"VCB",142427,"/Date(1703489114000)/",81700,200,1170600,95303000000,800,false,0.99
"VCB",142427,"/Date(1703489114000)/",81700,1100,1170400,95287000000,800,false,0.99
"VCB",142420,"/Date(1703489109000)/",81700,1400,1169300,95197000000,800,false,0.99
"VCB",142420,"/Date(1703489108000)/",81700,900,1167900,95083000000,800,false,0.99
"VCB",142414,"/Date(1703489102000)/",81600,300,1167000,95009000000,700,true,0.87
"VCB",142414,"/Date(1703489102000)/",81600,100,1166700,94985000000,700,true,0.87
"VCB",142414,"/Date(1703489102000)/",81600,2000,1166600,94977000000,700,true,0.87
"VCB",142414,"/Date(1703489102000)/",81600,2000,1164600,94813000000,700,true,0.87
"VCB",142414,"/Date(1703489102000)/",81600,5000,1162600,94650000000,700,true,0.87
"VCB",142414,"/Date(1703489102000)/",81600,300,1157600,94242000000,700,true,0.87
"VCB",142414,"/Date(1703489102000)/",81600,1000,1157300,94218000000,700,true,0.87
"VCB",142414,"/Date(1703489102000)/",81600,100,1156300,94136000000,700,true,0.87
"VCB",142408,"/Date(1703489096000)/",81600,100,1156200,94128000000,700,true,0.87
"VCB",142404,"/Date(1703489091000)/",81700,100,1156100,94120000000,800,false,0.99
"VCB",142358,"/Date(1703489086000)/",81700,300,1156000,94112000000,800,false,0.99
"VCB",142355,"/Date(1703489083000)/",81700,2400,1155700,94087000000,800,false,0.99
"VCB",142352,"/Date(1703489078000)/",81700,1400,1153300,93891000000,800,false,0.99
"VCB",142326,"/Date(1703489052000)/",81700,2400,1151900,93777000000,800,false,0.99
"VCB",142323,"/Date(1703489049000)/",81700,1400,1149500,93580000000,800,false,0.99
"VCB",142300,"/Date(1703489028000)/",81600,200,1148100,93466000000,700,true,0.87
"VCB",142257,"/Date(1703489024000)/",81700,2400,1147900,93450000000,800,false,0.99
"VCB",142254,"/Date(1703489021000)/",81700,2400,1145500,93254000000,800,false,0.99
"VCB",142251,"/Date(1703489016000)/",81700,1300,1143100,93058000000,800,false,0.99
"VCB",142235,"/Date(1703489003000)/",81600,100,1141800,92951000000,700,true,0.87
"VCB",142225,"/Date(1703488990000)/",81700,2400,1141700,92943000000,800,false,0.99
"VCB",142222,"/Date(1703488990000)/",81700,100,1139300,92747000000,800,true,0.99
"VCB",142219,"/Date(1703488985000)/",81800,200,1139200,92739000000,900,false,1.11
"VCB",142219,"/Date(1703488985000)/",81800,300,1139000,92723000000,900,false,1.11
"VCB",142219,"/Date(1703488985000)/",81800,200,1138700,92698000000,900,false,1.11
"VCB",142219,"/Date(1703488985000)/",81800,100,1138500,92682000000,900,false,1.11
"VCB",142219,"/Date(1703488985000)/",81800,200,1138400,92674000000,900,false,1.11
"VCB",142219,"/Date(1703488985000)/",81800,200,1138200,92657000000,900,false,1.11
"VCB",142219,"/Date(1703488985000)/",81800,100,1138000,92641000000,900,false,1.11
"VCB",142153,"/Date(1703488959000)/",81800,400,1137900,92633000000,900,false,1.11
"VCB",142153,"/Date(1703488959000)/",81800,1600,1137500,92600000000,900,false,1.11
"VCB",142153,"/Date(1703488959000)/",81700,400,1135900,92469000000,800,false,0.99
"VCB",142147,"/Date(1703488954000)/",81700,1300,1135500,92436000000,800,false,0.99
"VCB",142140,"/Date(1703488945000)/",81700,100,1134200,92330000000,800,false,0.99
"VCB",142121,"/Date(1703488928000)/",81800,400,1134100,92322000000,900,false,1.11
"VCB",142121,"/Date(1703488928000)/",81800,500,1133700,92289000000,900,false,1.11
"VCB",142121,"/Date(1703488928000)/",81800,100,1133200,92248000000,900,false,1.11
"VCB",142121,"/Date(1703488928000)/",81800,200,1133100,92240000000,900,false,1.11
"VCB",142121,"/Date(1703488928000)/",81800,200,1132900,92224000000,900,false,1.11
"VCB",142121,"/Date(1703488928000)/",81800,100,1132700,92207000000,900,false,1.11
"VCB",142121,"/Date(1703488928000)/",81800,500,1132600,92199000000,900,false,1.11
"VCB",142121,"/Date(1703488928000)/",81700,100,1132100,92158000000,800,false,0.99
"VCB",142121,"/Date(1703488928000)/",81700,100,1132000,92150000000,800,false,0.99
"VCB",142121,"/Date(1703488928000)/",81700,200,1131900,92142000000,800,false,0.99
"VCB",142118,"/Date(1703488923000)/",81700,1000,1131700,92126000000,800,false,0.99
"VCB",142118,"/Date(1703488923000)/",81700,300,1130700,92044000000,800,false,0.99
"VCB",142105,"/Date(1703488911000)/",81600,200,1130400,92020000000,700,true,0.87
"VCB",142102,"/Date(1703488908000)/",81700,1000,1130200,92003000000,800,false,0.99
"VCB",142056,"/Date(1703488901000)/",81700,100,1129200,91922000000,800,false,0.99
"VCB",142049,"/Date(1703488897000)/",81700,2200,1129100,91913000000,800,false,0.99
"VCB",142049,"/Date(1703488897000)/",81700,100,1126900,91734000000,800,false,0.99
"VCB",142049,"/Date(1703488897000)/",81700,100,1126800,91725000000,800,false,0.99
"VCB",142046,"/Date(1703488892000)/",81700,400,1126700,91717000000,800,false,0.99
"VCB",142046,"/Date(1703488892000)/",81700,800,1126300,91685000000,800,false,0.99
"VCB",142046,"/Date(1703488892000)/",81700,100,1125500,91619000000,800,false,0.99
"VCB",142043,"/Date(1703488890000)/",81700,200,1125400,91611000000,800,false,0.99
"VCB",142020,"/Date(1703488866000)/",81700,2400,1125200,91595000000,800,false,0.99
"VCB",142014,"/Date(1703488861000)/",81700,1300,1122800,91399000000,800,false,0.99
"VCB",141955,"/Date(1703488841000)/",81600,600,1121500,91292000000,700,true,0.87
"VCB",141948,"/Date(1703488835000)/",81700,1000,1120900,91243000000,800,false,0.99
"VCB",141948,"/Date(1703488835000)/",81700,100,1119900,91162000000,800,false,0.99
"VCB",141948,"/Date(1703488835000)/",81700,100,1119800,91154000000,800,false,0.99
"VCB",141948,"/Date(1703488835000)/",81700,1200,1119700,91145000000,800,false,0.99
"VCB",141945,"/Date(1703488830000)/",81700,1200,1118500,91047000000,800,false,0.99
"VCB",141932,"/Date(1703488819000)/",81600,200,1117300,90949000000,700,true,0.87
"VCB",141923,"/Date(1703488810000)/",81600,1000,1117100,90933000000,700,true,0.87
"VCB",141916,"/Date(1703488804000)/",81700,500,1116100,90851000000,800,false,0.99
"VCB",141916,"/Date(1703488804000)/",81600,1900,1115600,90811000000,700,false,0.87
"VCB",141913,"/Date(1703488800000)/",81600,1200,1113700,90656000000,700,false,0.87
"VCB",141904,"/Date(1703488791000)/",81600,500,1112500,90558000000,700,false,0.87
"VCB",141854,"/Date(1703488779000)/",81700,100,1112000,90517000000,800,false,0.99
"VCB",141848,"/Date(1703488775000)/",81600,300,1111900,90509000000,700,true,0.87
"VCB",141848,"/Date(1703488775000)/",81600,2700,1111600,90484000000,700,true,0.87
"VCB",141848,"/Date(1703488774000)/",81700,2300,1108900,90264000000,800,false,0.99
"VCB",141841,"/Date(1703488769000)/",81700,1200,1106600,90076000000,800,false,0.99
"VCB",141829,"/Date(1703488754000)/",81600,100,1105400,89978000000,700,true,0.87
"VCB",141816,"/Date(1703488742000)/",81700,500,1105300,89970000000,800,false,0.99
"VCB",141816,"/Date(1703488742000)/",81700,200,1104800,89929000000,800,false,0.99
"VCB",141816,"/Date(1703488742000)/",81700,100,1104600,89913000000,800,false,0.99
"VCB",141816,"/Date(1703488742000)/",81700,800,1104500,89904000000,800,false,0.99
"VCB",141816,"/Date(1703488742000)/",81700,100,1103700,89839000000,800,false,0.99
"VCB",141816,"/Date(1703488742000)/",81700,100,1103600,89831000000,800,false,0.99
"VCB",141816,"/Date(1703488742000)/",81700,200,1103500,89823000000,800,false,0.99
"VCB",141816,"/Date(1703488742000)/",81700,200,1103300,89806000000,800,false,0.99
"VCB",141816,"/Date(1703488742000)/",81700,100,1103100,89790000000,800,false,0.99
"VCB",141813,"/Date(1703488738000)/",81700,100,1103000,89782000000,800,false,0.99
"VCB",141813,"/Date(1703488738000)/",81700,100,1102900,89774000000,800,false,0.99
"VCB",141813,"/Date(1703488738000)/",81700,100,1102800,89765000000,800,false,0.99
"VCB",141813,"/Date(1703488738000)/",81700,200,1102700,89757000000,800,false,0.99
"VCB",141813,"/Date(1703488738000)/",81700,100,1102500,89741000000,800,false,0.99
"VCB",141813,"/Date(1703488738000)/",81700,100,1102400,89733000000,800,false,0.99
"VCB",141813,"/Date(1703488738000)/",81700,100,1102300,89725000000,800,false,0.99
"VCB",141813,"/Date(1703488738000)/",81700,100,1102200,89716000000,800,false,0.99
"VCB",141813,"/Date(1703488738000)/",81700,100,1102100,89708000000,800,false,0.99
"VCB",141813,"/Date(1703488738000)/",81700,200,1102000,89700000000,800,false,0.99
"VCB",141813,"/Date(1703488738000)/",81600,700,1101800,89684000000,700,false,0.87
"VCB",141813,"/Date(1703488738000)/",81600,26500,1101100,89627000000,700,false,0.87
"VCB",141800,"/Date(1703488727000)/",81500,200,1074600,87464000000,600,true,0.74
"VCB",141744,"/Date(1703488711000)/",81600,2300,1074400,87448000000,700,false,0.87
"VCB",141741,"/Date(1703488707000)/",81600,1200,1072100,87260000000,700,false,0.87
"VCB",141715,"/Date(1703488682000)/",81700,100,1070900,87162000000,800,false,0.99
"VCB",141715,"/Date(1703488682000)/",81700,100,1070800,87154000000,800,false,0.99
"VCB",141715,"/Date(1703488680000)/",81700,1000,1070700,87146000000,800,false,0.99
"VCB",141715,"/Date(1703488680000)/",81700,100,1069700,87064000000,800,false,0.99
"VCB",141715,"/Date(1703488680000)/",81700,1000,1069600,87056000000,800,false,0.99
"VCB",141715,"/Date(1703488680000)/",81700,100,1068600,86974000000,800,false,0.99
"VCB",141715,"/Date(1703488680000)/",81700,100,1068500,86966000000,800,false,0.99
"VCB",141709,"/Date(1703488676000)/",81700,100,1068400,86958000000,800,false,0.99
"VCB",141709,"/Date(1703488676000)/",81600,1000,1068300,86950000000,700,false,0.87
"VCB",141709,"/Date(1703488676000)/",81600,100,1067300,86868000000,700,false,0.87
"VCB",141643,"/Date(1703488649000)/",81700,200,1067200,86860000000,800,false,0.99
"VCB",141643,"/Date(1703488649000)/",81700,1000,1067000,86844000000,800,false,0.99
"VCB",141643,"/Date(1703488649000)/",81700,100,1066000,86762000000,800,false,0.99
"VCB",141643,"/Date(1703488649000)/",81500,1000,1065900,86754000000,600,false,0.74
"VCB",141640,"/Date(1703488645000)/",81500,1200,1064900,86672000000,600,false,0.74
"VCB",141630,"/Date(1703488635000)/",81400,200,1063700,86575000000,500,true,0.62
"VCB",141624,"/Date(1703488631000)/",81500,100,1063500,86558000000,600,true,0.74
"VCB",141624,"/Date(1703488629000)/",81500,2000,1063400,86550000000,600,true,0.74
"VCB",141624,"/Date(1703488629000)/",81500,10000,1061400,86387000000,600,true,0.74
"VCB",141624,"/Date(1703488629000)/",81500,1000,1051400,85572000000,600,true,0.74
"VCB",141624,"/Date(1703488629000)/",81500,3700,1050400,85491000000,600,true,0.74
"VCB",141624,"/Date(1703488629000)/",81600,1000,1046700,85189000000,700,true,0.87
"VCB",141621,"/Date(1703488628000)/",81600,3000,1045700,85108000000,700,false,0.87
"VCB",141621,"/Date(1703488626000)/",81600,200,1042700,84863000000,700,false,0.87
"VCB",141621,"/Date(1703488626000)/",81600,800,1042500,84846000000,700,false,0.87
"VCB",141621,"/Date(1703488626000)/",81600,200,1041700,84781000000,700,false,0.87
"VCB",141621,"/Date(1703488626000)/",81600,100,1041500,84765000000,700,false,0.87
"VCB",141621,"/Date(1703488626000)/",81600,100,1041400,84757000000,700,false,0.87
"VCB",141621,"/Date(1703488626000)/",81600,200,1041300,84749000000,700,false,0.87
"VCB",141621,"/Date(1703488626000)/",81600,1000,1041100,84732000000,700,false,0.87
"VCB",141621,"/Date(1703488626000)/",81600,10000,1040100,84651000000,700,false,0.87
"VCB",141621,"/Date(1703488626000)/",81600,100,1030100,83835000000,700,false,0.87
"VCB",141621,"/Date(1703488626000)/",81600,100,1030000,83826000000,700,false,0.87
"VCB",141621,"/Date(1703488626000)/",81600,3600,1029900,83818000000,700,false,0.87
"VCB",141621,"/Date(1703488626000)/",81600,200,1026300,83525000000,700,false,0.87
"VCB",141621,"/Date(1703488626000)/",81600,600,1026100,83508000000,700,false,0.87
"VCB",141621,"/Date(1703488626000)/",81600,100,1025500,83459000000,700,false,0.87
"VCB",141621,"/Date(1703488626000)/",81600,200,1025400,83451000000,700,false,0.87
"VCB",141621,"/Date(1703488626000)/",81600,200,1025200,83435000000,700,false,0.87
"VCB",141621,"/Date(1703488626000)/",81600,100,1025000,83418000000,700,false,0.87
"VCB",141621,"/Date(1703488626000)/",81600,100,1024900,83410000000,700,false,0.87
"VCB",141621,"/Date(1703488626000)/",81600,8000,1024800,83402000000,700,false,0.87
"VCB",141621,"/Date(1703488626000)/",81600,100,1016800,82749000000,700,false,0.87
"VCB",141621,"/Date(1703488626000)/",81600,3600,1016700,82741000000,700,false,0.87
"VCB",141621,"/Date(1703488626000)/",81600,1400,1013100,82447000000,700,false,0.87
"VCB",141611,"/Date(1703488619000)/",81600,1200,1011700,82333000000,700,false,0.87
"VCB",141558,"/Date(1703488604000)/",81600,500,1010500,82235000000,700,false,0.87
"VCB",141558,"/Date(1703488604000)/",81600,200,1010000,82194000000,700,false,0.87
"VCB",141536,"/Date(1703488583000)/",81600,1200,1009800,82178000000,700,false,0.87
"VCB",141520,"/Date(1703488565000)/",81600,500,1008600,82080000000,700,false,0.87
"VCB",141520,"/Date(1703488565000)/",81600,100,1008100,82039000000,700,false,0.87
"VCB",141520,"/Date(1703488565000)/",81600,100,1008000,82031000000,700,false,0.87
"VCB",141520,"/Date(1703488565000)/",81600,100,1007900,82023000000,700,false,0.87
"VCB",141520,"/Date(1703488565000)/",81600,700,1007800,82015000000,700,false,0.87
"VCB",141520,"/Date(1703488564000)/",81500,6300,1007100,81958000000,600,true,0.74
"VCB",141520,"/Date(1703488564000)/",81500,200,1000800,81444000000,600,true,0.74
"VCB",141520,"/Date(1703488564000)/",81500,700,1000600,81428000000,600,true,0.74
"VCB",141517,"/Date(1703488562000)/",81600,700,999900,81371000000,700,false,0.87
"VCB",141507,"/Date(1703488554000)/",81500,200,999200,81314000000,600,false,0.74
"VCB",141507,"/Date(1703488552000)/",81600,300,999000,81298000000,700,false,0.87
"VCB",141507,"/Date(1703488552000)/",81500,900,998700,81273000000,600,false,0.74
"VCB",141501,"/Date(1703488547000)/",81500,100,997800,81200000000,600,true,0.74
"VCB",141501,"/Date(1703488547000)/",81500,2500,997700,81192000000,600,true,0.74
"VCB",141501,"/Date(1703488547000)/",81500,100,995200,80988000000,600,true,0.74
"VCB",141455,"/Date(1703488542000)/",81500,200,995100,80980000000,600,true,0.74
"VCB",141455,"/Date(1703488541000)/",81600,700,994900,80963000000,700,false,0.87
"VCB",141455,"/Date(1703488541000)/",81600,100,994200,80906000000,700,false,0.87
"VCB",141455,"/Date(1703488541000)/",81600,700,994100,80898000000,700,false,0.87
"VCB",141439,"/Date(1703488526000)/",81600,300,993400,80841000000,700,false,0.87
"VCB",141439,"/Date(1703488526000)/",81600,100,993100,80817000000,700,false,0.87
"VCB",141439,"/Date(1703488526000)/",81600,100,993000,80808000000,700,false,0.87
"VCB",141439,"/Date(1703488526000)/",81600,1900,992900,80800000000,700,false,0.87
"VCB",141435,"/Date(1703488522000)/",81600,1500,991000,80645000000,700,false,0.87
"VCB",141435,"/Date(1703488520000)/",81600,1100,989500,80523000000,700,false,0.87
"VCB",141435,"/Date(1703488520000)/",81600,100,988400,80433000000,700,false,0.87
"VCB",141432,"/Date(1703488518000)/",81600,300,988300,80425000000,700,false,0.87
"VCB",141432,"/Date(1703488518000)/",81600,800,988000,80400000000,700,false,0.87
"VCB",141432,"/Date(1703488518000)/",81600,1000,987200,80335000000,700,false,0.87
"VCB",141429,"/Date(1703488515000)/",81500,200,986200,80254000000,600,true,0.74
"VCB",141423,"/Date(1703488508000)/",81600,700,986000,80237000000,700,false,0.87
"VCB",141423,"/Date(1703488508000)/",81600,400,985300,80180000000,700,false,0.87
"VCB",141423,"/Date(1703488508000)/",81500,1000,984900,80147000000,600,false,0.74
"VCB",141419,"/Date(1703488504000)/",81500,500,983900,80066000000,600,false,0.74
"VCB",141416,"/Date(1703488503000)/",81400,100,983400,80025000000,500,true,0.62
"VCB",141416,"/Date(1703488503000)/",81500,1500,983300,80017000000,600,false,0.74
"VCB",141413,"/Date(1703488500000)/",81600,2100,981800,79895000000,700,false,0.87
"VCB",141410,"/Date(1703488495000)/",81500,100,979700,79723000000,600,false,0.74
"VCB",141410,"/Date(1703488495000)/",81500,4400,979600,79715000000,600,false,0.74
"VCB",141407,"/Date(1703488492000)/",81500,2300,975200,79357000000,600,false,0.74
"VCB",141407,"/Date(1703488491000)/",81400,300,972900,79169000000,500,true,0.62
"VCB",141403,"/Date(1703488489000)/",81500,1200,972600,79145000000,600,false,0.74
"VCB",141357,"/Date(1703488483000)/",81500,1500,971400,79047000000,600,false,0.74
"VCB",141357,"/Date(1703488482000)/",81500,600,969900,78925000000,600,false,0.74
"VCB",141357,"/Date(1703488482000)/",81500,200,969300,78876000000,600,false,0.74
"VCB",141357,"/Date(1703488482000)/",81500,1400,969100,78860000000,600,false,0.74
"VCB",141347,"/Date(1703488473000)/",81500,2200,967700,78745000000,600,false,0.74
"VCB",141344,"/Date(1703488471000)/",81500,200,965500,78566000000,600,false,0.74
"VCB",141338,"/Date(1703488463000)/",81500,1500,965300,78550000000,600,false,0.74
"VCB",141335,"/Date(1703488459000)/",81400,200,963800,78428000000,500,true,0.62
"VCB",141331,"/Date(1703488458000)/",81500,1200,963600,78411000000,600,false,0.74
"VCB",141325,"/Date(1703488450000)/",81400,200,962400,78314000000,500,true,0.62
"VCB",141303,"/Date(1703488428000)/",81400,300,962200,78297000000,500,true,0.62
"VCB",141300,"/Date(1703488426000)/",81500,700,961900,78273000000,600,false,0.74
"VCB",141300,"/Date(1703488426000)/",81500,100,961200,78216000000,600,false,0.74
"VCB",141300,"/Date(1703488426000)/",81500,200,961100,78208000000,600,false,0.74
"VCB",141300,"/Date(1703488426000)/",81500,100,960900,78191000000,600,false,0.74
"VCB",141300,"/Date(1703488426000)/",81500,100,960800,78183000000,600,false,0.74
"VCB",141244,"/Date(1703488410000)/",81500,100,960700,78175000000,600,false,0.74
"VCB",141231,"/Date(1703488396000)/",81400,200,960600,78167000000,500,true,0.62
"VCB",141231,"/Date(1703488395000)/",81500,1200,960400,78151000000,600,false,0.74
"VCB",141205,"/Date(1703488370000)/",81400,1000,959200,78053000000,500,true,0.62
"VCB",141159,"/Date(1703488365000)/",81400,300,958200,77971000000,500,true,0.62
"VCB",141159,"/Date(1703488363000)/",81500,200,957900,77947000000,600,false,0.74
"VCB",141159,"/Date(1703488363000)/",81500,300,957700,77931000000,600,false,0.74
"VCB",141159,"/Date(1703488363000)/",81500,300,957400,77906000000,600,false,0.74
"VCB",141159,"/Date(1703488363000)/",81500,400,957100,77882000000,600,false,0.74
"VCB",141153,"/Date(1703488358000)/",81400,200,956700,77849000000,500,true,0.62
"VCB",141127,"/Date(1703488332000)/",81500,1200,956500,77833000000,600,false,0.74
"VCB",141127,"/Date(1703488331000)/",81500,300,955300,77735000000,600,false,0.74
"VCB",141124,"/Date(1703488330000)/",81400,300,955000,77711000000,500,true,0.62
"VCB",141108,"/Date(1703488314000)/",81500,1100,954700,77686000000,600,false,0.74
"VCB",141108,"/Date(1703488314000)/",81500,200,953600,77597000000,600,false,0.74
"VCB",141108,"/Date(1703488314000)/",81500,1000,953400,77580000000,600,false,0.74
"VCB",141108,"/Date(1703488314000)/",81500,200,952400,77499000000,600,false,0.74
"VCB",141108,"/Date(1703488313000)/",81400,1400,952200,77482000000,500,true,0.62
"VCB",141108,"/Date(1703488313000)/",81400,500,950800,77369000000,500,true,0.62
"VCB",141108,"/Date(1703488313000)/",81400,1100,950300,77328000000,500,true,0.62
"VCB",141055,"/Date(1703488302000)/",81500,100,949200,77238000000,600,false,0.74
"VCB",141055,"/Date(1703488302000)/",81500,1100,949100,77230000000,600,false,0.74
"VCB",141045,"/Date(1703488291000)/",81400,300,948000,77140000000,500,true,0.62
"VCB",141026,"/Date(1703488270000)/",81500,1200,947700,77116000000,600,false,0.74
"VCB",141020,"/Date(1703488266000)/",81400,100,946500,77018000000,500,true,0.62
"VCB",141020,"/Date(1703488266000)/",81400,100,946400,77010000000,500,true,0.62
"VCB",141014,"/Date(1703488258000)/",81400,100,946300,77002000000,500,true,0.62
"VCB",141014,"/Date(1703488258000)/",81400,200,946200,76994000000,500,true,0.62
"VCB",141004,"/Date(1703488249000)/",81500,100,946000,76978000000,600,false,0.74
"VCB",141004,"/Date(1703488248000)/",81500,200,945900,76969000000,600,false,0.74
"VCB",140954,"/Date(1703488239000)/",81500,1200,945700,76953000000,600,false,0.74
"VCB",140942,"/Date(1703488227000)/",81500,2000,944500,76855000000,600,false,0.74
"VCB",140935,"/Date(1703488222000)/",81400,300,942500,76692000000,500,true,0.62
"VCB",140929,"/Date(1703488215000)/",81400,300,942200,76668000000,500,true,0.62
"VCB",140926,"/Date(1703488210000)/",81400,200,941900,76643000000,500,true,0.62
"VCB",140926,"/Date(1703488210000)/",81400,600,941700,76627000000,500,true,0.62
"VCB",140923,"/Date(1703488208000)/",81500,1200,941100,76578000000,600,false,0.74
"VCB",140903,"/Date(1703488190000)/",81400,200,939900,76481000000,500,true,0.62
"VCB",140851,"/Date(1703488177000)/",81500,1200,939700,76464000000,600,false,0.74
"VCB",140847,"/Date(1703488173000)/",81400,200,938500,76366000000,500,true,0.62
"VCB",140838,"/Date(1703488162000)/",81500,100,938300,76350000000,600,false,0.74
"VCB",140822,"/Date(1703488148000)/",81400,700,938200,76342000000,500,true,0.62
"VCB",140822,"/Date(1703488146000)/",81500,1500,937500,76285000000,600,false,0.74
"VCB",140819,"/Date(1703488145000)/",81500,1000,936000,76163000000,600,false,0.74
"VCB",140819,"/Date(1703488145000)/",81500,100,935000,76081000000,600,false,0.74
"VCB",140819,"/Date(1703488145000)/",81500,100,934900,76073000000,600,false,0.74
"VCB",140806,"/Date(1703488131000)/",81400,200,934800,76065000000,500,true,0.62
"VCB",140806,"/Date(1703488131000)/",81400,200,934600,76049000000,500,true,0.62
"VCB",140806,"/Date(1703488131000)/",81400,200,934400,76032000000,500,true,0.62
"VCB",140806,"/Date(1703488131000)/",81400,500,934200,76016000000,500,true,0.62
"VCB",140806,"/Date(1703488131000)/",81400,300,933700,75975000000,500,true,0.62
"VCB",140806,"/Date(1703488131000)/",81400,1000,933400,75951000000,500,true,0.62
"VCB",140806,"/Date(1703488131000)/",81400,1100,932400,75870000000,500,true,0.62
"VCB",140806,"/Date(1703488131000)/",81400,100,931300,75780000000,500,true,0.62
"VCB",140756,"/Date(1703488121000)/",81400,700,931200,75772000000,500,true,0.62
"VCB",140756,"/Date(1703488121000)/",81400,500,930500,75715000000,500,true,0.62
"VCB",140756,"/Date(1703488121000)/",81400,200,930000,75674000000,500,true,0.62
"VCB",140756,"/Date(1703488121000)/",81400,2200,929800,75658000000,500,true,0.62
"VCB",140753,"/Date(1703488119000)/",81500,100,927600,75479000000,600,false,0.74
"VCB",140750,"/Date(1703488114000)/",81500,1200,927500,75471000000,600,false,0.74
"VCB",140750,"/Date(1703488114000)/",81400,3600,926300,75373000000,500,true,0.62
"VCB",140737,"/Date(1703488102000)/",81400,4200,922700,75080000000,500,true,0.62
"VCB",140724,"/Date(1703488090000)/",81400,300,918500,74738000000,500,true,0.62
"VCB",140724,"/Date(1703488090000)/",81400,5000,918200,74714000000,500,true,0.62
"VCB",140718,"/Date(1703488083000)/",81500,1200,913200,74307000000,600,false,0.74
"VCB",140715,"/Date(1703488081000)/",81400,200,912000,74209000000,500,true,0.62
"VCB",140653,"/Date(1703488059000)/",81500,100,911800,74193000000,600,false,0.74
"VCB",140649,"/Date(1703488055000)/",81400,300,911700,74184000000,500,true,0.62
"VCB",140646,"/Date(1703488052000)/",81500,100,911400,74160000000,600,false,0.74
"VCB",140646,"/Date(1703488052000)/",81500,100,911300,74152000000,600,false,0.74
"VCB",140646,"/Date(1703488052000)/",81500,100,911200,74144000000,600,false,0.74
"VCB",140646,"/Date(1703488052000)/",81500,900,911100,74136000000,600,false,0.74
"VCB",140614,"/Date(1703488020000)/",81500,600,910200,74062000000,600,false,0.74
"VCB",140614,"/Date(1703488020000)/",81500,100,909600,74013000000,600,false,0.74
"VCB",140614,"/Date(1703488020000)/",81500,500,909500,74005000000,600,false,0.74
"VCB",140614,"/Date(1703488020000)/",81400,1200,909000,73964000000,500,true,0.62
"VCB",140611,"/Date(1703488015000)/",81400,300,907800,73867000000,500,true,0.62
"VCB",140608,"/Date(1703488012000)/",81500,4000,907500,73842000000,600,false,0.74
"VCB",140542,"/Date(1703487989000)/",81400,200,903500,73516000000,500,true,0.62
"VCB",140533,"/Date(1703487979000)/",81400,200,903300,73500000000,500,true,0.62
"VCB",140504,"/Date(1703487948000)/",81400,200,903100,73484000000,500,true,0.62
"VCB",140504,"/Date(1703487948000)/",81400,100,902900,73467000000,500,true,0.62
"VCB",140435,"/Date(1703487920000)/",81400,100,902800,73459000000,500,true,0.62
"VCB",140432,"/Date(1703487918000)/",81500,300,902700,73451000000,600,false,0.74
"VCB",140426,"/Date(1703487911000)/",81400,100,902400,73427000000,500,true,0.62
"VCB",140426,"/Date(1703487911000)/",81400,100,902300,73419000000,500,true,0.62
"VCB",140426,"/Date(1703487911000)/",81400,100,902200,73410000000,500,true,0.62
"VCB",140413,"/Date(1703487897000)/",81400,100,902100,73402000000,500,true,0.62
"VCB",140413,"/Date(1703487897000)/",81400,100,902000,73394000000,500,true,0.62
"VCB",140351,"/Date(1703487876000)/",81400,300,901900,73386000000,500,true,0.62
"VCB",140316,"/Date(1703487840000)/",81400,200,901600,73362000000,500,true,0.62
"VCB",140257,"/Date(1703487820000)/",81400,100,901400,73345000000,500,true,0.62
"VCB",140244,"/Date(1703487810000)/",81400,400,901300,73337000000,500,true,0.62
"VCB",140244,"/Date(1703487810000)/",81400,200,900900,73305000000,500,true,0.62
"VCB",140244,"/Date(1703487809000)/",81400,300,900700,73288000000,500,true,0.62
"VCB",140241,"/Date(1703487806000)/",81500,1200,900400,73264000000,600,false,0.74
"VCB",140241,"/Date(1703487806000)/",81500,300,899200,73166000000,600,false,0.74
"VCB",140241,"/Date(1703487805000)/",81400,100,898900,73142000000,500,true,0.62
"VCB",140241,"/Date(1703487805000)/",81400,100,898800,73134000000,500,true,0.62
"VCB",140238,"/Date(1703487800000)/",81400,100,898700,73125000000,500,true,0.62
"VCB",140225,"/Date(1703487790000)/",81400,500,898600,73117000000,500,true,0.62
"VCB",140225,"/Date(1703487788000)/",81500,1500,898100,73077000000,600,false,0.74
"VCB",140218,"/Date(1703487782000)/",81400,300,896600,72954000000,500,true,0.62
"VCB",140209,"/Date(1703487772000)/",81400,300,896300,72930000000,500,true,0.62
"VCB",140146,"/Date(1703487750000)/",81400,300,896000,72905000000,500,true,0.62
"VCB",140140,"/Date(1703487743000)/",81500,1000,895700,72881000000,600,false,0.74
"VCB",140137,"/Date(1703487740000)/",81400,300,894700,72800000000,500,true,0.62
"VCB",140134,"/Date(1703487737000)/",81400,300,894400,72775000000,500,false,0.62
"VCB",140134,"/Date(1703487737000)/",81400,500,894100,72751000000,500,false,0.62
"VCB",140124,"/Date(1703487730000)/",81300,100,893600,72710000000,400,true,0.49
"VCB",140124,"/Date(1703487730000)/",81300,100,893500,72702000000,400,true,0.49
"VCB",140124,"/Date(1703487730000)/",81300,100,893400,72694000000,400,true,0.49
"VCB",140121,"/Date(1703487725000)/",81400,900,893300,72686000000,500,false,0.62
"VCB",140115,"/Date(1703487720000)/",81300,200,892400,72612000000,400,true,0.49
"VCB",140108,"/Date(1703487712000)/",81300,200,892200,72596000000,400,true,0.49
"VCB",140105,"/Date(1703487710000)/",81300,600,892000,72580000000,400,true,0.49
"VCB",140105,"/Date(1703487708000)/",81400,100,891400,72531000000,500,false,0.62
"VCB",140105,"/Date(1703487708000)/",81400,200,891300,72523000000,500,false,0.62
"VCB",140102,"/Date(1703487705000)/",81400,1000,891100,72507000000,500,false,0.62
"VCB",140055,"/Date(1703487700000)/",81300,500,890100,72425000000,400,true,0.49
"VCB",140055,"/Date(1703487700000)/",81300,100,889600,72385000000,400,true,0.49
"VCB",140055,"/Date(1703487700000)/",81300,200,889500,72376000000,400,true,0.49
"VCB",140055,"/Date(1703487699000)/",81300,400,889300,72360000000,400,true,0.49
"VCB",140046,"/Date(1703487690000)/",81300,1400,888900,72328000000,400,true,0.49
"VCB",140046,"/Date(1703487690000)/",81300,200,887500,72214000000,400,true,0.49
"VCB",140046,"/Date(1703487690000)/",81300,800,887300,72198000000,400,true,0.49
"VCB",140039,"/Date(1703487685000)/",81400,300,886500,72133000000,500,false,0.62
"VCB",140039,"/Date(1703487685000)/",81400,7700,886200,72108000000,500,false,0.62
"VCB",140011,"/Date(1703487657000)/",81300,200,878500,71481000000,400,true,0.49
"VCB",135955,"/Date(1703487640000)/",81300,100,878300,71465000000,400,true,0.49
"VCB",135945,"/Date(1703487631000)/",81400,500,878200,71457000000,500,false,0.62
"VCB",135945,"/Date(1703487630000)/",81300,100,877700,71416000000,400,true,0.49
"VCB",135942,"/Date(1703487625000)/",81300,400,877600,71408000000,400,true,0.49
"VCB",135936,"/Date(1703487620000)/",81300,200,877200,71376000000,400,true,0.49
"VCB",135917,"/Date(1703487602000)/",81400,100,877000,71359000000,500,false,0.62
"VCB",135917,"/Date(1703487600000)/",81300,200,876900,71351000000,400,true,0.49
"VCB",135907,"/Date(1703487590000)/",81300,100,876700,71335000000,400,true,0.49
"VCB",135907,"/Date(1703487590000)/",81300,100,876600,71327000000,400,true,0.49
"VCB",135907,"/Date(1703487590000)/",81300,200,876500,71319000000,400,true,0.49
"VCB",135907,"/Date(1703487590000)/",81300,300,876300,71302000000,400,true,0.49
"VCB",135901,"/Date(1703487586000)/",81300,300,876000,71278000000,400,true,0.49
"VCB",135857,"/Date(1703487583000)/",81400,100,875700,71254000000,500,true,0.62
"VCB",135857,"/Date(1703487583000)/",81400,100,875600,71246000000,500,true,0.62
"VCB",135857,"/Date(1703487583000)/",81400,500,875500,71237000000,500,true,0.62
"VCB",135857,"/Date(1703487583000)/",81400,1000,875000,71197000000,500,true,0.62
"VCB",135857,"/Date(1703487580000)/",81400,100,874000,71115000000,500,true,0.62
"VCB",135857,"/Date(1703487580000)/",81400,300,873900,71107000000,500,true,0.62
"VCB",135854,"/Date(1703487579000)/",81400,1000,873600,71083000000,500,true,0.62
"VCB",135825,"/Date(1703487549000)/",81400,300,872600,71001000000,500,true,0.62
"VCB",135803,"/Date(1703487528000)/",81400,300,872300,70977000000,500,true,0.62
"VCB",135747,"/Date(1703487511000)/",81400,200,872000,70952000000,500,true,0.62
"VCB",135747,"/Date(1703487510000)/",81400,100,871800,70936000000,500,true,0.62
"VCB",135744,"/Date(1703487509000)/",81400,300,871700,70928000000,500,true,0.62
"VCB",135738,"/Date(1703487500000)/",81400,100,871400,70904000000,500,true,0.62
"VCB",135725,"/Date(1703487490000)/",81400,500,871300,70896000000,500,true,0.62
"VCB",135718,"/Date(1703487482000)/",81500,1500,870800,70855000000,600,false,0.74
"VCB",135715,"/Date(1703487480000)/",81400,300,869300,70733000000,500,true,0.62
"VCB",135712,"/Date(1703487477000)/",81400,300,869000,70708000000,500,true,0.62
"VCB",135706,"/Date(1703487470000)/",81400,200,868700,70684000000,500,true,0.62
"VCB",135706,"/Date(1703487470000)/",81400,100,868500,70667000000,500,true,0.62
"VCB",135706,"/Date(1703487470000)/",81400,700,868400,70659000000,500,true,0.62
"VCB",135702,"/Date(1703487466000)/",81500,1800,867700,70602000000,600,false,0.74
"VCB",135659,"/Date(1703487462000)/",81500,1500,865900,70456000000,600,false,0.74
"VCB",135656,"/Date(1703487460000)/",81400,300,864400,70333000000,500,true,0.62
"VCB",135646,"/Date(1703487450000)/",81400,1000,864100,70309000000,500,true,0.62
"VCB",135643,"/Date(1703487448000)/",81500,100,863100,70228000000,600,false,0.74
"VCB",135643,"/Date(1703487447000)/",81500,1000,863000,70219000000,600,false,0.74
"VCB",135640,"/Date(1703487445000)/",81500,400,862000,70138000000,600,false,0.74
"VCB",135640,"/Date(1703487443000)/",81500,1500,861600,70105000000,600,false,0.74
"VCB",135637,"/Date(1703487442000)/",81400,300,860100,69983000000,500,true,0.62
"VCB",135637,"/Date(1703487440000)/",81400,100,859800,69959000000,500,true,0.62
"VCB",135627,"/Date(1703487430000)/",81400,200,859700,69950000000,500,true,0.62
"VCB",135627,"/Date(1703487430000)/",81400,200,859500,69934000000,500,true,0.62
"VCB",135618,"/Date(1703487422000)/",81500,200,859300,69918000000,600,false,0.74
"VCB",135618,"/Date(1703487422000)/",81500,1300,859100,69902000000,600,false,0.74
"VCB",135615,"/Date(1703487420000)/",81400,100,857800,69796000000,500,true,0.62
"VCB",135605,"/Date(1703487410000)/",81400,600,857700,69788000000,500,true,0.62
"VCB",135602,"/Date(1703487405000)/",81400,100,857100,69739000000,500,true,0.62
"VCB",135602,"/Date(1703487405000)/",81400,200,857000,69731000000,500,true,0.62
"VCB",135555,"/Date(1703487400000)/",81400,1800,856800,69714000000,500,true,0.62
"VCB",135555,"/Date(1703487398000)/",81400,400,855000,69568000000,500,true,0.62
"VCB",135555,"/Date(1703487398000)/",81400,4100,854600,69535000000,500,true,0.62
"VCB",135546,"/Date(1703487390000)/",81500,1500,850500,69201000000,600,false,0.74
"VCB",135536,"/Date(1703487380000)/",81400,100,849000,69079000000,500,true,0.62
"VCB",135526,"/Date(1703487370000)/",81400,500,848900,69071000000,500,true,0.62
"VCB",135526,"/Date(1703487369000)/",81400,300,848400,69030000000,500,true,0.62
"VCB",135523,"/Date(1703487367000)/",81600,800,848100,69006000000,700,false,0.87
"VCB",135523,"/Date(1703487367000)/",81600,600,847300,68941000000,700,false,0.87
"VCB",135523,"/Date(1703487367000)/",81500,100,846700,68892000000,600,false,0.74
"VCB",135517,"/Date(1703487360000)/",81300,100,846600,68884000000,400,true,0.49
"VCB",135507,"/Date(1703487350000)/",81300,200,846500,68875000000,400,true,0.49
"VCB",135507,"/Date(1703487350000)/",81300,100,846300,68859000000,400,true,0.49
"VCB",135507,"/Date(1703487350000)/",81400,100,846200,68851000000,500,false,0.62
"VCB",135504,"/Date(1703487348000)/",81600,1100,846100,68843000000,700,false,0.87
"VCB",135504,"/Date(1703487348000)/",81500,300,845000,68753000000,600,false,0.74
"VCB",135504,"/Date(1703487348000)/",81500,100,844700,68729000000,600,false,0.74
"VCB",135457,"/Date(1703487340000)/",81300,100,844600,68721000000,400,true,0.49
"VCB",135445,"/Date(1703487330000)/",81400,400,844500,68712000000,500,false,0.62
"VCB",135445,"/Date(1703487329000)/",81500,200,844100,68680000000,600,false,0.74
"VCB",135445,"/Date(1703487329000)/",81500,1300,843900,68664000000,600,false,0.74
"VCB",135435,"/Date(1703487320000)/",81400,100,842600,68558000000,500,true,0.62
"VCB",135426,"/Date(1703487310000)/",81300,100,842500,68549000000,400,true,0.49
"VCB",135426,"/Date(1703487310000)/",81300,100,842400,68541000000,400,true,0.49
"VCB",135426,"/Date(1703487310000)/",81300,100,842300,68533000000,400,true,0.49
"VCB",135426,"/Date(1703487310000)/",81300,200,842200,68525000000,400,true,0.49
"VCB",135422,"/Date(1703487307000)/",81500,1100,842000,68509000000,600,false,0.74
"VCB",135422,"/Date(1703487307000)/",81500,400,840900,68419000000,600,false,0.74
"VCB",135416,"/Date(1703487300000)/",81300,100,840500,68387000000,400,true,0.49
"VCB",135416,"/Date(1703487300000)/",81300,200,840400,68378000000,400,true,0.49
"VCB",135406,"/Date(1703487290000)/",81300,100,840200,68362000000,400,true,0.49
"VCB",135406,"/Date(1703487290000)/",81300,400,840100,68354000000,400,true,0.49
"VCB",135406,"/Date(1703487290000)/",81300,100,839700,68322000000,400,true,0.49
"VCB",135403,"/Date(1703487288000)/",81400,200,839600,68313000000,500,false,0.62
"VCB",135403,"/Date(1703487288000)/",81500,600,839400,68297000000,600,false,0.74
"VCB",135403,"/Date(1703487288000)/",81500,200,838800,68248000000,600,false,0.74
"VCB",135403,"/Date(1703487288000)/",81500,300,838600,68232000000,600,false,0.74
"VCB",135403,"/Date(1703487288000)/",81500,400,838300,68207000000,600,false,0.74
"VCB",135357,"/Date(1703487280000)/",81400,300,837900,68175000000,500,true,0.62
"VCB",135351,"/Date(1703487274000)/",81500,100,837600,68150000000,600,false,0.74
"VCB",135347,"/Date(1703487270000)/",81300,1000,837500,68142000000,400,true,0.49
"VCB",135344,"/Date(1703487268000)/",81400,1500,836500,68061000000,500,false,0.62
"VCB",135344,"/Date(1703487268000)/",81400,100,835000,67939000000,500,false,0.62
"VCB",135344,"/Date(1703487268000)/",81400,1400,834900,67931000000,500,false,0.62
"VCB",135344,"/Date(1703487268000)/",81300,300,833500,67817000000,400,true,0.49
"VCB",135338,"/Date(1703487261000)/",81400,100,833200,67792000000,500,false,0.62
"VCB",135338,"/Date(1703487261000)/",81400,100,833100,67784000000,500,false,0.62
"VCB",135325,"/Date(1703487250000)/",81300,100,833000,67776000000,400,true,0.49
"VCB",135315,"/Date(1703487240000)/",81300,600,832900,67768000000,400,true,0.49
"VCB",135315,"/Date(1703487239000)/",81400,1500,832300,67719000000,500,false,0.62
"VCB",135315,"/Date(1703487239000)/",81400,300,830800,67597000000,500,false,0.62
"VCB",135315,"/Date(1703487239000)/",81400,200,830500,67573000000,500,false,0.62
"VCB",135312,"/Date(1703487236000)/",81300,200,830300,67556000000,400,true,0.49
"VCB",135312,"/Date(1703487234000)/",81400,100,830100,67540000000,500,false,0.62
"VCB",135240,"/Date(1703487204000)/",81300,300,830000,67532000000,400,true,0.49
"VCB",135218,"/Date(1703487180000)/",81300,100,829700,67508000000,400,true,0.49
"VCB",135215,"/Date(1703487177000)/",81300,100,829600,67499000000,400,true,0.49
"VCB",135215,"/Date(1703487177000)/",81300,200,829500,67491000000,400,true,0.49
"VCB",135205,"/Date(1703487170000)/",81300,100,829300,67475000000,400,true,0.49
"VCB",135205,"/Date(1703487168000)/",81300,300,829200,67467000000,400,true,0.49
"VCB",135205,"/Date(1703487168000)/",81400,100,828900,67443000000,500,false,0.62
"VCB",135136,"/Date(1703487140000)/",81300,100,828800,67434000000,400,true,0.49
"VCB",135130,"/Date(1703487135000)/",81400,100,828700,67426000000,500,false,0.62
"VCB",135130,"/Date(1703487132000)/",81300,400,828600,67418000000,400,true,0.49
"VCB",135048,"/Date(1703487092000)/",81300,300,828200,67386000000,400,true,0.49
"VCB",135010,"/Date(1703487055000)/",81300,200,827900,67361000000,400,true,0.49
"VCB",134942,"/Date(1703487026000)/",81300,200,827700,67345000000,400,true,0.49
"VCB",134935,"/Date(1703487018000)/",81300,300,827500,67329000000,400,true,0.49
"VCB",134907,"/Date(1703486990000)/",81300,100,827200,67304000000,400,true,0.49
"VCB",134903,"/Date(1703486988000)/",81300,100,827100,67296000000,400,true,0.49
"VCB",134903,"/Date(1703486985000)/",81300,300,827000,67288000000,400,true,0.49
"VCB",134831,"/Date(1703486953000)/",81300,200,826700,67264000000,400,true,0.49
"VCB",134747,"/Date(1703486910000)/",81300,300,826500,67247000000,400,true,0.49
"VCB",134740,"/Date(1703486903000)/",81400,300,826200,67223000000,500,false,0.62
"VCB",134737,"/Date(1703486900000)/",81300,500,825900,67199000000,400,true,0.49
"VCB",134737,"/Date(1703486900000)/",81300,400,825400,67158000000,400,true,0.49
"VCB",134728,"/Date(1703486890000)/",81200,300,825000,67125000000,300,true,0.37
"VCB",134728,"/Date(1703486890000)/",81200,100,824700,67101000000,300,true,0.37
"VCB",134728,"/Date(1703486890000)/",81200,500,824600,67093000000,300,true,0.37
"VCB",134728,"/Date(1703486890000)/",81300,500,824100,67052000000,400,true,0.49
"VCB",134728,"/Date(1703486890000)/",81300,500,823600,67012000000,400,true,0.49
"VCB",134728,"/Date(1703486890000)/",81300,100,823100,66971000000,400,true,0.49
"VCB",134728,"/Date(1703486890000)/",81300,1000,823000,66963000000,400,true,0.49
"VCB",134718,"/Date(1703486881000)/",81400,10000,822000,66882000000,500,false,0.62
"VCB",134653,"/Date(1703486855000)/",81300,300,812000,66068000000,400,true,0.49
"VCB",134618,"/Date(1703486820000)/",81300,100,811700,66043000000,400,true,0.49
"VCB",134614,"/Date(1703486817000)/",81300,200,811600,66035000000,400,true,0.49
"VCB",134608,"/Date(1703486810000)/",81300,300,811400,66019000000,400,true,0.49
"VCB",134558,"/Date(1703486800000)/",81300,1100,811100,65994000000,400,true,0.49
"VCB",134546,"/Date(1703486790000)/",81200,1600,810000,65905000000,300,true,0.37
"VCB",134546,"/Date(1703486790000)/",81300,600,808400,65775000000,400,true,0.49
"VCB",134546,"/Date(1703486790000)/",81300,100,807800,65726000000,400,true,0.49
"VCB",134546,"/Date(1703486790000)/",81300,400,807700,65718000000,400,true,0.49
"VCB",134546,"/Date(1703486790000)/",81300,600,807300,65686000000,400,true,0.49
"VCB",134546,"/Date(1703486790000)/",81300,400,806700,65637000000,400,true,0.49
"VCB",134546,"/Date(1703486789000)/",81300,300,806300,65604000000,400,true,0.49
"VCB",134543,"/Date(1703486785000)/",81300,300,806000,65580000000,400,true,0.49
"VCB",134536,"/Date(1703486780000)/",81300,800,805700,65556000000,400,true,0.49
"VCB",134536,"/Date(1703486780000)/",81300,1200,804900,65491000000,400,true,0.49
"VCB",134536,"/Date(1703486780000)/",81300,100,803700,65393000000,400,true,0.49
"VCB",134536,"/Date(1703486780000)/",81300,100,803600,65385000000,400,true,0.49
"VCB",134536,"/Date(1703486780000)/",81300,200,803500,65377000000,400,true,0.49
"VCB",134536,"/Date(1703486780000)/",81300,500,803300,65360000000,400,true,0.49
"VCB",134536,"/Date(1703486780000)/",81300,100,802800,65320000000,400,true,0.49
"VCB",134536,"/Date(1703486780000)/",81300,200,802700,65312000000,400,true,0.49
"VCB",134536,"/Date(1703486780000)/",81300,200,802500,65295000000,400,true,0.49
"VCB",134536,"/Date(1703486780000)/",81300,600,802300,65279000000,400,true,0.49
"VCB",134536,"/Date(1703486780000)/",81300,1000,801700,65230000000,400,true,0.49
"VCB",134536,"/Date(1703486780000)/",81300,2900,800700,65149000000,400,true,0.49
"VCB",134536,"/Date(1703486780000)/",81300,100,797800,64913000000,400,true,0.49
"VCB",134536,"/Date(1703486780000)/",81300,1000,797700,64905000000,400,true,0.49
"VCB",134536,"/Date(1703486780000)/",81300,100,796700,64824000000,400,true,0.49
"VCB",134536,"/Date(1703486780000)/",81300,1000,796600,64816000000,400,true,0.49
"VCB",134536,"/Date(1703486780000)/",81300,100,795600,64734000000,400,true,0.49
"VCB",134536,"/Date(1703486780000)/",81300,100,795500,64726000000,400,true,0.49
"VCB",134536,"/Date(1703486780000)/",81300,200,795400,64718000000,400,true,0.49
"VCB",134536,"/Date(1703486780000)/",81300,100,795200,64702000000,400,true,0.49
"VCB",134536,"/Date(1703486780000)/",81300,300,795100,64694000000,400,true,0.49
"VCB",134536,"/Date(1703486780000)/",81300,300,794800,64669000000,400,true,0.49
"VCB",134536,"/Date(1703486780000)/",81300,100,794500,64645000000,400,true,0.49
"VCB",134536,"/Date(1703486780000)/",81300,100,794400,64637000000,400,true,0.49
"VCB",134536,"/Date(1703486780000)/",81300,300,794300,64629000000,400,true,0.49
"VCB",134536,"/Date(1703486780000)/",81300,100,794000,64604000000,400,true,0.49
"VCB",134536,"/Date(1703486780000)/",81300,200,793900,64596000000,400,true,0.49
"VCB",134530,"/Date(1703486774000)/",81400,100,793700,64580000000,500,true,0.62
"VCB",134530,"/Date(1703486774000)/",81400,100,793600,64572000000,500,true,0.62
"VCB",134530,"/Date(1703486774000)/",81400,300,793500,64564000000,500,true,0.62
"VCB",134530,"/Date(1703486774000)/",81400,1000,793200,64539000000,500,true,0.62
"VCB",134530,"/Date(1703486774000)/",81400,100,792200,64458000000,500,true,0.62
"VCB",134530,"/Date(1703486774000)/",81400,2000,792100,64450000000,500,true,0.62
"VCB",134530,"/Date(1703486774000)/",81400,7000,790100,64287000000,500,true,0.62
"VCB",134530,"/Date(1703486774000)/",81400,1000,783100,63717000000,500,true,0.62
"VCB",134530,"/Date(1703486774000)/",81400,100,782100,63636000000,500,true,0.62
"VCB",134530,"/Date(1703486774000)/",81400,1000,782000,63628000000,500,true,0.62
"VCB",134530,"/Date(1703486774000)/",81400,500,781000,63546000000,500,true,0.62
"VCB",134530,"/Date(1703486774000)/",81400,4000,780500,63506000000,500,true,0.62
"VCB",134530,"/Date(1703486774000)/",81400,1000,776500,63180000000,500,true,0.62
"VCB",134530,"/Date(1703486774000)/",81400,1000,775500,63099000000,500,true,0.62
"VCB",134530,"/Date(1703486774000)/",81400,500,774500,63017000000,500,true,0.62
"VCB",134530,"/Date(1703486774000)/",81400,5000,774000,62976000000,500,true,0.62
"VCB",134530,"/Date(1703486774000)/",81400,100,769000,62569000000,500,true,0.62
"VCB",134530,"/Date(1703486774000)/",81400,100,768900,62561000000,500,true,0.62
"VCB",134530,"/Date(1703486774000)/",81400,1000,768800,62553000000,500,true,0.62
"VCB",134530,"/Date(1703486774000)/",81400,100,767800,62472000000,500,true,0.62
"VCB",134530,"/Date(1703486774000)/",81400,2000,767700,62464000000,500,true,0.62
"VCB",134530,"/Date(1703486774000)/",81400,100,765700,62301000000,500,true,0.62
"VCB",134530,"/Date(1703486774000)/",81400,400,765600,62293000000,500,true,0.62
"VCB",134530,"/Date(1703486774000)/",81400,200,765200,62260000000,500,true,0.62
"VCB",134530,"/Date(1703486774000)/",81400,300,765000,62244000000,500,true,0.62
"VCB",134530,"/Date(1703486774000)/",81400,7000,764700,62219000000,500,true,0.62
"VCB",134530,"/Date(1703486774000)/",81400,300,757700,61650000000,500,true,0.62
"VCB",134530,"/Date(1703486774000)/",81400,200,757400,61625000000,500,true,0.62
"VCB",134530,"/Date(1703486774000)/",81400,1000,757200,61609000000,500,true,0.62
"VCB",134530,"/Date(1703486774000)/",81400,200,756200,61528000000,500,true,0.62
"VCB",134530,"/Date(1703486774000)/",81400,100,756000,61511000000,500,true,0.62
"VCB",134530,"/Date(1703486774000)/",81400,200,755900,61503000000,500,true,0.62
"VCB",134530,"/Date(1703486774000)/",81400,100,755700,61487000000,500,true,0.62
"VCB",134530,"/Date(1703486774000)/",81400,300,755600,61479000000,500,true,0.62
"VCB",134530,"/Date(1703486774000)/",81400,100,755300,61454000000,500,true,0.62
"VCB",134530,"/Date(1703486774000)/",81400,1000,755200,61446000000,500,true,0.62
"VCB",134530,"/Date(1703486774000)/",81400,500,754200,61365000000,500,true,0.62
"VCB",134507,"/Date(1703486751000)/",81400,300,753700,61324000000,500,true,0.62
"VCB",134445,"/Date(1703486727000)/",81400,100,753400,61300000000,500,true,0.62
"VCB",134435,"/Date(1703486718000)/",81400,300,753300,61291000000,500,true,0.62
"VCB",134416,"/Date(1703486700000)/",81500,100,753000,61267000000,600,false,0.74
"VCB",134407,"/Date(1703486690000)/",81400,100,752900,61259000000,500,true,0.62
"VCB",134400,"/Date(1703486684000)/",81400,500,752800,61251000000,500,true,0.62
"VCB",134348,"/Date(1703486670000)/",81400,300,752300,61210000000,500,true,0.62
"VCB",134338,"/Date(1703486662000)/",81500,100,752000,61186000000,600,false,0.74
"VCB",134338,"/Date(1703486660000)/",81400,900,751900,61177000000,500,true,0.62
"VCB",134338,"/Date(1703486660000)/",81400,300,751000,61104000000,500,true,0.62
"VCB",134329,"/Date(1703486650000)/",81500,1000,750700,61080000000,600,true,0.74
"VCB",134329,"/Date(1703486650000)/",81500,1900,749700,60998000000,600,true,0.74
"VCB",134329,"/Date(1703486650000)/",81500,1200,747800,60843000000,600,true,0.74
"VCB",134325,"/Date(1703486647000)/",81500,200,746600,60746000000,600,true,0.74
"VCB",134322,"/Date(1703486645000)/",81500,200,746400,60729000000,600,true,0.74
"VCB",134319,"/Date(1703486642000)/",81500,3600,746200,60713000000,600,true,0.74
"VCB",134306,"/Date(1703486630000)/",81500,100,742600,60420000000,600,true,0.74
"VCB",134303,"/Date(1703486624000)/",81500,500,742500,60411000000,600,true,0.74
"VCB",134250,"/Date(1703486614000)/",81500,300,742000,60371000000,600,true,0.74
"VCB",134228,"/Date(1703486590000)/",81400,100,741700,60346000000,500,true,0.62
"VCB",134218,"/Date(1703486580000)/",81400,400,741600,60338000000,500,true,0.62
"VCB",134215,"/Date(1703486577000)/",81400,300,741200,60306000000,500,true,0.62
"VCB",134212,"/Date(1703486574000)/",81500,200,740900,60281000000,600,false,0.74
"VCB",134209,"/Date(1703486570000)/",81500,900,740700,60265000000,600,true,0.74
"VCB",134202,"/Date(1703486566000)/",81500,700,739800,60192000000,600,true,0.74
"VCB",134202,"/Date(1703486566000)/",81500,500,739100,60134000000,600,true,0.74
"VCB",134202,"/Date(1703486566000)/",81500,600,738600,60094000000,600,true,0.74
"VCB",134159,"/Date(1703486562000)/",81500,100,738000,60045000000,600,true,0.74
"VCB",134159,"/Date(1703486560000)/",81600,200,737900,60037000000,700,false,0.87
"VCB",134156,"/Date(1703486560000)/",81500,1000,737700,60020000000,600,true,0.74
"VCB",134153,"/Date(1703486556000)/",81500,1500,736700,59939000000,600,false,0.74
"VCB",134153,"/Date(1703486556000)/",81500,200,735200,59817000000,600,false,0.74
"VCB",134153,"/Date(1703486556000)/",81500,1500,735000,59800000000,600,false,0.74
"VCB",134153,"/Date(1703486556000)/",81500,100,733500,59678000000,600,false,0.74
"VCB",134150,"/Date(1703486552000)/",81400,200,733400,59670000000,500,true,0.62
"VCB",134146,"/Date(1703486550000)/",81400,100,733200,59654000000,500,true,0.62
"VCB",134143,"/Date(1703486544000)/",81400,300,733100,59645000000,500,true,0.62
"VCB",134137,"/Date(1703486540000)/",81400,100,732800,59621000000,500,true,0.62
"VCB",134127,"/Date(1703486530000)/",81400,500,732700,59613000000,500,true,0.62
"VCB",134118,"/Date(1703486520000)/",81400,300,732200,59572000000,500,true,0.62
"VCB",134118,"/Date(1703486520000)/",81400,1000,731900,59548000000,500,true,0.62
"VCB",134118,"/Date(1703486520000)/",81400,100,730900,59466000000,500,true,0.62
"VCB",134118,"/Date(1703486520000)/",81400,100,730800,59458000000,500,true,0.62
"VCB",134118,"/Date(1703486520000)/",81400,200,730700,59450000000,500,true,0.62
"VCB",134118,"/Date(1703486520000)/",81400,100,730500,59434000000,500,true,0.62
"VCB",134118,"/Date(1703486520000)/",81400,100,730400,59426000000,500,true,0.62
"VCB",134118,"/Date(1703486519000)/",81500,1000,730300,59418000000,600,false,0.74
"VCB",134118,"/Date(1703486519000)/",81500,500,729300,59336000000,600,false,0.74
"VCB",134115,"/Date(1703486515000)/",81600,4500,728800,59295000000,700,false,0.87
"VCB",134111,"/Date(1703486514000)/",81500,500,724300,58928000000,600,true,0.74
"VCB",134105,"/Date(1703486506000)/",81500,100,723800,58887000000,600,true,0.74
"VCB",134105,"/Date(1703486506000)/",81500,100,723700,58879000000,600,true,0.74
"VCB",134036,"/Date(1703486480000)/",81500,100,723600,58871000000,600,true,0.74
"VCB",134033,"/Date(1703486475000)/",81500,300,723500,58863000000,600,true,0.74
"VCB",134033,"/Date(1703486475000)/",81500,100,723200,58838000000,600,true,0.74
"VCB",134017,"/Date(1703486460000)/",81500,300,723100,58830000000,600,true,0.74
"VCB",134008,"/Date(1703486450000)/",81500,1000,722800,58806000000,600,true,0.74
"VCB",134001,"/Date(1703486442000)/",81500,100,721800,58724000000,600,true,0.74
"VCB",134001,"/Date(1703486442000)/",81500,600,721700,58716000000,600,true,0.74
"VCB",134001,"/Date(1703486442000)/",81500,200,721100,58667000000,600,true,0.74
"VCB",134001,"/Date(1703486442000)/",81500,100,720900,58651000000,600,true,0.74
"VCB",134001,"/Date(1703486442000)/",81500,2100,720800,58643000000,600,true,0.74
"VCB",133958,"/Date(1703486440000)/",81400,300,718700,58472000000,500,true,0.62
"VCB",133952,"/Date(1703486433000)/",81400,300,718400,58447000000,500,true,0.62
"VCB",133926,"/Date(1703486407000)/",81400,300,718100,58423000000,500,true,0.62
"VCB",133851,"/Date(1703486373000)/",81400,300,717800,58398000000,500,true,0.62
"VCB",133848,"/Date(1703486369000)/",81500,100,717500,58374000000,600,false,0.74
"VCB",133816,"/Date(1703486337000)/",81400,300,717400,58366000000,500,true,0.62
"VCB",133754,"/Date(1703486315000)/",81500,100,717100,58341000000,600,false,0.74
"VCB",133738,"/Date(1703486301000)/",81400,200,717000,58333000000,500,true,0.62
"VCB",133738,"/Date(1703486300000)/",81400,100,716800,58317000000,500,true,0.62
"VCB",133735,"/Date(1703486297000)/",81400,500,716700,58309000000,500,true,0.62
"VCB",133709,"/Date(1703486270000)/",81400,200,716200,58268000000,500,true,0.62
"VCB",133706,"/Date(1703486267000)/",81400,300,716000,58252000000,500,true,0.62
"VCB",133700,"/Date(1703486260000)/",81400,400,715700,58227000000,500,true,0.62
"VCB",133656,"/Date(1703486258000)/",81500,400,715300,58195000000,600,false,0.74
"VCB",133656,"/Date(1703486258000)/",81500,400,714900,58162000000,600,false,0.74
"VCB",133647,"/Date(1703486250000)/",81500,600,714500,58130000000,600,true,0.74
"VCB",133644,"/Date(1703486246000)/",81500,1000,713900,58081000000,600,true,0.74
"VCB",133640,"/Date(1703486243000)/",81500,500,712900,57999000000,600,true,0.74
"VCB",133637,"/Date(1703486240000)/",81500,300,712400,57959000000,600,true,0.74
"VCB",133637,"/Date(1703486240000)/",81500,200,712100,57934000000,600,true,0.74
"VCB",133634,"/Date(1703486236000)/",81500,800,711900,57918000000,600,false,0.74
"VCB",133631,"/Date(1703486232000)/",81500,300,711100,57853000000,600,true,0.74
"VCB",133559,"/Date(1703486200000)/",81500,200,710800,57828000000,600,false,0.74
"VCB",133559,"/Date(1703486200000)/",81500,100,710600,57812000000,600,false,0.74
"VCB",133556,"/Date(1703486196000)/",81400,200,710500,57804000000,500,true,0.62
"VCB",133527,"/Date(1703486170000)/",81400,100,710300,57787000000,500,true,0.62
"VCB",133524,"/Date(1703486167000)/",81400,300,710200,57779000000,500,true,0.62
"VCB",133517,"/Date(1703486160000)/",81400,300,709900,57755000000,500,true,0.62
"VCB",133508,"/Date(1703486150000)/",81400,900,709600,57730000000,500,true,0.62
"VCB",133508,"/Date(1703486150000)/",81400,100,708700,57657000000,500,true,0.62
"VCB",133458,"/Date(1703486140000)/",81500,1000,708600,57649000000,600,false,0.74
"VCB",133458,"/Date(1703486140000)/",81500,2600,707600,57568000000,600,false,0.74
"VCB",133455,"/Date(1703486137000)/",81500,1400,705000,57356000000,600,true,0.74
"VCB",133455,"/Date(1703486137000)/",81500,100,703600,57242000000,600,true,0.74
"VCB",133455,"/Date(1703486137000)/",81500,1000,703500,57233000000,600,true,0.74
"VCB",133455,"/Date(1703486137000)/",81500,100,702500,57152000000,600,true,0.74
"VCB",133455,"/Date(1703486137000)/",81500,100,702400,57144000000,600,true,0.74
"VCB",133455,"/Date(1703486137000)/",81500,2000,702300,57136000000,600,true,0.74
"VCB",133455,"/Date(1703486137000)/",81500,2000,700300,56973000000,600,true,0.74
"VCB",133455,"/Date(1703486137000)/",81500,100,698300,56810000000,600,true,0.74
"VCB",133455,"/Date(1703486137000)/",81500,2000,698200,56801000000,600,true,0.74
"VCB",133455,"/Date(1703486137000)/",81500,1000,696200,56638000000,600,true,0.74
"VCB",133455,"/Date(1703486137000)/",81500,500,695200,56557000000,600,true,0.74
"VCB",133455,"/Date(1703486137000)/",81500,100,694700,56516000000,600,true,0.74
"VCB",133455,"/Date(1703486137000)/",81500,400,694600,56508000000,600,true,0.74
"VCB",133452,"/Date(1703486134000)/",81500,300,694200,56475000000,600,true,0.74
"VCB",133449,"/Date(1703486130000)/",81500,900,693900,56451000000,600,true,0.74
"VCB",133439,"/Date(1703486120000)/",81500,3300,693000,56378000000,600,true,0.74
"VCB",133433,"/Date(1703486114000)/",81600,300,689700,56109000000,700,false,0.87
"VCB",133430,"/Date(1703486111000)/",81500,100,689400,56084000000,600,true,0.74
"VCB",133430,"/Date(1703486111000)/",81500,2000,689300,56076000000,600,true,0.74
"VCB",133430,"/Date(1703486111000)/",81500,100,687300,55913000000,600,true,0.74
"VCB",133430,"/Date(1703486111000)/",81500,200,687200,55905000000,600,true,0.74
"VCB",133430,"/Date(1703486111000)/",81500,100,687000,55889000000,600,true,0.74
"VCB",133430,"/Date(1703486111000)/",81500,500,686900,55880000000,600,true,0.74
"VCB",133430,"/Date(1703486111000)/",81500,100,686400,55840000000,600,true,0.74
"VCB",133430,"/Date(1703486111000)/",81500,3000,686300,55832000000,600,true,0.74
"VCB",133430,"/Date(1703486111000)/",81500,100,683300,55587000000,600,true,0.74
"VCB",133430,"/Date(1703486111000)/",81500,100,683200,55579000000,600,true,0.74
"VCB",133430,"/Date(1703486111000)/",81500,2000,683100,55571000000,600,true,0.74
"VCB",133430,"/Date(1703486111000)/",81500,100,681100,55408000000,600,true,0.74
"VCB",133430,"/Date(1703486111000)/",81500,800,681000,55400000000,600,true,0.74
"VCB",133430,"/Date(1703486111000)/",81500,100,680200,55334000000,600,true,0.74
"VCB",133430,"/Date(1703486111000)/",81500,1000,680100,55326000000,600,true,0.74
"VCB",133430,"/Date(1703486111000)/",81500,100,679100,55245000000,600,true,0.74
"VCB",133430,"/Date(1703486111000)/",81500,400,679000,55237000000,600,true,0.74
"VCB",133430,"/Date(1703486110000)/",81500,200,678600,55204000000,600,true,0.74
"VCB",133420,"/Date(1703486101000)/",81500,300,678400,55188000000,600,true,0.74
"VCB",133417,"/Date(1703486100000)/",81500,100,678100,55163000000,600,true,0.74
"VCB",133417,"/Date(1703486100000)/",81500,400,678000,55155000000,600,true,0.74
"VCB",133414,"/Date(1703486095000)/",81500,400,677600,55123000000,600,true,0.74
"VCB",133414,"/Date(1703486095000)/",81500,1200,677200,55090000000,600,true,0.74
"VCB",133407,"/Date(1703486090000)/",81500,100,676000,54992000000,600,true,0.74
"VCB",133401,"/Date(1703486081000)/",81500,500,675900,54984000000,600,true,0.74
"VCB",133355,"/Date(1703486077000)/",81500,300,675400,54943000000,600,true,0.74
"VCB",133342,"/Date(1703486063000)/",81500,200,675100,54919000000,600,true,0.74
"VCB",133320,"/Date(1703486040000)/",81500,100,674900,54902000000,600,true,0.74
"VCB",133316,"/Date(1703486036000)/",81600,100,674800,54894000000,700,false,0.87
"VCB",133310,"/Date(1703486031000)/",81500,100,674700,54886000000,600,true,0.74
"VCB",133310,"/Date(1703486031000)/",81500,200,674600,54878000000,600,true,0.74
"VCB",133235,"/Date(1703485997000)/",81500,300,674400,54862000000,600,true,0.74
"VCB",133200,"/Date(1703485960000)/",81500,200,674100,54837000000,600,true,0.74
"VCB",133157,"/Date(1703485959000)/",81500,300,673900,54821000000,600,true,0.74
"VCB",133153,"/Date(1703485956000)/",81600,100,673600,54797000000,700,false,0.87
"VCB",133153,"/Date(1703485956000)/",81600,100,673500,54788000000,700,false,0.87
"VCB",133153,"/Date(1703485956000)/",81600,100,673400,54780000000,700,false,0.87
"VCB",133153,"/Date(1703485956000)/",81600,100,673300,54772000000,700,false,0.87
"VCB",133153,"/Date(1703485956000)/",81600,200,673200,54764000000,700,false,0.87
"VCB",133134,"/Date(1703485934000)/",81600,200,673000,54748000000,700,false,0.87
"VCB",133128,"/Date(1703485930000)/",81500,100,672800,54731000000,600,true,0.74
"VCB",133122,"/Date(1703485923000)/",81500,300,672700,54723000000,600,true,0.74
"VCB",133118,"/Date(1703485920000)/",81500,200,672400,54699000000,600,true,0.74
"VCB",133109,"/Date(1703485910000)/",81500,800,672200,54682000000,600,true,0.74
"VCB",133102,"/Date(1703485903000)/",81500,1300,671400,54617000000,600,true,0.74
"VCB",133102,"/Date(1703485903000)/",81500,100,670100,54511000000,600,true,0.74
"VCB",133102,"/Date(1703485903000)/",81500,200,670000,54503000000,600,true,0.74
"VCB",133059,"/Date(1703485900000)/",81500,1100,669800,54487000000,600,true,0.74
"VCB",133053,"/Date(1703485893000)/",81500,2900,668700,54397000000,600,true,0.74
"VCB",133053,"/Date(1703485893000)/",81500,700,665800,54161000000,600,true,0.74
"VCB",133050,"/Date(1703485890000)/",81500,100,665100,54104000000,600,true,0.74
"VCB",133043,"/Date(1703485886000)/",81500,300,665000,54096000000,600,true,0.74
"VCB",133040,"/Date(1703485880000)/",81500,300,664700,54071000000,600,true,0.74
"VCB",133034,"/Date(1703485874000)/",81500,1000,664400,54047000000,600,true,0.74
"VCB",133015,"/Date(1703485855000)/",81500,200,663400,53965000000,600,true,0.74
"VCB",132959,"/Date(1703485840000)/",81500,100,663200,53949000000,600,true,0.74
"VCB",132955,"/Date(1703485835000)/",81600,100,663100,53941000000,700,false,0.87
"VCB",132955,"/Date(1703485835000)/",81600,100,663000,53933000000,700,false,0.87
"VCB",132949,"/Date(1703485830000)/",81500,200,662900,53924000000,600,true,0.74
"VCB",132943,"/Date(1703485824000)/",81600,500,662700,53908000000,700,false,0.87
"VCB",132943,"/Date(1703485823000)/",81500,300,662200,53867000000,600,true,0.74
"VCB",132905,"/Date(1703485786000)/",81500,300,661900,53843000000,600,true,0.74
"VCB",132833,"/Date(1703485754000)/",81500,300,661600,53818000000,600,true,0.74
"VCB",132810,"/Date(1703485730000)/",81500,100,661300,53794000000,600,true,0.74
"VCB",132807,"/Date(1703485729000)/",81600,100,661200,53786000000,700,false,0.87
"VCB",132801,"/Date(1703485722000)/",81600,100,661100,53778000000,700,false,0.87
"VCB",132801,"/Date(1703485721000)/",81500,200,661000,53769000000,600,true,0.74
"VCB",132729,"/Date(1703485690000)/",81500,300,660800,53753000000,600,true,0.74
"VCB",132654,"/Date(1703485655000)/",81500,200,660500,53729000000,600,true,0.74
"VCB",132628,"/Date(1703485630000)/",81500,100,660300,53712000000,600,true,0.74
"VCB",132622,"/Date(1703485624000)/",81500,300,660200,53704000000,600,true,0.74
"VCB",132619,"/Date(1703485620000)/",81500,200,659900,53680000000,600,true,0.74
"VCB",132616,"/Date(1703485617000)/",81500,800,659700,53664000000,600,true,0.74
"VCB",132609,"/Date(1703485610000)/",81500,100,658900,53598000000,600,true,0.74
"VCB",132603,"/Date(1703485603000)/",81500,300,658800,53590000000,600,true,0.74
"VCB",132600,"/Date(1703485600000)/",81500,200,658500,53566000000,600,true,0.74
"VCB",132556,"/Date(1703485595000)/",81600,300,658300,53549000000,700,false,0.87
"VCB",132553,"/Date(1703485595000)/",81600,100,658000,53525000000,700,false,0.87
"VCB",132553,"/Date(1703485595000)/",81600,100,657900,53517000000,700,false,0.87
"VCB",132550,"/Date(1703485590000)/",81500,300,657800,53509000000,600,true,0.74
"VCB",132518,"/Date(1703485559000)/",81500,300,657500,53484000000,600,true,0.74
"VCB",132459,"/Date(1703485540000)/",81500,200,657200,53460000000,600,true,0.74
"VCB",132459,"/Date(1703485539000)/",81600,300,657000,53443000000,700,false,0.87
"VCB",132453,"/Date(1703485534000)/",81600,600,656700,53419000000,700,false,0.87
"VCB",132443,"/Date(1703485523000)/",81500,200,656100,53370000000,600,true,0.74
"VCB",132434,"/Date(1703485514000)/",81500,100,655900,53354000000,600,true,0.74
"VCB",132427,"/Date(1703485508000)/",81500,100,655800,53346000000,600,true,0.74
"VCB",132421,"/Date(1703485500000)/",81500,100,655700,53337000000,600,true,0.74
"VCB",132408,"/Date(1703485490000)/",81500,100,655600,53329000000,600,true,0.74
"VCB",132408,"/Date(1703485489000)/",81500,300,655500,53321000000,600,true,0.74
"VCB",132405,"/Date(1703485484000)/",81500,200,655200,53297000000,600,true,0.74
"VCB",132358,"/Date(1703485480000)/",81500,400,655000,53280000000,600,true,0.74
"VCB",132349,"/Date(1703485470000)/",81500,1500,654600,53248000000,600,true,0.74
"VCB",132346,"/Date(1703485466000)/",81600,4100,653100,53125000000,700,false,0.87
"VCB",132346,"/Date(1703485466000)/",81600,100,649000,52791000000,700,false,0.87
"VCB",132346,"/Date(1703485466000)/",81600,800,648900,52783000000,700,false,0.87
"VCB",132339,"/Date(1703485460000)/",81500,300,648100,52717000000,600,true,0.74
"VCB",132336,"/Date(1703485458000)/",81500,300,647800,52693000000,600,true,0.74
"VCB",132333,"/Date(1703485454000)/",81600,700,647500,52669000000,700,false,0.87
"VCB",132320,"/Date(1703485440000)/",81500,200,646800,52611000000,600,true,0.74
"VCB",132311,"/Date(1703485430000)/",81500,900,646600,52595000000,600,true,0.74
"VCB",132307,"/Date(1703485428000)/",81600,3000,645700,52522000000,700,false,0.87
"VCB",132301,"/Date(1703485421000)/",81500,200,642700,52277000000,600,true,0.74
"VCB",132239,"/Date(1703485400000)/",81500,200,642500,52261000000,600,true,0.74
"VCB",132229,"/Date(1703485390000)/",81500,300,642300,52244000000,600,true,0.74
"VCB",132229,"/Date(1703485390000)/",81500,600,642000,52220000000,600,true,0.74
"VCB",132226,"/Date(1703485387000)/",81600,500,641400,52171000000,700,false,0.87
"VCB",132226,"/Date(1703485387000)/",81600,500,640900,52130000000,700,false,0.87
"VCB",132220,"/Date(1703485380000)/",81500,300,640400,52089000000,600,true,0.74
"VCB",132220,"/Date(1703485380000)/",81500,700,640100,52065000000,600,true,0.74
"VCB",132216,"/Date(1703485378000)/",81500,1300,639400,52008000000,600,true,0.74
"VCB",132216,"/Date(1703485378000)/",81500,100,638100,51902000000,600,true,0.74
"VCB",132216,"/Date(1703485378000)/",81500,2200,638000,51894000000,600,true,0.74
"VCB",132207,"/Date(1703485366000)/",81500,200,635800,51715000000,600,true,0.74
"VCB",132200,"/Date(1703485360000)/",81500,100,635600,51698000000,600,true,0.74
"VCB",132157,"/Date(1703485359000)/",81500,200,635500,51690000000,600,true,0.74
"VCB",132151,"/Date(1703485350000)/",81500,300,635300,51674000000,600,true,0.74
"VCB",132138,"/Date(1703485340000)/",81500,1200,635000,51649000000,600,true,0.74
"VCB",132135,"/Date(1703485336000)/",81600,1000,633800,51552000000,700,false,0.87
"VCB",132129,"/Date(1703485330000)/",81500,300,632800,51470000000,600,true,0.74
"VCB",132129,"/Date(1703485330000)/",81600,2100,632500,51446000000,700,false,0.87
"VCB",132129,"/Date(1703485330000)/",81600,900,630400,51274000000,700,false,0.87
"VCB",132125,"/Date(1703485327000)/",81500,300,629500,51201000000,600,true,0.74
"VCB",132122,"/Date(1703485322000)/",81500,400,629200,51176000000,600,true,0.74
"VCB",132122,"/Date(1703485322000)/",81500,500,628800,51144000000,600,true,0.74
"VCB",132113,"/Date(1703485314000)/",81600,3000,628300,51103000000,700,false,0.87
"VCB",132110,"/Date(1703485310000)/",81500,100,625300,50858000000,600,true,0.74
"VCB",132100,"/Date(1703485302000)/",81500,400,625200,50850000000,600,false,0.74
"VCB",132100,"/Date(1703485300000)/",81400,100,624800,50817000000,500,true,0.62
"VCB",132054,"/Date(1703485293000)/",81400,100,624700,50809000000,500,true,0.62
"VCB",132054,"/Date(1703485293000)/",81400,200,624600,50801000000,500,true,0.62
"VCB",132050,"/Date(1703485290000)/",81400,100,624400,50785000000,500,true,0.62
"VCB",132041,"/Date(1703485280000)/",81400,300,624300,50777000000,500,true,0.62
"VCB",132041,"/Date(1703485280000)/",81400,300,624000,50752000000,500,true,0.62
"VCB",132031,"/Date(1703485270000)/",81500,2000,623700,50728000000,600,false,0.74
"VCB",132031,"/Date(1703485270000)/",81400,100,621700,50565000000,500,true,0.62
"VCB",132022,"/Date(1703485262000)/",81400,200,621600,50557000000,500,true,0.62
"VCB",132019,"/Date(1703485260000)/",81400,200,621400,50540000000,500,true,0.62
"VCB",132019,"/Date(1703485260000)/",81400,100,621200,50524000000,500,true,0.62
"VCB",132019,"/Date(1703485259000)/",81600,100,621100,50516000000,700,false,0.87
"VCB",132015,"/Date(1703485255000)/",81600,1000,621000,50508000000,700,false,0.87
"VCB",132006,"/Date(1703485247000)/",81400,200,620000,50426000000,500,true,0.62
"VCB",131950,"/Date(1703485230000)/",81400,100,619800,50410000000,500,true,0.62
"VCB",131947,"/Date(1703485228000)/",81400,300,619700,50402000000,500,true,0.62
"VCB",131943,"/Date(1703485223000)/",81500,100,619400,50377000000,600,false,0.74
"VCB",131940,"/Date(1703485220000)/",81400,100,619300,50369000000,500,true,0.62
"VCB",131934,"/Date(1703485213000)/",81500,100,619200,50361000000,600,false,0.74
"VCB",131931,"/Date(1703485210000)/",81400,400,619100,50353000000,500,true,0.62
"VCB",131927,"/Date(1703485206000)/",81500,100,618700,50320000000,600,false,0.74
"VCB",131927,"/Date(1703485206000)/",81500,1300,618600,50312000000,600,false,0.74
"VCB",131921,"/Date(1703485200000)/",81400,100,617300,50206000000,500,true,0.62
"VCB",131915,"/Date(1703485196000)/",81400,300,617200,50198000000,500,true,0.62
"VCB",131912,"/Date(1703485191000)/",81500,300,616900,50174000000,600,false,0.74
"VCB",131846,"/Date(1703485165000)/",81500,200,616600,50149000000,600,false,0.74
"VCB",131846,"/Date(1703485165000)/",81500,100,616400,50133000000,600,false,0.74
"VCB",131833,"/Date(1703485154000)/",81500,100,616300,50125000000,600,true,0.74
"VCB",131833,"/Date(1703485152000)/",81500,100,616200,50117000000,600,true,0.74
"VCB",131824,"/Date(1703485144000)/",81500,100,616100,50109000000,600,true,0.74
"VCB",131811,"/Date(1703485130000)/",81500,100,616000,50100000000,600,true,0.74
"VCB",131808,"/Date(1703485128000)/",81500,300,615900,50092000000,600,true,0.74
"VCB",131808,"/Date(1703485127000)/",81500,200,615600,50068000000,600,true,0.74
"VCB",131758,"/Date(1703485118000)/",81500,100,615400,50051000000,600,true,0.74
"VCB",131739,"/Date(1703485100000)/",81500,300,615300,50043000000,600,true,0.74
"VCB",131736,"/Date(1703485095000)/",81500,300,615000,50019000000,600,true,0.74
"VCB",131733,"/Date(1703485092000)/",81500,1000,614700,49994000000,600,false,0.74
"VCB",131720,"/Date(1703485080000)/",81400,100,613700,49913000000,500,true,0.62
"VCB",131711,"/Date(1703485071000)/",81400,300,613600,49905000000,500,true,0.62
"VCB",131711,"/Date(1703485071000)/",81500,100,613300,49880000000,600,false,0.74
"VCB",131701,"/Date(1703485061000)/",81400,300,613200,49872000000,500,true,0.62
"VCB",131651,"/Date(1703485050000)/",81400,300,612900,49848000000,500,true,0.62
"VCB",131648,"/Date(1703485049000)/",81500,400,612600,49823000000,600,false,0.74
"VCB",131648,"/Date(1703485049000)/",81500,100,612200,49791000000,600,false,0.74
"VCB",131648,"/Date(1703485049000)/",81500,400,612100,49783000000,600,false,0.74
"VCB",131648,"/Date(1703485049000)/",81500,100,611700,49750000000,600,false,0.74
"VCB",131639,"/Date(1703485040000)/",81400,300,611600,49742000000,500,true,0.62
"VCB",131629,"/Date(1703485030000)/",81400,100,611300,49717000000,500,true,0.62
"VCB",131629,"/Date(1703485030000)/",81400,1000,611200,49709000000,500,true,0.62
"VCB",131629,"/Date(1703485030000)/",81400,100,610200,49628000000,500,true,0.62
"VCB",131629,"/Date(1703485028000)/",81400,200,610100,49620000000,500,true,0.62
"VCB",131620,"/Date(1703485020000)/",81500,400,609900,49603000000,600,false,0.74
"VCB",131620,"/Date(1703485020000)/",81500,500,609500,49571000000,600,false,0.74
"VCB",131620,"/Date(1703485020000)/",81500,500,609000,49530000000,600,false,0.74
"VCB",131620,"/Date(1703485020000)/",81500,100,608500,49489000000,600,false,0.74
"VCB",131620,"/Date(1703485020000)/",81500,1000,608400,49481000000,600,false,0.74
"VCB",131620,"/Date(1703485020000)/",81500,100,607400,49400000000,600,false,0.74
"VCB",131620,"/Date(1703485020000)/",81500,200,607300,49392000000,600,false,0.74
"VCB",131620,"/Date(1703485020000)/",81500,100,607100,49375000000,600,false,0.74
"VCB",131620,"/Date(1703485020000)/",81500,900,607000,49367000000,600,false,0.74
"VCB",131610,"/Date(1703485010000)/",81400,200,606100,49294000000,500,true,0.62
"VCB",131610,"/Date(1703485009000)/",81400,100,605900,49278000000,500,true,0.62
"VCB",131557,"/Date(1703484997000)/",81400,300,605800,49269000000,500,true,0.62
"VCB",131522,"/Date(1703484962000)/",81400,300,605500,49245000000,500,true,0.62
"VCB",131500,"/Date(1703484939000)/",81400,100,605200,49221000000,500,true,0.62
"VCB",131450,"/Date(1703484929000)/",81400,200,605100,49212000000,500,true,0.62
"VCB",131422,"/Date(1703484900000)/",81400,100,604900,49196000000,500,true,0.62
"VCB",131418,"/Date(1703484897000)/",81400,300,604800,49188000000,500,true,0.62
"VCB",131412,"/Date(1703484891000)/",81400,200,604500,49164000000,500,true,0.62
"VCB",131347,"/Date(1703484865000)/",81400,200,604300,49147000000,500,true,0.62
"VCB",131331,"/Date(1703484850000)/",81400,100,604100,49131000000,500,true,0.62
"VCB",131331,"/Date(1703484849000)/",81400,100,604000,49123000000,500,true,0.62
"VCB",131321,"/Date(1703484840000)/",81400,300,603900,49115000000,500,true,0.62
"VCB",131315,"/Date(1703484834000)/",81400,100,603600,49090000000,500,true,0.62
"VCB",131315,"/Date(1703484834000)/",81400,100,603500,49082000000,500,true,0.62
"VCB",131315,"/Date(1703484834000)/",81400,600,603400,49074000000,500,true,0.62
"VCB",131315,"/Date(1703484833000)/",81400,300,602800,49025000000,500,true,0.62
"VCB",131243,"/Date(1703484802000)/",81400,300,602500,49001000000,500,true,0.62
"VCB",131221,"/Date(1703484780000)/",81400,200,602200,48976000000,500,true,0.62
"VCB",131214,"/Date(1703484773000)/",81400,200,602000,48960000000,500,true,0.62
"VCB",131211,"/Date(1703484770000)/",81400,500,601800,48944000000,500,true,0.62
"VCB",131211,"/Date(1703484769000)/",81400,200,601300,48903000000,500,true,0.62
"VCB",131208,"/Date(1703484768000)/",81500,900,601100,48887000000,600,false,0.74
"VCB",131208,"/Date(1703484768000)/",81500,300,600200,48813000000,600,false,0.74
"VCB",131208,"/Date(1703484768000)/",81500,200,599900,48789000000,600,false,0.74
"VCB",131201,"/Date(1703484761000)/",81500,100,599700,48773000000,600,false,0.74
"VCB",131139,"/Date(1703484740000)/",81400,100,599600,48765000000,500,true,0.62
"VCB",131139,"/Date(1703484739000)/",81400,300,599500,48756000000,500,true,0.62
"VCB",131139,"/Date(1703484737000)/",81400,100,599200,48732000000,500,true,0.62
"VCB",131101,"/Date(1703484700000)/",81400,100,599100,48724000000,500,true,0.62
"VCB",131058,"/Date(1703484698000)/",81400,400,599000,48716000000,500,true,0.62
"VCB",131048,"/Date(1703484686000)/",81400,200,598600,48683000000,500,true,0.62
"VCB",131020,"/Date(1703484660000)/",81400,100,598400,48667000000,500,true,0.62
"VCB",131020,"/Date(1703484659000)/",81400,200,598300,48659000000,500,true,0.62
"VCB",131016,"/Date(1703484654000)/",81400,300,598100,48642000000,500,true,0.62
"VCB",130941,"/Date(1703484620000)/",81400,300,597800,48618000000,500,true,0.62
"VCB",130935,"/Date(1703484615000)/",81500,100,597500,48594000000,600,false,0.74
"VCB",130935,"/Date(1703484615000)/",81500,300,597400,48585000000,600,false,0.74
"VCB",130932,"/Date(1703484610000)/",81400,900,597100,48561000000,500,true,0.62
"VCB",130925,"/Date(1703484606000)/",81500,1500,596200,48488000000,600,true,0.74
"VCB",130922,"/Date(1703484600000)/",81500,1500,594700,48365000000,600,true,0.74
"VCB",130909,"/Date(1703484590000)/",81400,1200,593200,48243000000,500,true,0.62
"VCB",130909,"/Date(1703484590000)/",81500,500,592000,48146000000,600,true,0.74
"VCB",130909,"/Date(1703484590000)/",81500,3600,591500,48105000000,600,true,0.74
"VCB",130903,"/Date(1703484581000)/",81500,400,587900,47811000000,600,false,0.74
"VCB",130903,"/Date(1703484581000)/",81500,200,587500,47779000000,600,false,0.74
"VCB",130903,"/Date(1703484581000)/",81500,300,587300,47763000000,600,false,0.74
"VCB",130903,"/Date(1703484581000)/",81500,300,587000,47738000000,600,false,0.74
"VCB",130903,"/Date(1703484581000)/",81500,1000,586700,47714000000,600,false,0.74
"VCB",130903,"/Date(1703484581000)/",81500,100,585700,47632000000,600,false,0.74
"VCB",130903,"/Date(1703484581000)/",81500,200,585600,47624000000,600,false,0.74
"VCB",130903,"/Date(1703484581000)/",81500,100,585400,47608000000,600,false,0.74
"VCB",130903,"/Date(1703484581000)/",81500,500,585300,47600000000,600,false,0.74
"VCB",130903,"/Date(1703484581000)/",81500,100,584800,47559000000,600,false,0.74
"VCB",130903,"/Date(1703484581000)/",81500,100,584700,47551000000,600,false,0.74
"VCB",130903,"/Date(1703484581000)/",81500,2600,584600,47542000000,600,false,0.74
"VCB",130844,"/Date(1703484564000)/",81400,300,582000,47331000000,500,true,0.62
"VCB",130831,"/Date(1703484550000)/",81400,200,581700,47306000000,500,true,0.62
"VCB",130821,"/Date(1703484540000)/",81400,100,581500,47290000000,500,true,0.62
"VCB",130821,"/Date(1703484540000)/",81400,700,581400,47282000000,500,true,0.62
"VCB",130815,"/Date(1703484535000)/",81400,200,580700,47225000000,500,true,0.62
"VCB",130812,"/Date(1703484532000)/",81400,300,580500,47208000000,500,true,0.62
"VCB",130812,"/Date(1703484530000)/",81400,1900,580200,47184000000,500,true,0.62
"VCB",130809,"/Date(1703484526000)/",81500,1000,578300,47029000000,600,false,0.74
"VCB",130809,"/Date(1703484526000)/",81500,100,577300,46948000000,600,false,0.74
"VCB",130809,"/Date(1703484526000)/",81500,100,577200,46940000000,600,false,0.74
"VCB",130809,"/Date(1703484526000)/",81500,5300,577100,46932000000,600,false,0.74
"VCB",130737,"/Date(1703484497000)/",81400,200,571800,46500000000,500,true,0.62
"VCB",130721,"/Date(1703484480000)/",81400,300,571600,46483000000,500,true,0.62
"VCB",130711,"/Date(1703484471000)/",81500,500,571300,46459000000,600,false,0.74
"VCB",130711,"/Date(1703484471000)/",81500,100,570800,46418000000,600,false,0.74
"VCB",130711,"/Date(1703484471000)/",81500,200,570700,46410000000,600,false,0.74
"VCB",130711,"/Date(1703484471000)/",81500,100,570500,46394000000,600,false,0.74
"VCB",130711,"/Date(1703484471000)/",81400,200,570400,46386000000,500,true,0.62
"VCB",130705,"/Date(1703484465000)/",81400,300,570200,46369000000,500,true,0.62
"VCB",130652,"/Date(1703484450000)/",81400,300,569900,46345000000,500,true,0.62
"VCB",130640,"/Date(1703484440000)/",81400,1000,569600,46320000000,500,true,0.62
"VCB",130640,"/Date(1703484437000)/",81400,1100,568600,46239000000,500,true,0.62
"VCB",130633,"/Date(1703484431000)/",81400,1600,567500,46150000000,500,true,0.62
"VCB",130633,"/Date(1703484431000)/",81400,800,565900,46019000000,500,true,0.62
"VCB",130627,"/Date(1703484427000)/",81400,300,565100,45954000000,500,true,0.62
"VCB",130617,"/Date(1703484417000)/",81400,200,564800,45930000000,500,true,0.62
"VCB",130601,"/Date(1703484400000)/",81400,200,564600,45913000000,500,true,0.62
"VCB",130555,"/Date(1703484395000)/",81400,300,564400,45897000000,500,true,0.62
"VCB",130555,"/Date(1703484394000)/",81400,400,564100,45873000000,500,true,0.62
"VCB",130542,"/Date(1703484380000)/",81400,300,563700,45840000000,500,true,0.62
"VCB",130530,"/Date(1703484370000)/",81300,600,563400,45816000000,400,true,0.49
"VCB",130530,"/Date(1703484370000)/",81300,400,562800,45767000000,400,true,0.49
"VCB",130530,"/Date(1703484370000)/",81300,100,562400,45734000000,400,true,0.49
"VCB",130530,"/Date(1703484370000)/",81300,100,562300,45726000000,400,true,0.49
"VCB",130523,"/Date(1703484363000)/",81400,700,562200,45718000000,500,false,0.62
"VCB",130523,"/Date(1703484363000)/",81400,3100,561500,45661000000,500,false,0.62
"VCB",130523,"/Date(1703484361000)/",81300,200,558400,45409000000,400,true,0.49
"VCB",130520,"/Date(1703484360000)/",81300,100,558200,45393000000,400,true,0.49
"VCB",130511,"/Date(1703484350000)/",81300,600,558100,45385000000,400,true,0.49
"VCB",130501,"/Date(1703484340000)/",81300,2300,557500,45336000000,400,true,0.49
"VCB",130458,"/Date(1703484336000)/",81400,500,555200,45149000000,500,true,0.62
"VCB",130458,"/Date(1703484336000)/",81400,200,554700,45108000000,500,true,0.62
"VCB",130458,"/Date(1703484336000)/",81400,900,554500,45092000000,500,true,0.62
"VCB",130458,"/Date(1703484336000)/",81400,300,553600,45018000000,500,true,0.62
"VCB",130458,"/Date(1703484336000)/",81400,100,553300,44994000000,500,true,0.62
"VCB",130458,"/Date(1703484336000)/",81400,100,553200,44986000000,500,true,0.62
"VCB",130458,"/Date(1703484336000)/",81400,3000,553100,44978000000,500,true,0.62
"VCB",130458,"/Date(1703484336000)/",81400,2600,550100,44734000000,500,true,0.62
"VCB",130452,"/Date(1703484329000)/",81400,300,547500,44522000000,500,true,0.62
"VCB",130429,"/Date(1703484308000)/",81400,100,547200,44498000000,500,true,0.62
"VCB",130423,"/Date(1703484300000)/",81400,100,547100,44489000000,500,true,0.62
"VCB",130420,"/Date(1703484298000)/",81400,200,547000,44481000000,500,true,0.62
"VCB",130413,"/Date(1703484292000)/",81400,300,546800,44465000000,500,true,0.62
"VCB",130401,"/Date(1703484280000)/",81400,300,546500,44441000000,500,true,0.62
"VCB",130357,"/Date(1703484277000)/",81400,700,546200,44416000000,500,true,0.62
"VCB",130357,"/Date(1703484277000)/",81400,300,545500,44359000000,500,true,0.62
"VCB",130345,"/Date(1703484264000)/",81400,100,545200,44335000000,500,true,0.62
"VCB",130335,"/Date(1703484253000)/",81400,300,545100,44327000000,500,true,0.62
"VCB",130322,"/Date(1703484240000)/",81400,300,544800,44302000000,500,true,0.62
"VCB",130319,"/Date(1703484238000)/",81400,1000,544500,44278000000,500,true,0.62
"VCB",130319,"/Date(1703484238000)/",81500,200,543500,44196000000,600,false,0.74
"VCB",130303,"/Date(1703484221000)/",81400,300,543300,44180000000,500,true,0.62
"VCB",130231,"/Date(1703484190000)/",81400,100,543000,44156000000,500,true,0.62
"VCB",130228,"/Date(1703484188000)/",81400,300,542900,44147000000,500,true,0.62
"VCB",130222,"/Date(1703484180000)/",81400,300,542600,44123000000,500,false,0.62
"VCB",130150,"/Date(1703484150000)/",81300,300,542300,44099000000,400,true,0.49
"VCB",130141,"/Date(1703484140000)/",81300,300,542000,44074000000,400,true,0.49
"VCB",130141,"/Date(1703484139000)/",81300,200,541700,44050000000,400,true,0.49
"VCB",130141,"/Date(1703484139000)/",81300,500,541500,44034000000,400,true,0.49
"VCB",130131,"/Date(1703484130000)/",81300,500,541000,43993000000,400,true,0.49
"VCB",130131,"/Date(1703484130000)/",81300,100,540500,43952000000,400,true,0.49
"VCB",130125,"/Date(1703484124000)/",81400,2100,540400,43944000000,500,false,0.62
"VCB",130115,"/Date(1703484112000)/",81300,100,538300,43773000000,400,true,0.49
"VCB",130115,"/Date(1703484112000)/",81300,100,538200,43765000000,400,true,0.49
"VCB",130040,"/Date(1703484080000)/",81300,100,538100,43757000000,400,true,0.49
"VCB",130040,"/Date(1703484080000)/",81300,100,538000,43749000000,400,true,0.49
"VCB",130040,"/Date(1703484080000)/",81300,100,537900,43741000000,400,true,0.49
"VCB",130030,"/Date(1703484070000)/",81300,300,537800,43733000000,400,true,0.49
"VCB",130024,"/Date(1703484061000)/",81300,200,537500,43708000000,400,true,0.49
"VCB",130021,"/Date(1703484060000)/",81300,1100,537300,43692000000,400,true,0.49
"VCB",130018,"/Date(1703484054000)/",81400,300,536200,43603000000,500,false,0.62
"VCB",130018,"/Date(1703484054000)/",81400,2500,535900,43578000000,500,false,0.62
"VCB",130018,"/Date(1703484054000)/",81400,1000,533400,43375000000,500,false,0.62
"VCB",130005,"/Date(1703484043000)/",81300,300,532400,43293000000,400,true,0.49
"VCB",125949,"/Date(1703484020000)/",81300,100,532100,43269000000,400,true,0.49
"VCB",125949,"/Date(1703484020000)/",81300,200,532000,43261000000,400,true,0.49
"VCB",125949,"/Date(1703484016000)/",81300,200,531800,43244000000,400,true,0.49
"VCB",125949,"/Date(1703484014000)/",81300,100,531600,43228000000,400,true,0.49
"VCB",125949,"/Date(1703484014000)/",81300,100,531500,43220000000,400,true,0.49
"VCB",125946,"/Date(1703484010000)/",81300,600,531400,43212000000,400,true,0.49
"VCB",125939,"/Date(1703484002000)/",81300,200,530800,43163000000,400,true,0.49
"VCB",125936,"/Date(1703484001000)/",81300,100,530600,43147000000,400,true,0.49
"VCB",125936,"/Date(1703484001000)/",81300,100,530500,43139000000,400,true,0.49
"VCB",125936,"/Date(1703484001000)/",81500,1600,530400,43131000000,600,false,0.74
"VCB",125936,"/Date(1703484001000)/",81500,200,528800,43000000000,600,false,0.74
"VCB",125936,"/Date(1703484000000)/",81300,100,528600,42984000000,400,true,0.49
"VCB",112913,"/Date(1703478582000)/",81300,300,528500,42976000000,400,true,0.49
"VCB",112841,"/Date(1703478550000)/",81300,100,528200,42951000000,400,true,0.49
"VCB",112841,"/Date(1703478550000)/",81300,200,528100,42943000000,400,true,0.49
"VCB",112834,"/Date(1703478542000)/",81300,200,527900,42927000000,400,true,0.49
"VCB",112809,"/Date(1703478518000)/",81300,300,527700,42911000000,400,true,0.49
"VCB",112734,"/Date(1703478484000)/",81300,300,527400,42886000000,400,true,0.49
"VCB",112659,"/Date(1703478449000)/",81300,300,527100,42862000000,400,true,0.49
"VCB",112637,"/Date(1703478424000)/",81300,200,526800,42838000000,400,true,0.49
"VCB",112627,"/Date(1703478416000)/",81300,300,526600,42821000000,400,true,0.49
"VCB",112552,"/Date(1703478381000)/",81300,200,526300,42797000000,400,true,0.49
"VCB",112520,"/Date(1703478349000)/",81300,200,526100,42781000000,400,true,0.49
"VCB",112520,"/Date(1703478349000)/",81400,100,525900,42764000000,500,true,0.62
"VCB",112511,"/Date(1703478340000)/",81300,100,525800,42756000000,400,true,0.49
"VCB",112511,"/Date(1703478340000)/",81400,200,525700,42748000000,500,false,0.62
"VCB",112511,"/Date(1703478338000)/",81500,100,525500,42732000000,600,false,0.74
"VCB",112501,"/Date(1703478330000)/",81400,800,525400,42724000000,500,true,0.62
"VCB",112501,"/Date(1703478330000)/",81400,300,524600,42659000000,500,true,0.62
"VCB",112458,"/Date(1703478325000)/",81500,100,524300,42634000000,600,false,0.74
"VCB",112455,"/Date(1703478324000)/",81400,700,524200,42626000000,500,true,0.62
"VCB",112455,"/Date(1703478324000)/",81400,400,523500,42569000000,500,true,0.62
"VCB",112455,"/Date(1703478324000)/",81400,300,523100,42536000000,500,true,0.62
"VCB",112455,"/Date(1703478324000)/",81400,2200,522800,42512000000,500,true,0.62
"VCB",112452,"/Date(1703478320000)/",81400,200,520600,42333000000,500,true,0.62
"VCB",112448,"/Date(1703478317000)/",81400,100,520400,42317000000,500,true,0.62
"VCB",112448,"/Date(1703478317000)/",81400,300,520300,42309000000,500,true,0.62
"VCB",112442,"/Date(1703478310000)/",81400,500,520000,42284000000,500,true,0.62
"VCB",112436,"/Date(1703478305000)/",81400,300,519500,42243000000,500,true,0.62
"VCB",112426,"/Date(1703478294000)/",81400,300,519200,42219000000,500,true,0.62
"VCB",112410,"/Date(1703478278000)/",81400,300,518900,42195000000,500,true,0.62
"VCB",112338,"/Date(1703478246000)/",81400,200,518600,42170000000,500,true,0.62
"VCB",112338,"/Date(1703478246000)/",81400,100,518400,42154000000,500,true,0.62
"VCB",112300,"/Date(1703478207000)/",81400,300,518300,42146000000,500,true,0.62
"VCB",112257,"/Date(1703478204000)/",81500,100,518000,42121000000,600,false,0.74
"VCB",112251,"/Date(1703478198000)/",81500,100,517900,42113000000,600,false,0.74
"VCB",112244,"/Date(1703478193000)/",81500,500,517800,42105000000,600,false,0.74
"VCB",112228,"/Date(1703478177000)/",81500,900,517300,42064000000,600,false,0.74
"VCB",112228,"/Date(1703478177000)/",81500,100,516400,41991000000,600,false,0.74
"VCB",112228,"/Date(1703478177000)/",81500,2500,516300,41983000000,600,false,0.74
"VCB",112228,"/Date(1703478177000)/",81500,300,513800,41779000000,600,false,0.74
"VCB",112228,"/Date(1703478177000)/",81500,200,513500,41755000000,600,false,0.74
"VCB",112228,"/Date(1703478177000)/",81500,1000,513300,41738000000,600,false,0.74
"VCB",112222,"/Date(1703478170000)/",81400,200,512300,41657000000,500,true,0.62
"VCB",112150,"/Date(1703478138000)/",81400,300,512100,41640000000,500,true,0.62
"VCB",112140,"/Date(1703478127000)/",81500,200,511800,41616000000,600,false,0.74
"VCB",112134,"/Date(1703478121000)/",81500,400,511600,41600000000,600,false,0.74
"VCB",112053,"/Date(1703478080000)/",81500,3000,511200,41567000000,600,false,0.74
"VCB",112053,"/Date(1703478080000)/",81500,200,508200,41323000000,600,false,0.74
"VCB",112053,"/Date(1703478080000)/",81500,500,508000,41306000000,600,false,0.74
"VCB",112053,"/Date(1703478080000)/",81500,500,507500,41266000000,600,false,0.74
"VCB",112053,"/Date(1703478080000)/",81500,900,507000,41225000000,600,false,0.74
"VCB",112053,"/Date(1703478080000)/",81400,900,506100,41152000000,500,true,0.62
"VCB",112043,"/Date(1703478071000)/",81300,200,505200,41078000000,400,true,0.49
"VCB",112043,"/Date(1703478070000)/",81400,2700,505000,41062000000,500,false,0.62
"VCB",112043,"/Date(1703478070000)/",81400,100,502300,40842000000,500,false,0.62
"VCB",112043,"/Date(1703478070000)/",81400,3200,502200,40834000000,500,false,0.62
"VCB",112040,"/Date(1703478068000)/",81300,200,499000,40574000000,400,true,0.49
"VCB",112011,"/Date(1703478040000)/",81300,300,498800,40557000000,400,true,0.49
"VCB",111940,"/Date(1703478009000)/",81300,300,498500,40533000000,400,true,0.49
"VCB",111904,"/Date(1703477973000)/",81300,200,498200,40509000000,400,true,0.49
"VCB",111842,"/Date(1703477949000)/",81300,200,498000,40492000000,400,true,0.49
"VCB",111833,"/Date(1703477940000)/",81300,300,497800,40476000000,400,true,0.49
"VCB",111801,"/Date(1703477908000)/",81300,300,497500,40452000000,400,true,0.49
"VCB",111729,"/Date(1703477875000)/",81300,100,497200,40427000000,400,true,0.49
"VCB",111729,"/Date(1703477875000)/",81300,100,497100,40419000000,400,true,0.49
"VCB",111719,"/Date(1703477868000)/",81400,400,497000,40411000000,500,false,0.62
"VCB",111719,"/Date(1703477868000)/",81400,1000,496600,40378000000,500,false,0.62
"VCB",111719,"/Date(1703477868000)/",81400,100,495600,40297000000,500,false,0.62
"VCB",111719,"/Date(1703477868000)/",81400,4500,495500,40289000000,500,false,0.62
"VCB",111654,"/Date(1703477839000)/",81300,300,491000,39923000000,400,true,0.49
"VCB",111644,"/Date(1703477831000)/",81300,300,490700,39898000000,400,true,0.49
"VCB",111619,"/Date(1703477805000)/",81300,300,490400,39874000000,400,true,0.49
"VCB",111544,"/Date(1703477770000)/",81200,300,490100,39849000000,300,true,0.37
"VCB",111522,"/Date(1703477749000)/",81200,100,489800,39825000000,300,true,0.37
"VCB",111512,"/Date(1703477738000)/",81200,200,489700,39817000000,300,true,0.37
"VCB",111450,"/Date(1703477717000)/",81300,200,489500,39801000000,400,false,0.49
"VCB",111440,"/Date(1703477707000)/",81300,100,489300,39784000000,400,true,0.49
"VCB",111440,"/Date(1703477707000)/",81300,100,489200,39776000000,400,true,0.49
"VCB",111440,"/Date(1703477707000)/",81300,100,489100,39768000000,400,true,0.49
"VCB",111408,"/Date(1703477674000)/",81300,200,489000,39760000000,400,true,0.49
"VCB",111408,"/Date(1703477674000)/",81300,100,488800,39744000000,400,true,0.49
"VCB",111333,"/Date(1703477641000)/",81300,400,488700,39736000000,400,true,0.49
"VCB",111333,"/Date(1703477641000)/",81300,3200,488300,39703000000,400,true,0.49
"VCB",111330,"/Date(1703477638000)/",81300,300,485100,39443000000,400,true,0.49
"VCB",111255,"/Date(1703477601000)/",81300,200,484800,39419000000,400,true,0.49
"VCB",111246,"/Date(1703477593000)/",81300,200,484600,39402000000,400,true,0.49
"VCB",111220,"/Date(1703477568000)/",81300,300,484400,39386000000,400,true,0.49
"VCB",111148,"/Date(1703477534000)/",81300,300,484100,39362000000,400,true,0.49
"VCB",111116,"/Date(1703477503000)/",81300,300,483800,39337000000,400,true,0.49
"VCB",111051,"/Date(1703477475000)/",81300,200,483500,39313000000,400,false,0.49
"VCB",111041,"/Date(1703477467000)/",81200,200,483300,39297000000,300,true,0.37
"VCB",111006,"/Date(1703477432000)/",81200,300,483100,39280000000,300,true,0.37
"VCB",111006,"/Date(1703477432000)/",81300,100,482800,39256000000,400,true,0.49
"VCB",110944,"/Date(1703477409000)/",81300,600,482700,39248000000,400,false,0.49
"VCB",110935,"/Date(1703477400000)/",81300,1000,482100,39199000000,400,false,0.49
"VCB",110928,"/Date(1703477394000)/",81200,200,481100,39118000000,300,true,0.37
"VCB",110856,"/Date(1703477362000)/",81200,300,480900,39102000000,300,true,0.37
"VCB",110850,"/Date(1703477356000)/",81200,300,480600,39077000000,300,true,0.37
"VCB",110825,"/Date(1703477331000)/",81200,200,480300,39053000000,300,true,0.37
"VCB",110749,"/Date(1703477297000)/",81200,300,480100,39037000000,300,true,0.37
"VCB",110718,"/Date(1703477264000)/",81200,300,479800,39012000000,300,true,0.37
"VCB",110708,"/Date(1703477255000)/",81300,1000,479500,38988000000,400,false,0.49
"VCB",110708,"/Date(1703477255000)/",81300,100,478500,38907000000,400,false,0.49
"VCB",110708,"/Date(1703477255000)/",81300,400,478400,38898000000,400,false,0.49
"VCB",110708,"/Date(1703477255000)/",81300,300,478000,38866000000,400,false,0.49
"VCB",110708,"/Date(1703477255000)/",81300,200,477700,38842000000,400,false,0.49
"VCB",110652,"/Date(1703477237000)/",81300,300,477500,38825000000,400,true,0.49
"VCB",110646,"/Date(1703477233000)/",81300,200,477200,38801000000,400,true,0.49
"VCB",110614,"/Date(1703477199000)/",81300,300,477000,38785000000,400,true,0.49
"VCB",110542,"/Date(1703477167000)/",81300,300,476700,38760000000,400,true,0.49
"VCB",110510,"/Date(1703477136000)/",81300,300,476400,38736000000,400,true,0.49
"VCB",110510,"/Date(1703477135000)/",81300,200,476100,38711000000,400,true,0.49
"VCB",110457,"/Date(1703477123000)/",81300,500,475900,38695000000,400,false,0.49
"VCB",110457,"/Date(1703477123000)/",81300,100,475400,38655000000,400,false,0.49
"VCB",110457,"/Date(1703477123000)/",81300,600,475300,38646000000,400,false,0.49
"VCB",110454,"/Date(1703477119000)/",81300,1700,474700,38598000000,400,false,0.49
"VCB",110454,"/Date(1703477119000)/",81200,200,473000,38459000000,300,true,0.37
"VCB",110435,"/Date(1703477102000)/",81200,100,472800,38443000000,300,true,0.37
"VCB",110435,"/Date(1703477102000)/",81200,200,472700,38435000000,300,true,0.37
"VCB",110403,"/Date(1703477068000)/",81200,300,472500,38419000000,300,true,0.37
"VCB",110328,"/Date(1703477034000)/",81300,500,472200,38395000000,400,false,0.49
"VCB",110325,"/Date(1703477030000)/",81200,200,471700,38354000000,300,true,0.37
"VCB",110309,"/Date(1703477015000)/",81300,400,471500,38338000000,400,false,0.49
"VCB",110309,"/Date(1703477015000)/",81300,100,471100,38305000000,400,false,0.49
"VCB",110253,"/Date(1703477000000)/",81200,300,471000,38297000000,300,true,0.37
"VCB",110253,"/Date(1703476999000)/",81200,400,470700,38273000000,300,true,0.37
"VCB",110218,"/Date(1703476965000)/",81300,500,470300,38240000000,400,false,0.49
"VCB",110215,"/Date(1703476961000)/",81200,200,469800,38199000000,300,true,0.37
"VCB",110143,"/Date(1703476927000)/",81200,300,469600,38183000000,300,true,0.37
"VCB",110130,"/Date(1703476915000)/",81300,500,469300,38159000000,400,false,0.49
"VCB",110105,"/Date(1703476891000)/",81200,100,468800,38118000000,300,true,0.37
"VCB",110105,"/Date(1703476891000)/",81200,200,468700,38110000000,300,true,0.37
"VCB",110059,"/Date(1703476883000)/",81300,100,468500,38094000000,400,false,0.49
"VCB",110055,"/Date(1703476882000)/",81200,200,468400,38086000000,300,true,0.37
"VCB",110033,"/Date(1703476859000)/",81200,300,468200,38069000000,300,true,0.37
"VCB",110026,"/Date(1703476852000)/",81300,100,467900,38045000000,400,false,0.49
"VCB",110017,"/Date(1703476843000)/",81300,1500,467800,38037000000,400,true,0.49
"VCB",110017,"/Date(1703476843000)/",81300,1000,466300,37915000000,400,true,0.49
"VCB",110017,"/Date(1703476843000)/",81300,1000,465300,37834000000,400,true,0.49
"VCB",110017,"/Date(1703476843000)/",81300,500,464300,37752000000,400,true,0.49
"VCB",110017,"/Date(1703476843000)/",81300,200,463800,37712000000,400,true,0.49
"VCB",110017,"/Date(1703476843000)/",81300,1000,463600,37696000000,400,true,0.49
"VCB",110017,"/Date(1703476843000)/",81300,100,462600,37614000000,400,true,0.49
"VCB",110017,"/Date(1703476843000)/",81300,500,462500,37606000000,400,true,0.49
"VCB",110017,"/Date(1703476843000)/",81300,100,462000,37565000000,400,true,0.49
"VCB",110017,"/Date(1703476843000)/",81300,100,461900,37557000000,400,true,0.49
"VCB",110017,"/Date(1703476843000)/",81300,300,461800,37549000000,400,true,0.49
"VCB",110017,"/Date(1703476843000)/",81300,300,461500,37525000000,400,true,0.49
"VCB",110017,"/Date(1703476843000)/",81300,500,461200,37500000000,400,true,0.49
"VCB",110017,"/Date(1703476843000)/",81300,100,460700,37460000000,400,true,0.49
"VCB",110017,"/Date(1703476843000)/",81300,200,460600,37452000000,400,true,0.49
"VCB",110017,"/Date(1703476843000)/",81300,1000,460400,37435000000,400,true,0.49
"VCB",110017,"/Date(1703476843000)/",81300,100,459400,37354000000,400,true,0.49
"VCB",110017,"/Date(1703476843000)/",81300,1000,459300,37346000000,400,true,0.49
"VCB",110017,"/Date(1703476843000)/",81400,200,458300,37265000000,500,false,0.62
"VCB",110014,"/Date(1703476839000)/",81300,1900,458100,37248000000,400,true,0.49
"VCB",110014,"/Date(1703476839000)/",81300,1000,456200,37094000000,400,true,0.49
"VCB",110014,"/Date(1703476839000)/",81300,100,455200,37013000000,400,true,0.49
"VCB",110014,"/Date(1703476839000)/",81300,500,455100,37004000000,400,true,0.49
"VCB",110014,"/Date(1703476839000)/",81300,100,454600,36964000000,400,true,0.49
"VCB",110014,"/Date(1703476839000)/",81300,1400,454500,36956000000,400,true,0.49
"VCB",105958,"/Date(1703476823000)/",81300,300,453100,36842000000,400,true,0.49
"VCB",105948,"/Date(1703476813000)/",81400,300,452800,36817000000,500,false,0.62
"VCB",105948,"/Date(1703476813000)/",81400,3600,452500,36793000000,500,false,0.62
"VCB",105948,"/Date(1703476813000)/",81400,200,448900,36500000000,500,false,0.62
"VCB",105942,"/Date(1703476807000)/",81400,400,448700,36484000000,500,false,0.62
"VCB",105926,"/Date(1703476790000)/",81300,1000,448300,36451000000,400,true,0.49
"VCB",105923,"/Date(1703476788000)/",81300,300,447300,36370000000,400,true,0.49
