"price","change","match_qtty","side","time","total_vol"
24.7,0.05,24100,"","14:45:00",583500
24.65,0,500,"sd","14:29:24",559400
24.7,0.05,1000,"bu","14:29:05",558900
24.65,0,500,"bu","14:28:44",557900
24.65,0,500,"sd","14:28:22",557400
24.7,0.05,100,"bu","14:27:54",556900
24.7,0.05,200,"bu","14:27:49",556800
24.65,0,200,"sd","14:27:32",556600
24.65,0,500,"sd","14:26:47",556400
24.6,-0.05,300,"bu","14:26:25",555900
24.6,-0.05,1100,"sd","14:26:13",555600
24.65,0,3400,"bu","14:26:03",552900
24.6,-0.05,1400,"bu","14:25:05",549500
24.6,-0.05,200,"bu","14:23:55",548100
24.6,-0.05,1500,"sd","14:19:14",547900
24.65,0,100,"bu","14:17:54",546400
24.65,0,200,"bu","14:15:45",546300
24.65,0,100,"bu","14:13:50",546100
24.65,0,200,"bu","14:13:20",546000
24.65,0,1000,"bu","14:12:05",545800
24.6,-0.05,1400,"bu","14:08:28",544800
24.6,-0.05,600,"sd","14:05:34",543400
24.6,-0.05,200,"sd","14:00:59",542800
24.6,-0.05,1700,"bu","13:59:41",542600
24.55,-0.1,8100,"bu","13:59:16",540900
24.5,-0.15,100,"bu","13:59:16",532800
24.5,-0.15,3000,"bu","13:59:03",532700
24.5,-0.15,1900,"sd","13:58:23",529700
24.55,-0.1,100,"sd","13:58:12",527800
24.55,-0.1,1800,"sd","13:58:11",527700
24.6,-0.05,3500,"sd","13:58:04",525900
24.6,-0.05,4500,"bu","13:57:34",522400
24.55,-0.1,3200,"bu","13:57:17",517900
24.5,-0.15,3100,"bu","13:57:02",514700
24.5,-0.15,5000,"bu","13:56:56",511600
24.5,-0.15,3900,"sd","13:56:46",506600
24.55,-0.1,1800,"sd","13:56:37",502700
24.55,-0.1,8200,"bu","13:56:27",500900
24.55,-0.1,200,"bu","13:56:13",492700
24.55,-0.1,1600,"sd","13:56:11",492500
24.6,-0.05,1500,"sd","13:55:58",490900
24.65,0,2000,"bu","13:53:46",489400
24.6,-0.05,500,"bu","13:53:35",487400
24.6,-0.05,4000,"bu","13:53:34",486900
24.6,-0.05,4000,"bu","13:53:33",482900
24.6,-0.05,1500,"sd","13:53:17",478900
24.6,-0.05,200,"sd","13:52:37",477400
24.6,-0.05,1000,"sd","13:51:58",477200
24.65,0,2500,"bu","13:51:48",476200
24.65,0,1000,"bu","13:51:34",473700
24.65,0,100,"bu","13:51:16",472700
24.6,-0.05,2300,"bu","13:51:11",472600
24.6,-0.05,500,"bu","13:51:05",470300
24.6,-0.05,100,"bu","13:51:00",469800
24.55,-0.1,8400,"bu","13:50:55",469700
24.55,-0.1,1000,"bu","13:50:49",461300
24.5,-0.15,11400,"bu","13:50:41",460300
24.45,-0.2,5500,"bu","13:50:35",448900
24.45,-0.2,400,"bu","13:50:28",443400
24.45,-0.2,2100,"sd","13:50:28",443000
24.5,-0.15,3600,"sd","13:49:51",440900
24.55,-0.1,1600,"sd","13:49:44",437300
24.6,-0.05,5000,"bu","13:48:37",435700
24.55,-0.1,1200,"bu","13:48:25",430700
24.5,-0.15,1400,"bu","13:48:16",429500
24.5,-0.15,5000,"bu","13:48:08",428100
24.5,-0.15,1600,"sd","13:47:58",423100
24.55,-0.1,200,"bu","13:47:48",421500
24.55,-0.1,600,"bu","13:47:46",421300
24.55,-0.1,600,"bu","13:47:45",420700
24.55,-0.1,600,"bu","13:47:43",420100
24.55,-0.1,2500,"bu","13:47:21",419500
24.5,-0.15,8400,"bu","13:46:46",417000
24.45,-0.2,3900,"bu","13:46:40",408600
24.4,-0.25,1400,"bu","13:46:31",404700
24.4,-0.25,100,"bu","13:46:24",403300
24.4,-0.25,500,"bu","13:46:16",403200
24.4,-0.25,200,"bu","13:45:44",402700
24.4,-0.25,1800,"sd","13:45:37",402500
24.45,-0.2,1100,"sd","13:45:21",400700
24.5,-0.15,1600,"sd","13:45:01",399600
24.55,-0.1,100,"bu","13:44:08",398000
24.5,-0.15,200,"sd","13:42:17",397900
24.6,-0.05,200,"bu","13:41:39",397700
24.5,-0.15,300,"sd","13:41:28",397500
24.6,-0.05,1500,"bu","13:41:11",397200
24.55,-0.1,500,"bu","13:41:11",395700
24.55,-0.1,2000,"bu","13:40:58",395200
24.55,-0.1,2000,"bu","13:40:50",393200
24.5,-0.15,1100,"bu","13:40:42",391200
24.5,-0.15,5000,"bu","13:40:37",390100
24.45,-0.2,1000,"bu","13:40:29",385100
24.45,-0.2,1500,"sd","13:40:06",384100
24.45,-0.2,2500,"bu","13:39:42",382600
24.4,-0.25,1000,"bu","13:38:42",380100
24.4,-0.25,1000,"bu","13:38:18",379100
24.3,-0.35,3800,"sd","13:36:07",378100
24.35,-0.3,8700,"sd","13:36:07",374300
24.4,-0.25,8000,"sd","13:36:07",365600
24.45,-0.2,4600,"sd","13:36:07",357600
24.45,-0.2,300,"sd","13:33:29",353000
24.5,-0.15,500,"bu","13:32:30",352700
24.45,-0.2,4000,"bu","13:27:04",352200
24.45,-0.2,500,"bu","13:26:58",348200
24.45,-0.2,500,"sd","13:26:48",347700
24.45,-0.2,3000,"sd","13:26:35",347200
24.45,-0.2,500,"sd","13:26:27",344200
24.5,-0.15,5000,"bu","13:26:09",343700
24.5,-0.15,3400,"sd","13:26:01",338700
24.55,-0.1,100,"bu","13:25:53",335300
24.55,-0.1,100,"bu","13:25:47",335200
24.55,-0.1,200,"bu","13:25:43",335100
24.55,-0.1,2200,"sd","13:25:16",334900
24.6,-0.05,1400,"sd","13:24:59",332700
24.6,-0.05,600,"bu","13:24:14",331300
24.6,-0.05,5000,"bu","13:24:05",330700
24.55,-0.1,1000,"sd","13:24:03",325700
24.6,-0.05,200,"bu","13:23:49",324700
24.6,-0.05,500,"bu","13:23:44",324500
24.6,-0.05,1700,"sd","13:23:33",324000
24.6,-0.05,9300,"bu","13:23:12",322300
24.55,-0.1,800,"bu","13:23:06",313000
24.55,-0.1,1200,"sd","13:23:01",312200
24.55,-0.1,2300,"bu","13:22:50",311000
24.55,-0.1,1500,"bu","13:22:46",308700
24.55,-0.1,200,"bu","13:22:41",307200
24.5,-0.15,100,"sd","13:22:32",307000
24.55,-0.1,1200,"bu","13:22:28",306900
24.55,-0.1,2800,"bu","13:22:28",305700
24.5,-0.15,4500,"bu","13:21:49",302900
24.5,-0.15,5500,"sd","13:21:27",298400
24.55,-0.1,500,"bu","13:20:50",292900
24.55,-0.1,500,"bu","13:20:40",292400
24.55,-0.1,1800,"sd","13:19:57",291900
24.6,-0.05,700,"sd","13:19:45",290100
24.6,-0.05,500,"sd","13:19:03",289400
24.6,-0.05,100,"sd","13:19:02",288900
24.65,0,1000,"bu","13:15:40",288800
24.65,0,500,"bu","13:14:59",287800
24.6,-0.05,200,"bu","13:14:46",287300
24.6,-0.05,1000,"bu","13:14:39",287100
24.55,-0.1,1200,"bu","13:14:33",286100
24.55,-0.1,100,"bu","13:14:26",284900
24.55,-0.1,3700,"sd","13:14:16",284800
24.6,-0.05,500,"bu","13:12:36",281100
24.6,-0.05,100,"bu","13:11:58",280600
24.6,-0.05,100,"bu","13:11:48",280500
24.6,-0.05,100,"bu","13:11:37",280400
24.6,-0.05,100,"bu","13:11:31",280300
24.6,-0.05,300,"bu","13:11:24",280200
24.55,-0.1,1000,"sd","13:11:05",279900
24.6,-0.05,600,"sd","13:08:31",278900
24.6,-0.05,100,"sd","13:07:12",278300
24.6,-0.05,1400,"sd","13:07:02",278200
24.65,0,1000,"bu","13:05:26",276800
24.65,0,100,"bu","13:05:16",275800
24.65,0,500,"bu","13:00:21",275700
24.65,0,200,"bu","11:28:35",275200
24.65,0,100,"bu","11:28:16",275000
24.65,0,200,"bu","11:28:11",274900
24.65,0,100,"bu","11:26:34",274700
24.6,-0.05,100,"sd","11:26:28",274600
24.6,-0.05,200,"sd","11:26:25",274500
24.65,0,100,"bu","11:22:56",274300
24.6,-0.05,1100,"sd","11:19:19",274200
24.65,0,100,"bu","11:14:58",273100
24.65,0,1300,"sd","11:14:23",273000
24.65,0,1000,"sd","11:14:19",271700
24.7,0.05,300,"sd","11:12:38",270700
24.7,0.05,1000,"sd","11:12:19",270400
24.7,0.05,1700,"bu","11:11:55",269400
24.7,0.05,1300,"sd","11:11:43",267700
24.75,0.1,100,"bu","11:10:52",266400
24.75,0.1,300,"bu","11:10:47",266300
24.75,0.1,100,"bu","11:10:44",266000
24.7,0.05,2000,"bu","11:10:23",265900
24.7,0.05,500,"bu","11:09:34",263900
24.7,0.05,100,"bu","11:09:30",263400
24.7,0.05,1400,"sd","11:09:21",263300
24.75,0.1,500,"bu","11:09:01",261900
24.75,0.1,100,"bu","11:08:27",261400
24.75,0.1,600,"bu","11:08:22",261300
24.75,0.1,200,"bu","11:08:07",260700
24.75,0.1,1000,"bu","11:08:02",260500
24.7,0.05,3600,"bu","11:07:56",259500
24.7,0.05,500,"bu","11:07:28",255900
24.7,0.05,200,"bu","11:03:45",255400
24.7,0.05,500,"bu","11:03:40",255200
24.7,0.05,100,"bu","11:03:35",254700
24.7,0.05,100,"bu","11:03:30",254600
24.7,0.05,300,"bu","11:02:07",254500
24.65,0,7800,"bu","11:01:57",254200
24.65,0,1200,"sd","11:01:23",246400
24.65,0,1800,"bu","11:00:24",245200
24.65,0,1000,"bu","10:59:42",243400
24.65,0,800,"bu","10:59:36",242400
24.65,0,1200,"bu","10:59:03",241600
24.65,0,1000,"bu","10:58:19",240400
24.65,0,2200,"sd","10:53:46",239400
24.7,0.05,1200,"sd","10:53:39",237200
24.75,0.1,500,"sd","10:53:15",236000
24.75,0.1,2500,"bu","10:53:12",235500
24.75,0.1,200,"bu","10:52:40",233000
24.7,0.05,400,"sd","10:52:38",232800
24.75,0.1,100,"bu","10:52:35",232400
24.75,0.1,500,"bu","10:52:29",232300
24.7,0.05,900,"bu","10:52:22",231800
24.7,0.05,2000,"bu","10:52:09",230900
24.7,0.05,100,"sd","10:51:48",228900
24.7,0.05,1600,"sd","10:50:25",228800
24.7,0.05,300,"bu","10:50:00",227200
24.7,0.05,500,"bu","10:49:52",226900
24.7,0.05,1200,"sd","10:49:47",226400
24.7,0.05,1000,"sd","10:49:42",225200
24.75,0.1,300,"bu","10:49:36",224200
24.75,0.1,500,"bu","10:49:30",223900
24.75,0.1,100,"bu","10:49:24",223400
24.7,0.05,2800,"bu","10:49:18",223300
24.7,0.05,3000,"bu","10:49:12",220500
24.7,0.05,1500,"bu","10:48:28",217500
24.7,0.05,1200,"bu","10:48:17",216000
24.7,0.05,500,"bu","10:48:11",214800
24.7,0.05,1000,"sd","10:47:56",214300
24.7,0.05,200,"sd","10:46:59",213300
24.7,0.05,1800,"bu","10:46:47",213100
24.7,0.05,2000,"bu","10:46:37",211300
24.7,0.05,200,"bu","10:45:57",209300
24.7,0.05,500,"bu","10:45:51",209100
24.7,0.05,500,"bu","10:45:50",208600
24.65,0,2800,"bu","10:44:16",208100
24.65,0,1500,"bu","10:44:00",205300
24.65,0,2000,"bu","10:43:55",203800
24.65,0,100,"bu","10:40:26",201800
24.65,0,1200,"sd","10:35:03",201700
24.65,0,3800,"bu","10:34:02",200500
24.65,0,8400,"bu","10:33:18",196700
24.6,-0.05,1600,"bu","10:33:18",188300
24.6,-0.05,400,"sd","10:32:49",186700
24.6,-0.05,1000,"sd","10:32:30",186300
24.6,-0.05,500,"sd","10:32:19",185300
24.6,-0.05,3100,"bu","10:32:03",184800
24.55,-0.1,7000,"bu","10:31:52",181700
24.55,-0.1,100,"bu","10:31:42",174700
24.55,-0.1,2000,"bu","10:31:24",174600
24.5,-0.15,500,"sd","10:31:20",172600
24.5,-0.15,500,"sd","10:31:18",172100
24.5,-0.15,1200,"bu","10:31:11",171600
24.5,-0.15,2000,"bu","10:31:07",170400
24.5,-0.15,500,"bu","10:31:04",168400
24.5,-0.15,100,"bu","10:31:00",167900
24.5,-0.15,1600,"bu","10:30:57",167800
24.5,-0.15,400,"bu","10:30:56",166200
24.45,-0.2,100,"sd","10:30:48",165800
24.45,-0.2,300,"sd","10:30:45",165700
24.5,-0.15,1500,"bu","10:30:40",165400
24.45,-0.2,1100,"bu","10:30:35",163900
24.45,-0.2,200,"bu","10:30:32",162800
24.4,-0.25,3200,"bu","10:30:23",162600
24.4,-0.25,6800,"sd","10:30:17",159400
24.45,-0.2,1000,"bu","10:29:52",152600
24.45,-0.2,1700,"sd","10:29:47",151600
24.5,-0.15,3100,"sd","10:29:39",149900
24.5,-0.15,4900,"bu","10:28:37",146800
24.45,-0.2,400,"bu","10:28:27",141900
24.45,-0.2,5000,"bu","10:28:18",141500
24.45,-0.2,2600,"sd","10:28:07",136500
24.45,-0.2,5000,"sd","10:27:54",133900
24.5,-0.15,5100,"sd","10:27:48",128900
24.55,-0.1,3400,"sd","10:27:39",123800
24.6,-0.05,1200,"sd","10:27:15",120400
24.6,-0.05,1300,"bu","10:26:57",119200
24.6,-0.05,2500,"bu","10:26:55",117900
24.55,-0.1,2600,"bu","10:26:42",115400
24.55,-0.1,400,"bu","10:26:05",112800
24.55,-0.1,4600,"bu","10:26:04",112400
24.5,-0.15,1000,"sd","10:25:41",107800
24.55,-0.1,400,"sd","10:24:50",106800
24.55,-0.1,1000,"sd","10:24:45",106400
24.55,-0.1,2000,"sd","10:24:39",105400
24.55,-0.1,100,"sd","10:18:03",103400
24.65,0,100,"bu","10:13:39",103300
24.65,0,200,"bu","10:09:14",103200
24.6,-0.05,1800,"bu","10:09:14",103000
24.6,-0.05,100,"bu","10:07:50",101200
24.6,-0.05,500,"bu","10:05:03",101100
24.6,-0.05,2000,"bu","09:59:36",100600
24.6,-0.05,100,"bu","09:59:16",98600
24.6,-0.05,300,"bu","09:59:14",98500
24.6,-0.05,300,"bu","09:59:12",98200
24.6,-0.05,300,"bu","09:59:11",97900
24.6,-0.05,200,"bu","09:58:18",97600
24.6,-0.05,600,"bu","09:56:40",97400
24.6,-0.05,700,"bu","09:56:38",96800
24.6,-0.05,700,"bu","09:56:37",96100
24.55,-0.1,2000,"bu","09:54:35",95400
24.55,-0.1,200,"bu","09:54:21",93400
24.55,-0.1,400,"bu","09:54:19",93200
24.55,-0.1,400,"bu","09:54:18",92800
24.5,-0.15,4100,"bu","09:53:13",92400
24.45,-0.2,600,"bu","09:52:28",88300
24.45,-0.2,1000,"bu","09:51:37",87700
24.45,-0.2,400,"sd","09:49:39",86700
24.45,-0.2,2000,"sd","09:48:16",86300
24.5,-0.15,2000,"bu","09:47:00",84300
24.45,-0.2,600,"bu","09:46:52",82300
24.45,-0.2,2000,"bu","09:46:15",81700
24.4,-0.25,100,"bu","09:45:56",79700
24.4,-0.25,100,"bu","09:45:03",79600
24.4,-0.25,200,"bu","09:44:46",79500
24.4,-0.25,2000,"bu","09:44:23",79300
24.4,-0.25,2700,"sd","09:43:53",77300
24.4,-0.25,1500,"sd","09:43:48",74600
24.4,-0.25,5000,"sd","09:43:44",73100
24.45,-0.2,1400,"sd","09:43:37",68100
24.45,-0.2,1000,"sd","09:43:34",66700
24.45,-0.2,1500,"sd","09:43:30",65700
24.5,-0.15,400,"bu","09:42:48",64200
24.45,-0.2,2500,"bu","09:39:52",63800
24.45,-0.2,1500,"sd","09:39:26",61300
24.45,-0.2,2000,"sd","09:39:19",59800
24.5,-0.15,300,"bu","09:39:14",57800
24.45,-0.2,2000,"sd","09:39:05",57500
24.5,-0.15,1200,"sd","09:39:00",55500
24.5,-0.15,1500,"sd","09:38:57",54300
24.55,-0.1,2200,"sd","09:38:27",52800
24.6,-0.05,200,"bu","09:37:05",50600
24.6,-0.05,1000,"bu","09:37:00",50400
24.6,-0.05,500,"bu","09:36:55",49400
24.55,-0.1,100,"sd","09:36:17",48900
24.55,-0.1,700,"bu","09:35:40",48800
24.55,-0.1,100,"bu","09:35:36",48100
24.55,-0.1,500,"bu","09:35:32",48000
24.55,-0.1,1000,"bu","09:35:28",47500
24.55,-0.1,200,"bu","09:34:57",46500
24.55,-0.1,100,"bu","09:34:50",46300
24.55,-0.1,500,"bu","09:33:07",46200
24.5,-0.15,500,"bu","09:32:20",45700
24.5,-0.15,1000,"bu","09:29:36",45200
24.5,-0.15,300,"bu","09:29:16",44200
24.45,-0.2,300,"sd","09:28:48",43900
24.45,-0.2,2000,"sd","09:28:39",43600
24.5,-0.15,1000,"sd","09:28:34",41600
24.5,-0.15,1500,"sd","09:28:26",40600
24.5,-0.15,1400,"sd","09:26:50",39100
24.55,-0.1,200,"bu","09:26:50",37700
24.5,-0.15,400,"bu","09:26:22",37500
24.5,-0.15,2000,"bu","09:25:40",37100
24.45,-0.2,1200,"bu","09:24:09",35100
24.45,-0.2,500,"bu","09:24:02",33900
24.45,-0.2,1300,"sd","09:23:49",33400
24.5,-0.15,1600,"sd","09:23:45",32100
24.5,-0.15,1400,"bu","09:23:22",30500
24.5,-0.15,1500,"bu","09:23:08",29100
24.5,-0.15,1300,"sd","09:23:06",27600
24.5,-0.15,700,"bu","09:23:00",26300
24.5,-0.15,2000,"bu","09:22:42",25600
24.45,-0.2,100,"sd","09:22:42",23600
24.5,-0.15,2300,"sd","09:22:13",23500
24.5,-0.15,2000,"sd","09:22:09",21200
24.55,-0.1,100,"bu","09:22:08",19200
24.55,-0.1,1000,"bu","09:21:48",19100
24.5,-0.15,3200,"sd","09:21:23",18100
24.55,-0.1,2100,"sd","09:21:07",14900
24.6,-0.05,100,"sd","09:20:57",12800
24.6,-0.05,1500,"sd","09:20:51",12700
24.65,0,1000,"sd","09:20:44",11200
24.75,0.1,100,"sd","09:18:54",10200
24.75,0.1,1600,"sd","09:17:29",10100
24.75,0.1,300,"bu","09:16:52",8500
24.75,0.1,500,"bu","09:16:47",8200
24.75,0.1,300,"bu","09:16:41",7700
24.75,0.1,200,"bu","09:16:35",7400
24.65,0,2000,"bu","09:16:26",7200
24.65,0,100,"bu","09:15:57",5200
24.65,0,900,"sd","09:15:47",5100
24.65,0,100,"sd","09:15:02",4200
24.75,0.1,4100,"","09:15:00",4100
