"price","change","match_qtty","side","time","total_vol"
23.55,-0.1,16600,"","14:45:01",144200
23.6,-0.05,200,"bu","14:29:30",127600
23.2,-0.45,300,"sd","14:27:32",127400
23.2,-0.45,1200,"sd","14:26:47",127100
23.25,-0.4,2100,"sd","14:26:47",125900
23.3,-0.35,2200,"sd","14:26:47",123800
23.4,-0.25,100,"sd","14:26:47",121600
23.45,-0.2,4400,"sd","14:26:47",121500
23.5,-0.15,100,"bu","14:26:25",117100
23.55,-0.1,100,"bu","14:23:21",117000
23.5,-0.15,300,"sd","14:23:16",116900
23.5,-0.15,1000,"sd","14:23:01",116600
23.5,-0.15,500,"sd","14:22:59",115600
23.5,-0.15,1000,"sd","14:22:51",115100
23.5,-0.15,200,"sd","14:22:30",114100
23.5,-0.15,2600,"bu","14:22:13",113900
23.5,-0.15,2400,"sd","14:21:44",111300
23.55,-0.1,100,"bu","14:20:15",108900
23.5,-0.15,300,"sd","14:19:41",108800
23.5,-0.15,2300,"bu","14:17:38",108500
23.5,-0.15,100,"bu","14:17:11",106200
23.45,-0.2,600,"bu","14:17:07",106100
23.45,-0.2,5800,"sd","14:16:37",105500
23.5,-0.15,200,"bu","14:16:04",99700
23.5,-0.15,1000,"bu","14:13:52",99500
23.5,-0.15,100,"bu","14:12:42",98500
23.45,-0.2,200,"bu","14:10:07",98400
23.4,-0.25,1500,"bu","14:09:29",98200
23.4,-0.25,100,"bu","14:07:52",96700
23.4,-0.25,400,"bu","14:07:46",96600
23.35,-0.3,100,"sd","14:07:21",96200
23.3,-0.35,400,"bu","14:06:41",96100
23.35,-0.3,100,"sd","14:06:40",93200
23.35,-0.3,400,"bu","14:05:25",93100
23.2,-0.45,5800,"sd","14:01:52",92700
23.25,-0.4,3900,"sd","14:01:52",86900
23.3,-0.35,300,"sd","14:01:52",83000
23.3,-0.35,400,"bu","14:01:31",82700
23.3,-0.35,100,"bu","14:01:28",82300
23.3,-0.35,100,"bu","14:01:10",82200
23.3,-0.35,100,"bu","14:00:41",82100
23.3,-0.35,2300,"sd","14:00:31",82000
23.4,-0.25,100,"bu","14:00:23",79700
23.4,-0.25,200,"bu","14:00:20",79600
23.3,-0.35,3000,"sd","13:59:23",79400
23.3,-0.35,900,"sd","13:58:32",76400
23.4,-0.25,4100,"sd","13:58:32",75500
23.45,-0.2,100,"bu","13:55:31",71400
23.45,-0.2,100,"bu","13:53:44",71300
23.4,-0.25,600,"bu","13:52:26",71200
23.35,-0.3,300,"bu","13:52:26",70600
23.35,-0.3,100,"bu","13:52:25",70300
23.35,-0.3,100,"bu","13:50:11",70200
23.35,-0.3,100,"bu","13:49:51",70100
23.35,-0.3,200,"sd","13:49:35",70000
23.35,-0.3,100,"bu","13:46:43",69800
23.35,-0.3,200,"sd","13:46:37",69700
23.35,-0.3,100,"sd","13:45:53",69500
23.35,-0.3,300,"bu","13:45:52",69400
23.35,-0.3,100,"bu","13:45:40",69100
23.3,-0.35,300,"sd","13:45:36",69000
23.3,-0.35,300,"sd","13:40:47",68700
23.3,-0.35,500,"sd","13:39:31",68400
23.3,-0.35,8000,"sd","13:37:17",67900
23.35,-0.3,1000,"sd","13:37:17",59900
23.4,-0.25,100,"bu","13:36:58",58900
23.4,-0.25,100,"bu","13:35:07",58800
23.4,-0.25,200,"bu","13:34:41",58700
23.4,-0.25,100,"bu","13:33:53",58500
23.4,-0.25,100,"bu","13:33:26",58400
23.4,-0.25,400,"bu","13:32:30",58300
23.4,-0.25,400,"bu","13:31:36",57900
23.35,-0.3,300,"bu","13:31:03",57500
23.3,-0.35,3000,"sd","13:29:55",57200
23.35,-0.3,400,"sd","13:29:17",54200
23.35,-0.3,1200,"sd","13:24:33",53800
23.4,-0.25,200,"sd","13:24:33",52600
23.45,-0.2,300,"sd","13:24:25",52400
23.45,-0.2,200,"sd","13:24:04",52100
23.45,-0.2,400,"sd","13:23:46",51900
23.45,-0.2,400,"bu","13:22:51",51500
23.45,-0.2,100,"sd","13:21:44",51100
23.45,-0.2,100,"sd","13:21:17",51000
23.45,-0.2,100,"sd","13:17:04",50900
23.45,-0.2,500,"bu","13:14:29",50800
23.4,-0.25,300,"sd","13:14:14",50300
23.4,-0.25,500,"bu","13:13:04",50000
23.35,-0.3,300,"sd","13:11:17",49500
23.35,-0.3,300,"bu","13:10:43",49200
23.3,-0.35,300,"sd","13:08:41",48900
23.3,-0.35,900,"sd","13:07:31",48600
23.35,-0.3,100,"sd","13:07:31",47700
23.35,-0.3,400,"bu","13:07:03",47600
23.35,-0.3,100,"bu","13:05:24",47200
23.35,-0.3,1500,"sd","13:01:55",47100
23.35,-0.3,800,"sd","13:00:12",45600
23.35,-0.3,300,"sd","11:29:51",44800
23.35,-0.3,300,"sd","11:29:16",44500
23.35,-0.3,2000,"sd","11:29:02",44200
23.35,-0.3,300,"sd","11:27:58",42200
23.35,-0.3,100,"bu","11:27:38",41900
23.35,-0.3,200,"bu","11:27:26",41800
23.35,-0.3,300,"bu","11:26:38",41600
23.3,-0.35,3000,"sd","11:24:38",41300
23.4,-0.25,100,"sd","11:22:52",38300
23.4,-0.25,200,"sd","11:21:24",38200
23.4,-0.25,200,"bu","11:20:59",38000
23.4,-0.25,100,"sd","11:20:36",37800
23.4,-0.25,200,"bu","11:20:21",37700
23.3,-0.35,300,"sd","11:20:09",37500
23.4,-0.25,100,"bu","11:19:49",37200
23.3,-0.35,3900,"sd","11:17:04",37100
23.35,-0.3,2000,"sd","11:17:04",33200
23.4,-0.25,1100,"sd","11:17:04",31200
23.45,-0.2,100,"sd","11:16:17",30100
23.45,-0.2,300,"sd","11:14:10",30000
23.45,-0.2,1500,"sd","11:12:57",29700
23.5,-0.15,100,"sd","11:11:37",28200
23.5,-0.15,200,"bu","11:10:00",28100
23.5,-0.15,100,"sd","11:08:12",27900
23.5,-0.15,300,"sd","11:08:02",27800
23.5,-0.15,600,"bu","11:07:24",27500
23.5,-0.15,100,"bu","11:07:20",26900
23.5,-0.15,100,"bu","11:02:50",26800
23.55,-0.1,100,"bu","10:58:21",26700
23.55,-0.1,200,"bu","10:55:08",26600
23.55,-0.1,100,"bu","10:53:52",26400
23.55,-0.1,500,"bu","10:51:43",26300
23.45,-0.2,300,"sd","10:51:14",25800
23.5,-0.15,300,"bu","10:51:07",25500
23.5,-0.15,100,"bu","10:49:51",25200
23.5,-0.15,100,"bu","10:49:23",25100
23.5,-0.15,100,"sd","10:46:45",25000
23.5,-0.15,100,"sd","10:44:43",24900
23.5,-0.15,300,"sd","10:44:21",24800
23.5,-0.15,300,"sd","10:43:49",24500
23.5,-0.15,300,"sd","10:43:22",24200
23.5,-0.15,300,"sd","10:41:59",23900
23.5,-0.15,300,"sd","10:39:07",23600
23.5,-0.15,400,"bu","10:37:38",23300
23.5,-0.15,100,"bu","10:35:56",22900
23.5,-0.15,200,"sd","10:32:22",22800
23.5,-0.15,300,"sd","10:27:35",22600
23.5,-0.15,300,"sd","10:24:45",22300
23.5,-0.15,2500,"sd","10:24:02",22000
23.5,-0.15,2500,"sd","10:23:13",19500
23.55,-0.1,1500,"sd","10:23:13",17000
23.55,-0.1,100,"sd","10:22:35",15500
23.55,-0.1,200,"sd","10:21:29",15400
23.6,-0.05,100,"bu","10:17:59",15200
23.6,-0.05,100,"bu","10:14:20",15100
23.6,-0.05,100,"sd","10:13:58",15000
23.6,-0.05,500,"sd","10:13:54",14900
23.6,-0.05,300,"sd","10:08:36",14400
23.6,-0.05,200,"sd","10:05:23",14100
23.6,-0.05,100,"bu","09:51:05",13900
23.65,0,100,"bu","09:46:36",13800
23.65,0,100,"bu","09:43:14",13700
23.65,0,300,"bu","09:42:28",13600
23.65,0,200,"bu","09:42:13",13300
23.65,0,100,"bu","09:42:07",13100
23.65,0,1100,"sd","09:40:31",13000
23.65,0,100,"sd","09:38:38",11900
23.75,0.1,100,"bu","09:37:38",11800
23.75,0.1,100,"bu","09:33:08",11700
23.75,0.1,1000,"bu","09:30:40",11600
23.75,0.1,100,"bu","09:29:57",10600
23.5,-0.15,2600,"bu","09:19:26",10500
23.5,-0.15,100,"bu","09:19:22",7900
23.5,-0.15,1000,"bu","09:19:03",7800
23.5,-0.15,1600,"bu","09:18:51",6800
23.55,-0.1,2000,"sd","09:18:29",5200
23.6,-0.05,200,"sd","09:18:29",3200
23.65,0,1100,"sd","09:18:29",3000
23.75,0.1,200,"bu","09:16:21",1900
23.75,0.1,1000,"bu","09:15:44",1700
23.75,0.1,200,"bu","09:15:12",700
23.75,0.1,500,"","09:15:00",500
