"price","change","match_qtty","side","time","total_vol"
19.35,-0.65,1571400,"","14:45:01",26032700
19.35,-0.65,500,"sd","14:29:56",24461300
19.35,-0.65,100,"sd","14:29:55",24460800
19.35,-0.65,400,"sd","14:29:54",24460700
19.35,-0.65,200,"sd","14:29:53",24460300
19.35,-0.65,3000,"bu","14:29:52",24460100
19.3,-0.7,2000,"sd","14:29:52",24457100
19.35,-0.65,600,"bu","14:29:52",24455100
19.35,-0.65,200,"bu","14:29:51",24454500
19.3,-0.7,100,"sd","14:29:51",24454300
19.4,-0.6,4500,"bu","14:29:51",24454200
19.35,-0.65,2600,"bu","14:29:51",24449700
19.35,-0.65,7300,"bu","14:29:50",24447100
19.35,-0.65,1800,"bu","14:29:49",24439800
19.35,-0.65,5000,"bu","14:29:48",24438000
19.35,-0.65,300,"bu","14:29:48",24433000
19.35,-0.65,6800,"bu","14:29:47",24432700
19.35,-0.65,600,"bu","14:29:46",24425900
19.35,-0.65,500,"bu","14:29:44",24425300
19.35,-0.65,900,"bu","14:29:44",24424800
19.35,-0.65,9000,"bu","14:29:43",24423900
19.35,-0.65,3900,"bu","14:29:43",24414900
19.3,-0.7,1000,"sd","14:29:42",24411000
19.35,-0.65,100,"bu","14:29:42",24410000
19.35,-0.65,600,"bu","14:29:41",24408900
19.35,-0.65,400,"bu","14:29:40",24408300
19.35,-0.65,35300,"sd","14:29:40",24407900
19.4,-0.6,8000,"bu","14:29:39",24372600
19.35,-0.65,500,"sd","14:29:39",24364600
19.4,-0.6,1000,"bu","14:29:39",24364100
19.4,-0.6,200,"bu","14:29:38",24363100
19.4,-0.6,8000,"bu","14:29:37",24362900
19.4,-0.6,400,"bu","14:29:35",24354900
19.4,-0.6,10800,"bu","14:29:35",24354500
19.35,-0.65,14700,"sd","14:29:34",24343700
19.4,-0.6,3300,"sd","14:29:34",24329000
19.4,-0.6,11700,"bu","14:29:33",24325700
19.35,-0.65,16200,"bu","14:29:33",24314000
19.35,-0.65,100500,"bu","14:29:32",24297800
19.35,-0.65,26800,"bu","14:29:32",24197300
19.35,-0.65,1200,"bu","14:29:31",24170500
19.35,-0.65,8000,"bu","14:29:30",24169300
19.35,-0.65,2600,"bu","14:29:30",24161300
19.35,-0.65,300,"bu","14:29:29",24158700
19.35,-0.65,10000,"bu","14:29:29",24158400
19.35,-0.65,400,"bu","14:29:28",24148400
19.35,-0.65,1000,"bu","14:29:27",24148000
19.35,-0.65,200,"bu","14:29:27",24147000
19.35,-0.65,332800,"sd","14:29:26",24146800
19.4,-0.6,5000,"bu","14:29:26",23814000
19.4,-0.6,300,"bu","14:29:25",23809000
19.4,-0.6,300,"bu","14:29:24",23808700
19.4,-0.6,2200,"bu","14:29:24",23808400
19.4,-0.6,6000,"bu","14:29:23",23806200
19.4,-0.6,200,"bu","14:29:23",23800200
19.4,-0.6,1100,"bu","14:29:22",23800000
19.4,-0.6,4000,"bu","14:29:21",23798900
19.4,-0.6,5300,"bu","14:29:20",23794900
19.4,-0.6,2500,"bu","14:29:19",23789600
19.35,-0.65,1500,"sd","14:29:18",23787100
19.4,-0.6,5500,"bu","14:29:18",23785600
19.4,-0.6,27100,"sd","14:29:18",23780100
19.45,-0.55,500,"bu","14:29:18",23753000
19.4,-0.6,10000,"sd","14:29:16",23752500
19.4,-0.6,4200,"bu","14:29:16",23742500
19.4,-0.6,400,"bu","14:29:15",23738300
19.4,-0.6,10600,"bu","14:29:15",23737900
19.4,-0.6,15300,"bu","14:29:14",23727300
19.4,-0.6,5200,"bu","14:29:13",23712000
19.35,-0.65,5000,"sd","14:29:13",23706800
19.4,-0.6,11600,"bu","14:29:12",23701800
19.4,-0.6,900,"bu","14:29:12",23690200
19.35,-0.65,100,"sd","14:29:12",23689300
19.4,-0.6,6400,"bu","14:29:11",23689200
19.4,-0.6,1600,"bu","14:29:11",23682800
19.4,-0.6,200,"bu","14:29:10",23681200
19.4,-0.6,1100,"bu","14:29:09",23681000
19.4,-0.6,101000,"bu","14:29:08",23679900
19.4,-0.6,5100,"bu","14:29:06",23578900
19.4,-0.6,3000,"bu","14:29:05",23573800
19.35,-0.65,200,"sd","14:29:05",23570800
19.4,-0.6,5000,"bu","14:29:05",23570600
19.4,-0.6,12000,"bu","14:29:04",23565600
19.4,-0.6,500,"bu","14:29:04",23553600
19.4,-0.6,5000,"bu","14:29:02",23553100
19.4,-0.6,200,"bu","14:29:02",23548100
19.4,-0.6,8000,"bu","14:29:01",23547900
19.4,-0.6,500,"bu","14:29:00",23539900
19.4,-0.6,300,"bu","14:28:59",23459400
19.4,-0.6,400,"bu","14:28:58",23459100
19.4,-0.6,12000,"bu","14:28:57",23458700
19.4,-0.6,100,"bu","14:28:57",23446700
19.4,-0.6,500,"bu","14:28:56",23446600
19.4,-0.6,1100,"bu","14:28:55",23446100
19.4,-0.6,100,"bu","14:28:55",23445000
19.4,-0.6,700,"bu","14:28:54",23444900
19.4,-0.6,8300,"bu","14:28:53",23444200
19.4,-0.6,10000,"bu","14:28:53",23435900
19.4,-0.6,100,"bu","14:28:51",23425900
19.4,-0.6,1000,"bu","14:28:51",23425800
19.4,-0.6,10000,"bu","14:28:50",23424800
19.4,-0.6,400,"bu","14:28:49",23414800
19.35,-0.65,200,"sd","14:28:49",23414400
19.4,-0.6,1600,"bu","14:28:47",23414200
19.35,-0.65,20000,"sd","14:28:47",23412600
19.4,-0.6,1000,"bu","14:28:46",23392600
19.4,-0.6,1000,"bu","14:28:46",23391600
19.35,-0.65,4000,"sd","14:28:46",23390600
19.4,-0.6,200,"bu","14:28:45",23386600
19.4,-0.6,1300,"bu","14:28:44",23386400
19.4,-0.6,200,"bu","14:28:43",23385100
19.35,-0.65,10000,"sd","14:28:43",23384900
19.4,-0.6,400,"bu","14:28:42",23374900
19.4,-0.6,26000,"bu","14:28:41",23374500
19.4,-0.6,600,"bu","14:28:40",23348500
19.4,-0.6,100,"bu","14:28:38",23347900
19.4,-0.6,20300,"bu","14:28:36",23347800
19.4,-0.6,10000,"bu","14:28:35",23327500
19.35,-0.65,1500,"sd","14:28:35",23317500
19.4,-0.6,500,"bu","14:28:34",23316000
19.35,-0.65,5200,"sd","14:28:33",23315500
19.35,-0.65,200,"sd","14:28:31",23310300
19.4,-0.6,6200,"bu","14:28:30",23310100
19.35,-0.65,300,"sd","14:28:29",23303900
19.4,-0.6,200,"bu","14:28:28",23303600
19.4,-0.6,10000,"bu","14:28:26",23303400
19.35,-0.65,400,"sd","14:28:24",23293400
19.35,-0.65,26800,"sd","14:28:24",23293000
19.4,-0.6,40000,"bu","14:28:23",23266200
19.4,-0.6,100,"bu","14:28:22",23226200
19.4,-0.6,100,"bu","14:28:21",23226100
19.4,-0.6,1000,"bu","14:28:21",23226000
19.4,-0.6,1000,"bu","14:28:20",23225000
19.4,-0.6,1000,"bu","14:28:19",23224000
19.4,-0.6,500,"bu","14:28:17",23223000
19.4,-0.6,1500,"bu","14:28:16",23222500
19.4,-0.6,1000,"bu","14:28:16",23221000
19.35,-0.65,3000,"sd","14:28:15",23220000
19.4,-0.6,18100,"bu","14:28:15",23217000
19.4,-0.6,9000,"bu","14:28:14",23189900
19.4,-0.6,9000,"bu","14:28:13",23180900
19.4,-0.6,200,"bu","14:28:13",23171900
19.35,-0.65,3000,"sd","14:28:12",23171700
19.4,-0.6,5500,"bu","14:28:12",23168700
19.4,-0.6,100,"bu","14:28:10",23163200
19.4,-0.6,4600,"bu","14:28:10",23163100
19.35,-0.65,1000,"sd","14:28:10",23158500
19.4,-0.6,2000,"bu","14:28:08",23157500
19.35,-0.65,5000,"sd","14:28:07",23155500
19.35,-0.65,3500,"sd","14:28:06",23150500
19.4,-0.6,500,"bu","14:28:06",23147000
19.35,-0.65,600,"sd","14:28:05",23146500
19.4,-0.6,500,"bu","14:28:05",23145900
19.35,-0.65,400,"sd","14:28:04",23145400
19.4,-0.6,2200,"bu","14:28:03",23145000
19.4,-0.6,100,"bu","14:28:01",23142800
19.4,-0.6,2000,"bu","14:27:59",23142700
19.35,-0.65,15400,"sd","14:27:59",23140700
19.4,-0.6,5000,"bu","14:27:58",23125300
19.4,-0.6,900,"bu","14:27:57",23120300
19.4,-0.6,800,"bu","14:27:56",23119400
19.35,-0.65,6500,"sd","14:27:55",23118600
19.4,-0.6,1200,"bu","14:27:54",23112100
19.4,-0.6,200,"bu","14:27:54",23110900
19.4,-0.6,2500,"bu","14:27:53",23110700
19.4,-0.6,2000,"bu","14:27:52",23108200
19.35,-0.65,16300,"sd","14:27:51",23106200
19.4,-0.6,1000,"bu","14:27:50",23089900
19.4,-0.6,1000,"bu","14:27:49",23088900
19.4,-0.6,100,"bu","14:27:48",23087900
19.4,-0.6,500,"bu","14:27:48",23087800
19.4,-0.6,1000,"bu","14:27:47",23087300
19.4,-0.6,500,"bu","14:27:46",23086300
19.4,-0.6,1000,"bu","14:27:46",23085800
19.4,-0.6,2000,"bu","14:27:44",23084800
19.4,-0.6,1000,"bu","14:27:43",23082800
19.35,-0.65,21000,"sd","14:27:43",23081800
19.4,-0.6,5300,"bu","14:27:42",23060800
19.4,-0.6,6100,"bu","14:27:41",23055500
19.4,-0.6,3700,"bu","14:27:41",23049400
19.4,-0.6,2000,"bu","14:27:40",23045700
19.4,-0.6,100,"bu","14:27:40",23043700
19.4,-0.6,2600,"bu","14:27:39",23043600
19.4,-0.6,1300,"bu","14:27:37",23041000
19.4,-0.6,10300,"sd","14:27:37",23039700
19.45,-0.55,12000,"bu","14:27:36",23029400
19.45,-0.55,7900,"bu","14:27:33",23017400
19.4,-0.6,900,"bu","14:27:33",23009500
19.4,-0.6,500,"bu","14:27:32",23008600
19.4,-0.6,100,"bu","14:27:32",23008100
19.4,-0.6,1000,"bu","14:27:30",23008000
19.4,-0.6,38900,"sd","14:27:29",23007000
19.4,-0.6,100000,"sd","14:27:28",22968100
19.45,-0.55,24000,"bu","14:27:27",22868100
19.45,-0.55,36000,"bu","14:27:26",22844100
19.4,-0.6,40000,"sd","14:27:25",22808100
19.45,-0.55,3000,"bu","14:27:25",22768100
19.45,-0.55,100,"bu","14:27:23",22725100
19.45,-0.55,6000,"bu","14:27:22",22725000
19.45,-0.55,1400,"bu","14:27:21",22719000
19.4,-0.6,2000,"sd","14:27:20",22717600
19.45,-0.55,500,"bu","14:27:20",22715600
19.45,-0.55,1000,"bu","14:27:17",22715100
19.4,-0.6,40000,"sd","14:27:16",22714100
19.45,-0.55,200,"bu","14:27:16",22674100
19.45,-0.55,1000,"bu","14:27:15",22673900
19.45,-0.55,3700,"bu","14:27:14",22672900
19.4,-0.6,1500,"sd","14:27:14",22669200
19.45,-0.55,2000,"bu","14:27:13",22667700
19.4,-0.6,3000,"sd","14:27:10",22665700
19.45,-0.55,800,"bu","14:27:07",22662700
19.45,-0.55,1000,"bu","14:27:05",22661900
19.45,-0.55,5000,"bu","14:27:03",22660900
19.45,-0.55,10000,"bu","14:27:02",22655900
19.4,-0.6,46000,"sd","14:26:59",22645900
19.45,-0.55,500,"bu","14:26:58",22599900
19.45,-0.55,500,"bu","14:26:57",22599400
19.45,-0.55,5600,"bu","14:26:55",22598900
19.45,-0.55,20000,"bu","14:26:52",22593300
19.45,-0.55,2000,"bu","14:26:51",22573300
19.45,-0.55,100,"bu","14:26:47",22571300
19.4,-0.6,20000,"sd","14:26:46",22571200
19.45,-0.55,1000,"bu","14:26:42",22551200
19.45,-0.55,900,"bu","14:26:40",22550200
19.45,-0.55,1000,"bu","14:26:35",22549300
19.4,-0.6,2000,"sd","14:26:35",22548300
19.4,-0.6,3000,"sd","14:26:32",22546300
19.45,-0.55,5000,"bu","14:26:29",22543300
19.45,-0.55,1200,"bu","14:26:26",22538300
19.4,-0.6,1000,"sd","14:26:23",22537100
19.45,-0.55,3500,"bu","14:26:22",22536100
19.45,-0.55,2000,"bu","14:26:21",22532600
19.45,-0.55,1000,"bu","14:26:14",22530600
19.45,-0.55,3000,"bu","14:26:12",22529600
19.45,-0.55,500,"bu","14:26:12",22526600
19.4,-0.6,400,"sd","14:26:09",22526100
19.4,-0.6,200,"sd","14:26:06",22525700
19.45,-0.55,1500,"bu","14:26:00",22525500
19.4,-0.6,5000,"sd","14:25:57",22524000
19.45,-0.55,3200,"bu","14:25:55",22519000
19.45,-0.55,500,"bu","14:25:53",22515800
19.45,-0.55,500,"bu","14:25:52",22515300
19.45,-0.55,100,"bu","14:25:51",22514800
19.45,-0.55,600,"bu","14:25:49",22514700
19.45,-0.55,600,"bu","14:25:48",22514100
19.45,-0.55,700,"bu","14:25:45",22513500
19.4,-0.6,15200,"sd","14:25:43",22512800
19.4,-0.6,1000,"sd","14:25:41",22497600
19.45,-0.55,13500,"bu","14:25:41",22496600
19.4,-0.6,300,"sd","14:25:40",22483100
19.45,-0.55,100,"bu","14:25:37",22482800
19.4,-0.6,1000,"sd","14:25:36",22482700
19.45,-0.55,700,"bu","14:25:31",22481700
19.45,-0.55,100,"bu","14:25:26",22481000
19.45,-0.55,300,"bu","14:25:24",22480900
19.4,-0.6,2000,"sd","14:25:24",22480600
19.4,-0.6,1100,"sd","14:25:23",22478600
19.4,-0.6,1000,"sd","14:25:21",22477500
19.4,-0.6,5000,"sd","14:25:19",22476500
19.45,-0.55,1800,"bu","14:25:18",22471500
19.45,-0.55,300,"bu","14:25:15",22469700
19.4,-0.6,2400,"sd","14:25:14",22469400
19.4,-0.6,600,"sd","14:25:13",22467000
19.4,-0.6,6000,"sd","14:25:09",22466400
19.45,-0.55,1000,"bu","14:25:08",22460400
19.4,-0.6,100,"sd","14:25:05",22459400
19.4,-0.6,2000,"sd","14:25:04",22459300
19.4,-0.6,3000,"sd","14:25:04",22457300
19.4,-0.6,1000,"sd","14:25:01",22454300
19.4,-0.6,700,"sd","14:24:59",22453300
19.45,-0.55,5000,"bu","14:24:53",22452600
19.4,-0.6,2500,"sd","14:24:48",22447600
19.45,-0.55,1000,"bu","14:24:46",22445100
19.4,-0.6,500,"sd","14:24:45",22444100
19.45,-0.55,3000,"bu","14:24:44",22443600
19.45,-0.55,2200,"bu","14:24:43",22440600
19.45,-0.55,3000,"bu","14:24:37",22438400
19.4,-0.6,400,"sd","14:24:36",22435400
19.4,-0.6,5000,"sd","14:24:30",22435000
19.4,-0.6,1000,"sd","14:24:28",22430000
19.4,-0.6,8000,"sd","14:24:25",22428900
19.4,-0.6,10000,"sd","14:24:24",22420900
19.4,-0.6,100,"sd","14:24:18",22410900
19.4,-0.6,2500,"sd","14:24:17",22410800
19.4,-0.6,1000,"sd","14:24:15",22408300
19.4,-0.6,3000,"sd","14:24:10",22407300
19.4,-0.6,600,"sd","14:24:09",22404300
19.45,-0.55,300,"bu","14:24:09",22403700
19.4,-0.6,1300,"sd","14:24:08",22403400
19.4,-0.6,2000,"sd","14:24:05",22402100
19.4,-0.6,2000,"sd","14:24:03",22400100
19.4,-0.6,14000,"sd","14:24:01",22398100
19.4,-0.6,600,"sd","14:23:59",22384100
19.4,-0.6,4000,"sd","14:23:58",22383500
19.4,-0.6,4000,"sd","14:23:55",22379500
19.4,-0.6,400,"sd","14:23:51",22375500
19.4,-0.6,5000,"sd","14:23:50",22375100
19.4,-0.6,5100,"sd","14:23:45",22370100
19.4,-0.6,4900,"sd","14:23:44",22365000
19.4,-0.6,500,"sd","14:23:38",22360100
19.4,-0.6,1000,"sd","14:23:37",22359600
19.4,-0.6,5800,"sd","14:23:33",22358600
19.4,-0.6,5100,"bu","14:23:29",22352800
19.4,-0.6,700,"bu","14:23:28",22347700
19.4,-0.6,300,"bu","14:23:27",22347000
19.4,-0.6,200,"bu","14:23:25",22346700
19.4,-0.6,100,"bu","14:23:25",22346500
19.4,-0.6,500,"bu","14:23:24",22346400
19.4,-0.6,1600,"bu","14:23:24",22345900
19.4,-0.6,42100,"sd","14:23:23",22344300
19.4,-0.6,5000,"sd","14:23:21",22302200
19.45,-0.55,200,"bu","14:23:20",22297200
19.4,-0.6,15000,"sd","14:23:18",22297000
19.4,-0.6,1500,"sd","14:23:17",22282000
19.4,-0.6,24100,"bu","14:23:06",22280500
19.4,-0.6,200,"bu","14:23:05",22256400
19.4,-0.6,10200,"bu","14:23:05",22256200
19.4,-0.6,3800,"bu","14:23:04",22246000
19.4,-0.6,1200,"bu","14:23:03",22242200
19.4,-0.6,500,"bu","14:23:02",22241000
19.4,-0.6,2000,"bu","14:23:02",22240500
19.4,-0.6,3200,"bu","14:23:01",22238500
19.4,-0.6,500,"bu","14:23:00",22235300
19.4,-0.6,200,"bu","14:22:59",22234800
19.4,-0.6,10500,"bu","14:22:59",22234600
19.4,-0.6,4000,"bu","14:22:58",22224100
19.4,-0.6,4000,"bu","14:22:57",22220100
19.4,-0.6,12200,"bu","14:22:55",22216100
19.35,-0.65,900,"sd","14:22:55",22203900
19.4,-0.6,6100,"bu","14:22:55",22203000
19.4,-0.6,24400,"bu","14:22:54",22196900
19.4,-0.6,18600,"bu","14:22:53",22172500
19.4,-0.6,800,"bu","14:22:50",22153900
19.4,-0.6,17000,"bu","14:22:46",22153100
19.4,-0.6,5500,"bu","14:22:45",22136100
19.35,-0.65,2000,"sd","14:22:44",22130600
19.4,-0.6,2000,"bu","14:22:42",22128600
19.35,-0.65,200,"sd","14:22:42",22126600
19.35,-0.65,5000,"sd","14:22:41",22126400
19.4,-0.6,500,"bu","14:22:39",22121100
19.4,-0.6,2000,"bu","14:22:38",22120600
19.4,-0.6,200,"bu","14:22:35",22118600
19.4,-0.6,200,"bu","14:22:33",22118400
19.4,-0.6,400,"bu","14:22:31",22118200
19.4,-0.6,2000,"bu","14:22:30",22117800
19.4,-0.6,500,"bu","14:22:28",22115800
19.4,-0.6,700,"bu","14:22:25",22115300
19.4,-0.6,100,"bu","14:22:21",22114600
19.4,-0.6,500,"bu","14:22:18",22114500
19.4,-0.6,100,"bu","14:22:18",22114000
19.4,-0.6,10500,"bu","14:22:15",22113900
19.35,-0.65,10000,"sd","14:22:14",22103400
19.35,-0.65,500,"sd","14:22:13",22093400
19.4,-0.6,1400,"bu","14:22:10",22092900
19.4,-0.6,200,"bu","14:22:09",22091500
19.4,-0.6,700,"bu","14:22:08",22091300
19.35,-0.65,200,"sd","14:22:07",22090600
19.35,-0.65,500,"sd","14:22:07",22090400
19.4,-0.6,100,"bu","14:22:07",22089900
19.4,-0.6,300,"bu","14:22:05",22089800
19.4,-0.6,1000,"bu","14:22:05",22089500
19.4,-0.6,300,"bu","14:22:04",22088500
19.35,-0.65,300,"sd","14:22:04",22088200
19.4,-0.6,200,"bu","14:21:57",22087900
19.35,-0.65,2400,"sd","14:21:57",22087700
19.4,-0.6,100,"bu","14:21:56",22085300
19.4,-0.6,500,"bu","14:21:53",22085200
19.4,-0.6,100,"bu","14:21:49",22084700
19.4,-0.6,500,"bu","14:21:48",22084600
19.4,-0.6,2100,"bu","14:21:47",22084100
19.4,-0.6,500,"bu","14:21:44",22082000
19.4,-0.6,500,"bu","14:21:41",22081500
19.4,-0.6,100,"bu","14:21:37",22081000
19.4,-0.6,100,"bu","14:21:36",22080900
19.4,-0.6,100,"bu","14:21:36",22080800
19.4,-0.6,100,"bu","14:21:34",22079700
19.4,-0.6,2100,"bu","14:21:31",22079600
19.4,-0.6,3400,"bu","14:21:29",22077500
19.4,-0.6,2000,"bu","14:21:26",22074100
19.4,-0.6,100,"bu","14:21:23",22071800
19.35,-0.65,200,"sd","14:21:20",22071700
19.4,-0.6,800,"bu","14:21:16",22071500
19.35,-0.65,200,"sd","14:21:14",22070700
19.4,-0.6,1000,"bu","14:21:14",22070500
19.4,-0.6,100,"bu","14:21:09",22069500
19.4,-0.6,400,"bu","14:21:08",22069400
19.4,-0.6,300,"bu","14:21:07",22069000
19.4,-0.6,800,"bu","14:21:04",22068700
19.4,-0.6,1300,"bu","14:21:03",22067900
19.35,-0.65,100,"sd","14:21:03",22066600
19.4,-0.6,3200,"bu","14:21:00",22066500
19.4,-0.6,300,"bu","14:20:59",22063300
19.4,-0.6,2400,"bu","14:20:58",22063000
19.4,-0.6,1300,"bu","14:20:57",22060600
19.4,-0.6,238400,"sd","14:20:56",22059300
19.4,-0.6,100,"sd","14:20:55",21820900
19.4,-0.6,2000,"sd","14:20:46",21820800
19.45,-0.55,500,"bu","14:20:44",21818800
19.45,-0.55,300,"bu","14:20:43",21818300
19.45,-0.55,100,"bu","14:20:41",21818000
19.45,-0.55,3000,"bu","14:20:40",21817900
19.45,-0.55,500,"bu","14:20:34",21814900
19.4,-0.6,5000,"sd","14:20:33",21814400
19.45,-0.55,100,"bu","14:20:30",21809400
19.45,-0.55,200,"bu","14:20:28",21809300
19.45,-0.55,500,"bu","14:20:25",21809100
19.4,-0.6,4000,"sd","14:20:23",21808600
19.45,-0.55,3000,"bu","14:20:22",21804600
19.4,-0.6,2000,"sd","14:20:21",21801600
19.45,-0.55,400,"bu","14:20:20",21799600
19.45,-0.55,100,"bu","14:20:19",21799200
19.45,-0.55,100,"bu","14:20:16",21799100
19.45,-0.55,600,"bu","14:20:15",21799000
19.45,-0.55,500,"bu","14:20:13",21798400
19.45,-0.55,300,"bu","14:20:09",21797900
19.45,-0.55,1500,"bu","14:20:06",21797600
19.45,-0.55,300,"bu","14:20:03",21796100
19.4,-0.6,1500,"sd","14:20:02",21795800
19.45,-0.55,800,"bu","14:20:02",21794300
19.45,-0.55,100,"bu","14:20:01",21793500
19.45,-0.55,500,"bu","14:19:58",21793400
19.45,-0.55,100,"bu","14:19:50",21792900
19.45,-0.55,100,"bu","14:19:48",21792800
19.45,-0.55,1200,"bu","14:19:46",21792700
19.45,-0.55,100,"bu","14:19:42",21791500
19.45,-0.55,100,"bu","14:19:41",21791400
19.45,-0.55,10000,"bu","14:19:39",21791300
19.45,-0.55,100,"bu","14:19:38",21781300
19.45,-0.55,3200,"bu","14:19:37",21781200
19.45,-0.55,1100,"bu","14:19:36",21778000
19.45,-0.55,100,"bu","14:19:35",21776900
19.45,-0.55,600,"bu","14:19:30",21776800
19.45,-0.55,100,"bu","14:19:26",21776200
19.45,-0.55,1000,"bu","14:19:21",21776100
19.45,-0.55,1000,"bu","14:19:20",21775100
19.45,-0.55,300,"bu","14:19:19",21774100
19.45,-0.55,1200,"bu","14:19:17",21773800
19.45,-0.55,500,"bu","14:19:13",21772600
19.45,-0.55,2900,"sd","14:19:10",21772100
19.45,-0.55,2000,"sd","14:19:09",21769200
19.45,-0.55,4800,"sd","14:19:08",21767200
19.5,-0.5,1400,"bu","14:19:08",21762400
19.45,-0.55,10200,"sd","14:19:07",21761000
19.45,-0.55,14400,"sd","14:19:06",21750800
19.45,-0.55,15000,"sd","14:19:05",21736400
19.45,-0.55,58500,"sd","14:19:03",21721400
19.45,-0.55,2500,"sd","14:18:59",21662900
19.5,-0.5,300,"bu","14:18:58",21660400
19.45,-0.55,700,"sd","14:18:57",21660100
19.45,-0.55,1000,"sd","14:18:54",21659400
19.45,-0.55,100,"sd","14:18:52",21658400
19.45,-0.55,15000,"sd","14:18:50",21658300
19.5,-0.5,1000,"bu","14:18:50",21643300
19.45,-0.55,500,"sd","14:18:50",21642300
19.45,-0.55,500,"sd","14:18:49",21641800
19.45,-0.55,100,"sd","14:18:48",21641300
19.45,-0.55,32000,"sd","14:18:43",21641200
19.45,-0.55,3700,"sd","14:18:42",21609200
19.45,-0.55,200,"sd","14:18:39",21605500
19.5,-0.5,1000,"bu","14:18:27",21605300
19.45,-0.55,1000,"sd","14:18:17",21604300
19.5,-0.5,600,"bu","14:18:14",21603300
19.45,-0.55,6600,"sd","14:18:13",21602700
19.45,-0.55,20000,"sd","14:18:07",21596100
19.5,-0.5,1200,"bu","14:18:05",21576100
19.45,-0.55,4300,"sd","14:18:00",21574900
19.5,-0.5,2000,"bu","14:18:00",21570600
19.5,-0.5,100,"bu","14:17:59",21568600
19.5,-0.5,700,"bu","14:17:57",21568500
19.45,-0.55,20000,"sd","14:17:56",21567800
19.45,-0.55,5000,"sd","14:17:47",21547800
19.45,-0.55,4800,"sd","14:17:46",21542800
19.45,-0.55,100,"sd","14:17:37",21538000
19.45,-0.55,5000,"sd","14:17:34",21537900
19.45,-0.55,4000,"sd","14:17:31",21532900
19.45,-0.55,1000,"sd","14:17:30",21528900
19.45,-0.55,7000,"sd","14:17:23",21527900
19.5,-0.5,1000,"bu","14:17:23",21520900
19.5,-0.5,10000,"bu","14:17:22",21519900
19.45,-0.55,2000,"sd","14:17:18",21509900
19.5,-0.5,500,"bu","14:17:12",21507900
19.45,-0.55,4000,"sd","14:17:11",21507400
19.5,-0.5,600,"bu","14:17:11",21503400
19.45,-0.55,1000,"sd","14:17:09",21502800
19.45,-0.55,5000,"sd","14:17:07",21501800
19.45,-0.55,20000,"sd","14:17:00",21496800
19.45,-0.55,400,"sd","14:16:57",21476800
19.5,-0.5,100,"bu","14:16:57",21476400
19.45,-0.55,1600,"sd","14:16:54",21476300
19.45,-0.55,5000,"sd","14:16:41",21474700
19.5,-0.5,500,"bu","14:16:38",21469700
19.5,-0.5,200,"bu","14:16:35",21469200
19.45,-0.55,15100,"sd","14:16:33",21469000
19.45,-0.55,10600,"sd","14:16:33",21453900
19.5,-0.5,5000,"bu","14:16:33",21443300
19.45,-0.55,500,"sd","14:16:27",21438300
19.45,-0.55,1200,"sd","14:16:27",21437800
19.45,-0.55,3500,"sd","14:16:22",21436600
19.5,-0.5,3200,"bu","14:16:21",21433100
19.5,-0.5,400,"bu","14:16:18",21429900
19.5,-0.5,100,"bu","14:16:16",21429500
19.5,-0.5,1000,"bu","14:16:16",21429400
19.5,-0.5,100,"bu","14:16:14",21428400
19.5,-0.5,200,"bu","14:16:08",21428300
19.5,-0.5,700,"sd","14:16:06",21428100
19.5,-0.5,66000,"sd","14:16:06",21427400
19.5,-0.5,12200,"sd","14:16:05",21361400
19.5,-0.5,4000,"sd","14:16:04",21349200
19.55,-0.45,200,"bu","14:16:04",21345200
19.5,-0.5,9000,"sd","14:16:04",21345000
19.5,-0.5,10000,"sd","14:16:02",21336000
19.5,-0.5,50000,"sd","14:16:01",21326000
19.5,-0.5,4000,"sd","14:16:00",21276000
19.5,-0.5,2000,"sd","14:15:59",21272000
19.5,-0.5,1000,"sd","14:15:56",21270000
19.5,-0.5,1000,"sd","14:15:56",21269000
19.5,-0.5,5000,"sd","14:15:52",21268000
19.55,-0.45,700,"bu","14:15:51",21263000
19.5,-0.5,300,"sd","14:15:51",21262300
19.55,-0.45,5000,"bu","14:15:51",21262000
19.55,-0.45,300,"bu","14:15:50",21257000
19.5,-0.5,10000,"sd","14:15:50",21256700
19.55,-0.45,300,"bu","14:15:47",21246700
19.55,-0.45,6000,"bu","14:15:42",21246400
19.55,-0.45,42700,"sd","14:15:40",21240400
19.55,-0.45,46900,"sd","14:15:39",21197700
19.55,-0.45,40000,"sd","14:15:37",21150800
19.55,-0.45,8000,"sd","14:15:34",21110800
19.6,-0.4,100,"bu","14:15:32",21102800
19.6,-0.4,1000,"bu","14:15:31",21102700
19.55,-0.45,400,"sd","14:15:29",21101700
19.6,-0.4,100,"bu","14:15:28",21101300
19.6,-0.4,1000,"bu","14:15:27",21101200
19.6,-0.4,1000,"bu","14:15:25",21100200
19.6,-0.4,500,"bu","14:15:22",21099200
19.6,-0.4,1100,"bu","14:15:19",21098200
19.6,-0.4,200,"bu","14:15:18",21097100
19.55,-0.45,300,"sd","14:15:18",21096900
19.6,-0.4,4100,"bu","14:15:07",21096600
19.6,-0.4,300,"bu","14:15:04",21092500
19.55,-0.45,1500,"sd","14:15:01",21092200
19.55,-0.45,1000,"sd","14:14:59",21090700
19.6,-0.4,50000,"bu","14:14:55",21089700
19.55,-0.45,1000,"sd","14:14:51",21039700
19.55,-0.45,1500,"sd","14:14:47",21038700
19.55,-0.45,2500,"sd","14:14:46",21037200
19.55,-0.45,2500,"sd","14:14:39",21034700
19.6,-0.4,1000,"bu","14:14:37",21032200
19.6,-0.4,300,"bu","14:14:36",21031200
19.6,-0.4,600,"bu","14:14:34",21030900
19.55,-0.45,1000,"sd","14:14:34",21030300
19.6,-0.4,1100,"bu","14:14:33",21029300
19.6,-0.4,200,"bu","14:14:30",21028200
19.6,-0.4,1500,"bu","14:14:28",21028000
19.6,-0.4,200,"bu","14:14:27",21026500
19.6,-0.4,1000,"bu","14:14:26",21026300
19.6,-0.4,7000,"bu","14:14:23",21025300
19.6,-0.4,200,"bu","14:14:21",21018300
19.55,-0.45,9800,"sd","14:14:20",21018100
19.6,-0.4,1100,"bu","14:14:18",21008300
19.6,-0.4,1000,"bu","14:14:17",21007200
19.6,-0.4,200,"bu","14:14:16",21006200
19.6,-0.4,600,"bu","14:14:13",21006000
19.6,-0.4,100,"bu","14:14:13",21005400
19.55,-0.45,200,"sd","14:14:13",21005300
19.6,-0.4,400,"bu","14:14:12",21005100
19.6,-0.4,1000,"bu","14:14:10",21004700
19.6,-0.4,2000,"bu","14:14:06",21003700
19.6,-0.4,1100,"bu","14:14:04",21001700
19.6,-0.4,100,"bu","14:14:03",21000600
19.6,-0.4,2200,"bu","14:14:02",21000500
19.6,-0.4,20000,"bu","14:14:00",20998300
19.6,-0.4,300,"bu","14:13:58",20978300
19.6,-0.4,55000,"bu","14:13:57",20978000
19.6,-0.4,300,"bu","14:13:55",20923000
19.6,-0.4,500,"bu","14:13:55",20922700
19.6,-0.4,20000,"bu","14:13:53",20922200
19.6,-0.4,100,"bu","14:13:49",20902200
19.6,-0.4,12800,"bu","14:13:48",20902100
19.6,-0.4,500,"bu","14:13:47",20889300
19.6,-0.4,2800,"bu","14:13:47",20888800
19.6,-0.4,2800,"bu","14:13:42",20886000
19.6,-0.4,2000,"bu","14:13:41",20883200
19.55,-0.45,500,"sd","14:13:40",20881200
19.6,-0.4,300,"bu","14:13:35",20880700
19.6,-0.4,1600,"sd","14:13:34",20880400
19.6,-0.4,1400,"bu","14:13:32",20878800
19.6,-0.4,100,"sd","14:13:31",20877400
19.6,-0.4,10200,"bu","14:13:30",20876900
19.6,-0.4,400,"bu","14:13:26",20866700
19.6,-0.4,1000,"bu","14:13:23",20866300
19.6,-0.4,3300,"bu","14:13:22",20865300
19.6,-0.4,100,"bu","14:13:21",20862000
19.6,-0.4,1200,"bu","14:13:18",20861900
19.6,-0.4,2500,"bu","14:13:16",20860700
19.6,-0.4,100,"bu","14:13:09",20858200
19.6,-0.4,200,"bu","14:13:09",20858100
19.6,-0.4,1000,"bu","14:13:08",20857900
19.6,-0.4,12300,"sd","14:13:07",20856900
19.6,-0.4,200,"sd","14:13:02",20844600
19.6,-0.4,30000,"sd","14:13:00",20844400
19.6,-0.4,700,"sd","14:12:59",20814400
19.6,-0.4,10000,"sd","14:12:52",20813700
19.6,-0.4,12000,"sd","14:12:45",20803700
19.6,-0.4,15000,"sd","14:12:44",20791700
19.6,-0.4,400,"sd","14:12:33",20776700
19.6,-0.4,3000,"sd","14:12:30",20776300
19.6,-0.4,3900,"bu","14:12:28",20773300
19.6,-0.4,3000,"bu","14:12:27",20769400
19.6,-0.4,300,"bu","14:12:27",20766400
19.6,-0.4,12400,"bu","14:12:25",20766100
19.6,-0.4,500,"bu","14:12:24",20753700
19.6,-0.4,2000,"bu","14:12:22",20753200
19.6,-0.4,100,"bu","14:12:21",20751200
19.6,-0.4,400,"bu","14:12:18",20751100
19.6,-0.4,10200,"bu","14:12:18",20750700
19.6,-0.4,200,"bu","14:12:17",20740500
19.6,-0.4,200,"bu","14:12:17",20740300
19.6,-0.4,100,"bu","14:12:16",20740100
19.6,-0.4,100,"bu","14:12:16",20740000
19.6,-0.4,400,"bu","14:12:15",20739900
19.6,-0.4,200,"bu","14:12:15",20739500
19.6,-0.4,5000,"bu","14:12:12",20739300
19.6,-0.4,4400,"bu","14:12:11",20734300
19.6,-0.4,500,"bu","14:12:10",20729900
19.6,-0.4,200,"bu","14:12:10",20729400
19.6,-0.4,3100,"bu","14:12:09",20729200
19.6,-0.4,2300,"bu","14:12:06",20726100
19.6,-0.4,40000,"bu","14:12:06",20723800
19.6,-0.4,500,"bu","14:12:05",20683800
19.6,-0.4,2300,"bu","14:12:05",20683300
19.6,-0.4,900,"bu","14:12:04",20681000
19.6,-0.4,100,"bu","14:12:03",20680100
19.6,-0.4,3000,"bu","14:12:01",20680000
19.6,-0.4,1000,"bu","14:12:01",20677000
19.6,-0.4,1100,"bu","14:12:00",20676000
19.55,-0.45,2400,"sd","14:12:00",20674900
19.6,-0.4,200,"bu","14:12:00",20672500
19.6,-0.4,10600,"bu","14:11:58",20672300
19.6,-0.4,2100,"bu","14:11:56",20661700
19.6,-0.4,2600,"bu","14:11:55",20659600
19.6,-0.4,7700,"bu","14:11:54",20657000
19.6,-0.4,11000,"bu","14:11:50",20649300
19.6,-0.4,1300,"bu","14:11:48",20638300
19.6,-0.4,500,"bu","14:11:45",20637000
19.6,-0.4,400,"bu","14:11:44",20636500
19.6,-0.4,100,"bu","14:11:39",20636100
19.6,-0.4,300,"bu","14:11:38",20636000
19.55,-0.45,600,"sd","14:11:37",20635700
19.6,-0.4,1200,"bu","14:11:36",20635100
19.55,-0.45,400,"sd","14:11:32",20633900
19.6,-0.4,1200,"bu","14:11:30",20633500
19.6,-0.4,300,"bu","14:11:30",20632300
19.6,-0.4,100,"bu","14:11:29",20632000
19.6,-0.4,5000,"bu","14:11:27",20631900
19.55,-0.45,400,"sd","14:11:26",20626900
19.6,-0.4,100,"bu","14:11:23",20626500
19.55,-0.45,1000,"sd","14:11:19",20626400
19.6,-0.4,100,"bu","14:11:18",20625400
19.6,-0.4,200,"bu","14:11:11",20625300
19.55,-0.45,4600,"sd","14:11:10",20625100
19.6,-0.4,2000,"bu","14:11:09",20620500
19.6,-0.4,400,"bu","14:11:08",20618500
19.6,-0.4,10000,"bu","14:11:07",20618100
19.55,-0.45,500,"sd","14:10:55",20608100
19.6,-0.4,500,"bu","14:10:53",20607600
19.55,-0.45,6500,"sd","14:10:47",20607100
19.55,-0.45,1800,"bu","14:10:43",20600600
19.55,-0.45,4100,"bu","14:10:42",20598800
19.55,-0.45,1000,"bu","14:10:42",20594700
19.55,-0.45,2400,"bu","14:10:41",20593700
19.55,-0.45,7100,"bu","14:10:41",20591300
19.55,-0.45,100,"bu","14:10:40",20584200
19.55,-0.45,5100,"bu","14:10:38",20584100
19.5,-0.5,2000,"sd","14:10:38",20579000
19.55,-0.45,10000,"bu","14:10:37",20577000
19.55,-0.45,200,"bu","14:10:36",20567000
19.55,-0.45,1000,"bu","14:10:35",20566800
19.55,-0.45,1000,"bu","14:10:34",20565800
19.55,-0.45,7000,"bu","14:10:34",20564800
19.55,-0.45,8000,"bu","14:10:32",20557800
19.55,-0.45,2000,"bu","14:10:30",20549800
19.55,-0.45,1000,"bu","14:10:25",20547800
19.55,-0.45,18200,"sd","14:10:24",20546800
19.6,-0.4,8000,"bu","14:10:19",20525600
19.6,-0.4,4500,"bu","14:10:15",20517600
19.6,-0.4,300,"bu","14:10:05",20513100
19.55,-0.45,400,"sd","14:10:03",20512800
19.55,-0.45,5000,"sd","14:09:58",20512400
19.6,-0.4,100,"bu","14:09:52",20507400
19.55,-0.45,10000,"sd","14:09:51",20507300
19.55,-0.45,5000,"sd","14:09:43",20497300
19.6,-0.4,2000,"bu","14:09:40",20492300
19.55,-0.45,1400,"bu","14:09:37",20490300
19.55,-0.45,100,"bu","14:09:36",20488900
19.55,-0.45,100,"bu","14:09:36",20488800
19.55,-0.45,8000,"bu","14:09:35",20488700
19.55,-0.45,700,"bu","14:09:34",20480700
19.55,-0.45,100,"bu","14:09:33",20480000
19.55,-0.45,500,"bu","14:09:31",20479900
19.55,-0.45,100,"bu","14:09:29",20479400
19.55,-0.45,400,"bu","14:09:28",20479300
19.55,-0.45,100,"bu","14:09:27",20478900
19.55,-0.45,100,"bu","14:09:27",20478800
19.55,-0.45,4100,"bu","14:09:26",20478700
19.55,-0.45,100,"bu","14:09:25",20474600
19.55,-0.45,100,"bu","14:09:23",20474500
19.55,-0.45,4100,"sd","14:09:22",20474400
19.55,-0.45,13800,"sd","14:09:20",20470300
19.6,-0.4,2000,"bu","14:09:20",20456500
19.55,-0.45,3000,"sd","14:09:12",20454500
19.6,-0.4,200,"bu","14:09:10",20451500
19.55,-0.45,1000,"sd","14:09:06",20451300
19.55,-0.45,300,"sd","14:09:06",20450300
19.55,-0.45,1800,"bu","14:09:03",20450000
19.55,-0.45,2000,"bu","14:09:02",20448200
19.55,-0.45,3000,"bu","14:09:00",20446200
19.55,-0.45,1000,"bu","14:08:59",20443200
19.5,-0.5,200,"sd","14:08:59",20442200
19.55,-0.45,100,"bu","14:08:56",20442000
19.55,-0.45,2200,"bu","14:08:55",20441900
19.55,-0.45,800,"bu","14:08:53",20439700
19.55,-0.45,1000,"bu","14:08:50",20438900
19.55,-0.45,600,"bu","14:08:47",20437900
19.55,-0.45,300,"bu","14:08:46",20437300
19.55,-0.45,1500,"bu","14:08:41",20437000
19.55,-0.45,1000,"bu","14:08:37",20435500
19.55,-0.45,800,"bu","14:08:36",20434500
19.55,-0.45,700,"bu","14:08:35",20433700
19.55,-0.45,5500,"sd","14:08:31",20433000
19.55,-0.45,900,"bu","14:08:29",20427500
19.55,-0.45,200,"bu","14:08:28",20426600
19.55,-0.45,2000,"bu","14:08:27",20426400
19.55,-0.45,200,"bu","14:08:26",20424400
19.55,-0.45,1000,"bu","14:08:25",20424200
19.55,-0.45,500,"bu","14:08:23",20423200
19.55,-0.45,1700,"bu","14:08:22",20422700
19.55,-0.45,100,"bu","14:08:20",20421000
19.55,-0.45,100,"bu","14:08:17",20420900
19.55,-0.45,5900,"sd","14:08:12",20420800
19.55,-0.45,800,"bu","14:08:09",20414900
19.55,-0.45,100,"bu","14:08:08",20414100
19.55,-0.45,2000,"bu","14:08:06",20414000
19.55,-0.45,500,"bu","14:08:04",20412000
19.55,-0.45,200,"bu","14:08:00",20411500
19.5,-0.5,100,"sd","14:07:58",20411300
19.55,-0.45,600,"bu","14:07:58",20411200
19.55,-0.45,100,"sd","14:07:49",20410600
19.55,-0.45,100,"bu","14:07:46",20410500
19.55,-0.45,9900,"sd","14:07:42",20410400
19.6,-0.4,3000,"bu","14:07:40",20400500
19.55,-0.45,400,"sd","14:07:36",20397500
19.6,-0.4,10000,"bu","14:07:30",20397100
19.55,-0.45,2000,"sd","14:07:26",20387100
19.55,-0.45,2000,"sd","14:07:24",20385100
19.55,-0.45,200,"sd","14:07:15",20383100
19.55,-0.45,12200,"bu","14:07:08",20382900
19.55,-0.45,2000,"bu","14:07:07",20370700
19.55,-0.45,6500,"bu","14:07:02",20368700
19.55,-0.45,3500,"bu","14:07:02",20362200
19.55,-0.45,600,"bu","14:07:01",20358700
19.55,-0.45,100,"bu","14:07:00",20358100
19.55,-0.45,100,"bu","14:06:58",20358000
19.5,-0.5,500,"sd","14:06:57",20357900
19.55,-0.45,5000,"bu","14:06:57",20357400
19.55,-0.45,400,"bu","14:06:54",20352400
19.55,-0.45,500,"bu","14:06:53",20352000
19.55,-0.45,700,"bu","14:06:42",20351500
19.55,-0.45,100,"bu","14:06:41",20350800
19.55,-0.45,1000,"bu","14:06:40",20350700
19.55,-0.45,1100,"bu","14:06:30",20349700
19.5,-0.5,6200,"sd","14:06:25",20348600
19.55,-0.45,100,"bu","14:06:22",20342400
19.55,-0.45,18500,"bu","14:06:19",20342300
19.55,-0.45,500,"bu","14:06:16",20323800
19.55,-0.45,500,"bu","14:06:11",20323300
19.5,-0.5,4500,"sd","14:06:10",20322800
19.5,-0.5,5000,"sd","14:06:09",20318300
19.5,-0.5,100,"sd","14:05:58",20313300
19.55,-0.45,500,"bu","14:05:51",20313200
19.55,-0.45,1000,"bu","14:05:49",20312700
19.5,-0.5,800,"sd","14:05:46",20311700
19.55,-0.45,200,"bu","14:05:41",20310900
19.55,-0.45,700,"bu","14:05:28",20310700
19.55,-0.45,70000,"bu","14:05:16",20310000
19.55,-0.45,1400,"bu","14:05:11",20240000
19.5,-0.5,2000,"sd","14:05:10",20238600
19.5,-0.5,1000,"sd","14:05:09",20236600
19.5,-0.5,16100,"sd","14:05:08",20235600
19.5,-0.5,10000,"sd","14:04:58",20219500
19.5,-0.5,5100,"sd","14:04:54",20209500
19.5,-0.5,600,"sd","14:04:52",20204400
19.5,-0.5,4300,"sd","14:04:49",20203800
19.5,-0.5,500,"sd","14:04:41",20199500
19.55,-0.45,100,"bu","14:04:33",20199000
19.55,-0.45,100,"bu","14:04:32",20198900
19.55,-0.45,1000,"bu","14:04:30",20198800
19.5,-0.5,600,"sd","14:04:28",20197800
19.55,-0.45,10000,"bu","14:04:22",20197200
19.55,-0.45,400,"bu","14:04:21",20187200
19.55,-0.45,500,"bu","14:04:19",20186800
19.55,-0.45,300,"bu","14:04:18",20186300
19.55,-0.45,3000,"bu","14:04:15",20186000
19.55,-0.45,2200,"bu","14:04:11",20183000
19.55,-0.45,200,"bu","14:04:08",20180800
19.55,-0.45,400,"bu","14:04:07",20180600
19.55,-0.45,400,"bu","14:04:04",20180200
19.55,-0.45,200,"bu","14:04:02",20179800
19.55,-0.45,1000,"bu","14:03:55",20179600
19.5,-0.5,2000,"sd","14:03:55",20178600
19.5,-0.5,500,"sd","14:03:46",20176600
19.55,-0.45,100,"bu","14:03:44",20176100
19.5,-0.5,9900,"bu","14:03:35",20176000
19.5,-0.5,1000,"bu","14:03:34",20166100
19.5,-0.5,2000,"bu","14:03:32",20165100
19.5,-0.5,100,"bu","14:03:30",20163100
19.5,-0.5,1700,"bu","14:03:29",20163000
19.5,-0.5,1000,"bu","14:03:29",20161300
19.5,-0.5,800,"bu","14:03:28",20160300
19.5,-0.5,100,"bu","14:03:27",20159500
19.5,-0.5,900,"bu","14:03:26",20159400
19.5,-0.5,300,"bu","14:03:25",20158500
19.5,-0.5,1200,"bu","14:03:24",20158200
19.5,-0.5,100,"bu","14:03:23",20157000
19.5,-0.5,2600,"bu","14:03:22",20156900
19.5,-0.5,20000,"bu","14:03:21",20154300
19.5,-0.5,1700,"bu","14:03:19",20134300
19.5,-0.5,4300,"bu","14:03:18",20132600
19.5,-0.5,200,"bu","14:03:17",20128300
19.5,-0.5,300,"bu","14:03:16",20128100
19.5,-0.5,2000,"bu","14:03:16",20127800
19.5,-0.5,1200,"bu","14:03:14",20125800
19.5,-0.5,2000,"bu","14:03:12",20124600
19.5,-0.5,1700,"bu","14:03:11",20122600
19.5,-0.5,200,"bu","14:03:11",20120900
19.5,-0.5,10000,"bu","14:03:09",20120700
19.5,-0.5,1000,"bu","14:03:08",20110700
19.5,-0.5,1000,"bu","14:03:08",20109700
19.5,-0.5,200,"bu","14:03:06",20108700
19.5,-0.5,3800,"bu","14:03:04",20108500
19.5,-0.5,100,"bu","14:03:04",20104700
19.45,-0.55,1000,"sd","14:03:02",20104600
19.5,-0.5,200,"bu","14:03:02",20102600
19.5,-0.5,3500,"bu","14:03:01",20102400
19.5,-0.5,2000,"bu","14:02:58",20098900
19.5,-0.5,20000,"bu","14:02:57",20096900
19.5,-0.5,2300,"bu","14:02:54",20076900
19.5,-0.5,1900,"bu","14:02:53",20074600
19.5,-0.5,100,"bu","14:02:51",20072700
19.5,-0.5,800,"bu","14:02:50",20072600
19.45,-0.55,500,"sd","14:02:49",20071800
19.5,-0.5,100,"bu","14:02:46",20071300
19.5,-0.5,500,"bu","14:02:42",20071200
19.5,-0.5,2000,"bu","14:02:38",20070700
19.45,-0.55,2500,"sd","14:02:30",20068700
19.5,-0.5,2500,"bu","14:02:30",20066200
19.5,-0.5,400,"bu","14:02:27",20063700
19.5,-0.5,100,"bu","14:02:19",20063300
19.45,-0.55,5000,"sd","14:02:16",20063200
19.5,-0.5,6000,"bu","14:02:09",20058200
19.5,-0.5,800,"bu","14:02:07",20052200
19.5,-0.5,100,"bu","14:01:53",20051400
19.45,-0.55,100,"sd","14:01:52",20051300
19.5,-0.5,700,"bu","14:01:52",20051200
19.5,-0.5,100,"bu","14:01:49",20050500
19.5,-0.5,100,"bu","14:01:43",20050400
19.5,-0.5,1500,"bu","14:01:39",20050300
19.5,-0.5,200,"bu","14:01:36",20048800
19.5,-0.5,1300,"bu","14:01:26",20048600
19.5,-0.5,200,"bu","14:01:15",20047300
19.5,-0.5,200,"bu","14:01:12",20047100
19.5,-0.5,200,"bu","14:01:08",20046900
19.45,-0.55,5000,"sd","14:01:02",20046700
19.5,-0.5,1000,"bu","14:00:58",20041700
19.5,-0.5,500,"bu","14:00:55",20040700
19.5,-0.5,10200,"bu","14:00:51",20040200
19.5,-0.5,200,"bu","14:00:43",20030000
19.5,-0.5,1000,"bu","14:00:39",20029800
19.5,-0.5,2000,"bu","14:00:31",20028800
19.45,-0.55,3000,"sd","14:00:26",20026800
19.5,-0.5,100,"bu","14:00:16",20023800
19.45,-0.55,3000,"sd","14:00:11",20023700
19.45,-0.55,1000,"sd","14:00:09",20020700
19.45,-0.55,5000,"sd","14:00:05",20019700
19.45,-0.55,5000,"sd","13:59:57",20014700
19.45,-0.55,1000,"sd","13:59:49",20009700
19.5,-0.5,500,"bu","13:59:42",20008700
19.45,-0.55,5000,"sd","13:59:33",20008200
19.5,-0.5,36000,"bu","13:59:30",20003200
19.45,-0.55,1000,"sd","13:59:24",19967200
19.45,-0.55,500,"sd","13:59:23",19966200
19.45,-0.55,10000,"sd","13:59:14",19965700
19.5,-0.5,500,"bu","13:59:11",19955700
19.45,-0.55,900,"sd","13:59:07",19955200
19.45,-0.55,9100,"bu","13:59:04",19954300
19.45,-0.55,300,"bu","13:59:03",19945200
19.45,-0.55,100,"bu","13:59:02",19944900
19.45,-0.55,200,"bu","13:58:58",19944800
19.45,-0.55,1200,"bu","13:58:56",19944600
19.45,-0.55,200,"bu","13:58:50",19943400
19.45,-0.55,5200,"bu","13:58:49",19943200
19.45,-0.55,100,"bu","13:58:46",19938000
19.45,-0.55,600,"bu","13:58:45",19937900
19.45,-0.55,400,"bu","13:58:38",19937300
19.45,-0.55,26900,"sd","13:58:36",19936900
19.45,-0.55,100,"sd","13:58:34",19910000
19.5,-0.5,1000,"bu","13:58:32",19909900
19.45,-0.55,2100,"sd","13:58:26",19908900
19.45,-0.55,2000,"sd","13:58:17",19906800
19.45,-0.55,400,"sd","13:58:08",19904800
19.45,-0.55,1000,"sd","13:58:07",19904400
19.45,-0.55,500,"sd","13:58:06",19903400
19.5,-0.5,600,"bu","13:57:58",19902900
19.5,-0.5,200,"bu","13:57:49",19902300
19.5,-0.5,1000,"bu","13:57:45",19902100
19.45,-0.55,1000,"sd","13:57:44",19901100
19.5,-0.5,17200,"bu","13:57:42",19900100
19.5,-0.5,300,"bu","13:57:40",19882900
19.45,-0.55,1500,"sd","13:57:40",19882600
19.5,-0.5,200,"bu","13:57:32",19881100
19.5,-0.5,200,"bu","13:57:23",19880900
19.45,-0.55,200,"sd","13:57:22",19880700
19.5,-0.5,500,"bu","13:57:20",19880500
19.5,-0.5,300,"bu","13:57:19",19880000
19.5,-0.5,1000,"bu","13:57:17",19879700
19.5,-0.5,500,"bu","13:57:14",19878700
19.5,-0.5,100,"bu","13:57:12",19878200
19.5,-0.5,200,"bu","13:57:09",19878100
19.5,-0.5,1000,"bu","13:57:07",19877900
19.45,-0.55,500,"sd","13:57:06",19876900
19.45,-0.55,10000,"sd","13:57:05",19876400
19.5,-0.5,1000,"bu","13:56:58",19866400
19.5,-0.5,1000,"bu","13:56:45",19865400
19.5,-0.5,2200,"bu","13:56:44",19864400
19.5,-0.5,4100,"bu","13:56:43",19862200
19.4,-0.6,102100,"sd","13:56:43",19858100
19.45,-0.55,27900,"sd","13:56:43",19756000
19.5,-0.5,300,"bu","13:56:39",19728100
19.5,-0.5,28000,"bu","13:56:36",19727800
19.5,-0.5,400,"bu","13:56:35",19699800
19.5,-0.5,1900,"bu","13:56:34",19699400
19.45,-0.55,8500,"sd","13:56:34",19697500
19.5,-0.5,3900,"bu","13:56:34",19689000
19.5,-0.5,1900,"bu","13:56:33",19685100
19.5,-0.5,800,"bu","13:56:32",19683200
19.5,-0.5,200,"bu","13:56:31",19682400
19.5,-0.5,400,"bu","13:56:27",19682200
19.5,-0.5,100,"bu","13:56:24",19681800
19.45,-0.55,5000,"sd","13:56:21",19681700
19.5,-0.5,100,"bu","13:56:18",19676700
19.5,-0.5,1600,"bu","13:56:13",19676600
19.5,-0.5,400,"bu","13:56:13",19675000
19.5,-0.5,19200,"sd","13:56:12",19674600
19.5,-0.5,3000,"sd","13:56:11",19655400
19.5,-0.5,5000,"sd","13:56:11",19652400
19.5,-0.5,1000,"sd","13:56:10",19647300
19.5,-0.5,3000,"sd","13:56:09",19646300
19.5,-0.5,200,"sd","13:56:09",19643300
19.5,-0.5,600,"sd","13:56:08",19643100
19.5,-0.5,200,"sd","13:56:07",19642500
19.5,-0.5,500,"sd","13:56:07",19642300
19.5,-0.5,300,"sd","13:56:04",19641800
19.5,-0.5,500,"sd","13:56:00",19641500
19.5,-0.5,9200,"sd","13:55:59",19641000
19.5,-0.5,42300,"sd","13:55:59",19631800
19.5,-0.5,11000,"sd","13:55:57",19589500
19.55,-0.45,600,"bu","13:55:56",19578500
19.55,-0.45,300,"bu","13:55:55",19577900
19.55,-0.45,500,"bu","13:55:52",19577600
19.5,-0.5,200,"sd","13:55:48",19577100
19.5,-0.5,1000,"sd","13:55:47",19576900
19.55,-0.45,6000,"bu","13:55:42",19575900
19.5,-0.5,5000,"sd","13:55:41",19569900
19.5,-0.5,500,"sd","13:55:38",19564900
19.55,-0.45,2000,"bu","13:55:37",19564400
19.55,-0.45,2500,"bu","13:55:37",19562400
19.5,-0.5,100,"sd","13:55:36",19559900
19.55,-0.45,1400,"bu","13:55:31",19559800
19.5,-0.5,5000,"sd","13:55:31",19558400
19.55,-0.45,200,"bu","13:55:29",19553400
19.55,-0.45,400,"bu","13:55:27",19553200
19.55,-0.45,11200,"bu","13:55:22",19552800
19.55,-0.45,800,"bu","13:55:21",19541600
19.5,-0.5,5000,"sd","13:55:20",19540800
19.55,-0.45,3300,"bu","13:55:14",19535800
19.5,-0.5,2600,"sd","13:55:13",19532500
19.55,-0.45,500,"bu","13:55:08",19529900
19.5,-0.5,300,"sd","13:55:08",19529400
19.55,-0.45,12000,"bu","13:55:07",19529100
19.55,-0.45,100,"bu","13:55:06",19517100
19.55,-0.45,17000,"bu","13:55:05",19517000
19.55,-0.45,1000,"bu","13:55:04",19500000
19.55,-0.45,5000,"bu","13:55:02",19499000
19.55,-0.45,8300,"bu","13:55:02",19494000
19.55,-0.45,12400,"sd","13:55:00",19485700
19.55,-0.45,4000,"sd","13:54:56",19463300
19.55,-0.45,2000,"sd","13:54:55",19459300
19.55,-0.45,6000,"sd","13:54:53",19457300
19.55,-0.45,3000,"sd","13:54:52",19451300
19.55,-0.45,30000,"sd","13:54:50",19448300
19.55,-0.45,300,"sd","13:54:49",19418300
19.55,-0.45,100,"sd","13:54:46",19418000
19.6,-0.4,100,"bu","13:54:43",19417900
19.6,-0.4,1200,"bu","13:54:43",19417800
19.55,-0.45,100,"sd","13:54:43",19416600
19.55,-0.45,3000,"sd","13:54:38",19416500
19.55,-0.45,5000,"sd","13:54:34",19413500
19.6,-0.4,300,"bu","13:54:33",19408500
19.6,-0.4,300,"bu","13:54:31",19408200
19.55,-0.45,1000,"sd","13:54:27",19407900
19.55,-0.45,4400,"bu","13:54:26",19406900
19.55,-0.45,600,"bu","13:54:25",19402500
19.55,-0.45,1000,"bu","13:54:24",19401900
19.6,-0.4,200,"bu","13:54:20",19400900
19.5,-0.5,1100,"sd","13:54:19",19400700
19.55,-0.45,400,"sd","13:54:19",19399600
19.6,-0.4,3000,"bu","13:54:18",19399200
19.55,-0.45,1000,"sd","13:54:18",19396200
19.55,-0.45,1000,"sd","13:54:15",19395200
19.55,-0.45,100,"bu","13:54:12",19394200
19.55,-0.45,7100,"bu","13:54:11",19394100
19.55,-0.45,400,"bu","13:54:10",19387000
19.55,-0.45,1100,"bu","13:54:09",19386600
19.55,-0.45,41300,"sd","13:54:09",19385500
19.6,-0.4,300,"bu","13:54:08",19344200
19.6,-0.4,600,"bu","13:54:06",19343900
19.6,-0.4,100,"bu","13:54:05",19343300
19.6,-0.4,700,"bu","13:54:05",19343200
19.6,-0.4,500,"bu","13:54:04",19342500
19.6,-0.4,11000,"bu","13:54:01",19342000
19.6,-0.4,1000,"bu","13:53:58",19331000
19.6,-0.4,100,"bu","13:53:57",19330000
19.6,-0.4,17800,"bu","13:53:52",19329900
19.6,-0.4,1000,"bu","13:53:49",19312100
19.6,-0.4,700,"bu","13:53:46",19311100
19.6,-0.4,14100,"sd","13:53:44",19310400
19.6,-0.4,100,"sd","13:53:39",19296300
19.6,-0.4,100,"sd","13:53:39",19296200
19.6,-0.4,19700,"bu","13:53:31",19296100
19.6,-0.4,59100,"bu","13:53:30",19276400
19.6,-0.4,15000,"bu","13:53:28",19117300
19.6,-0.4,100,"bu","13:53:27",19102300
19.6,-0.4,2200,"bu","13:53:26",19102200
19.6,-0.4,600,"bu","13:53:25",19100000
19.6,-0.4,5000,"bu","13:53:25",19099400
19.6,-0.4,4000,"bu","13:53:22",19094400
19.6,-0.4,11000,"bu","13:53:22",19090400
19.6,-0.4,1000,"bu","13:53:21",19079400
19.6,-0.4,10000,"bu","13:53:20",19078400
19.6,-0.4,3100,"bu","13:53:18",19068400
19.6,-0.4,100,"bu","13:53:17",19065300
19.55,-0.45,1000,"sd","13:53:17",19065200
19.6,-0.4,500,"bu","13:53:13",19064200
19.6,-0.4,6800,"bu","13:53:12",19063700
19.6,-0.4,300,"bu","13:53:10",19056900
19.55,-0.45,200,"sd","13:53:08",19056600
19.6,-0.4,100,"bu","13:53:08",19056400
19.6,-0.4,2000,"bu","13:53:07",19056300
19.6,-0.4,5000,"bu","13:53:05",19054300
19.6,-0.4,1800,"bu","13:53:02",19049300
19.6,-0.4,2000,"bu","13:53:01",19047500
19.6,-0.4,2500,"bu","13:53:00",19045500
19.6,-0.4,300,"bu","13:52:59",19043000
19.6,-0.4,6900,"sd","13:52:58",19042700
19.6,-0.4,1000,"sd","13:52:57",19035800
19.6,-0.4,200,"sd","13:52:55",19034800
19.6,-0.4,10000,"sd","13:52:55",19034600
19.6,-0.4,500,"sd","13:52:51",19024600
19.6,-0.4,2000,"sd","13:52:48",19024100
19.6,-0.4,4300,"sd","13:52:46",19022100
19.6,-0.4,2000,"sd","13:52:45",19017800
19.6,-0.4,500,"sd","13:52:44",19015800
19.6,-0.4,100,"sd","13:52:43",19015300
19.6,-0.4,1700,"sd","13:52:43",19015200
19.6,-0.4,20000,"sd","13:52:41",19013500
19.6,-0.4,200,"sd","13:52:39",18993500
19.65,-0.35,100,"bu","13:52:39",18993300
19.6,-0.4,5000,"sd","13:52:37",18993200
19.6,-0.4,12000,"sd","13:52:36",18988200
19.6,-0.4,500,"sd","13:52:33",18976200
19.6,-0.4,1000,"sd","13:52:32",18975700
19.6,-0.4,1000,"sd","13:52:30",18974700
19.6,-0.4,2500,"sd","13:52:29",18973700
19.6,-0.4,200,"sd","13:52:27",18971200
19.6,-0.4,10000,"sd","13:52:26",18971000
19.6,-0.4,10000,"sd","13:52:25",18961000
19.6,-0.4,6000,"sd","13:52:24",18951000
19.6,-0.4,30500,"sd","13:52:21",18945000
19.65,-0.35,1000,"bu","13:52:19",18914500
19.6,-0.4,600,"bu","13:52:18",18913500
19.6,-0.4,1000,"bu","13:52:18",18912900
19.6,-0.4,200,"bu","13:52:17",18911900
19.6,-0.4,200,"bu","13:52:16",18911700
19.6,-0.4,300,"bu","13:52:15",18911500
19.6,-0.4,7600,"bu","13:52:15",18911200
19.6,-0.4,2000,"bu","13:52:14",18903600
19.6,-0.4,5000,"bu","13:52:13",18901600
19.6,-0.4,500,"bu","13:52:13",18896600
19.6,-0.4,1000,"bu","13:52:12",18896100
19.6,-0.4,100000,"bu","13:52:11",18864800
19.6,-0.4,400,"bu","13:52:10",18764800
19.6,-0.4,1700,"bu","13:52:10",18764400
19.6,-0.4,5300,"bu","13:52:09",18762700
19.6,-0.4,6100,"bu","13:52:09",18757400
19.6,-0.4,2000,"bu","13:52:07",18751300
19.6,-0.4,5000,"bu","13:52:06",18749300
19.6,-0.4,500,"bu","13:52:04",18744300
19.6,-0.4,6100,"bu","13:52:03",18743800
19.6,-0.4,2000,"bu","13:52:03",18737700
19.6,-0.4,800,"bu","13:52:02",18735700
19.6,-0.4,600,"bu","13:52:02",18734900
19.6,-0.4,10000,"bu","13:52:00",18734300
19.6,-0.4,100,"bu","13:51:59",18724300
19.55,-0.45,1000,"sd","13:51:55",18724200
19.6,-0.4,200,"bu","13:51:55",18723200
19.6,-0.4,2500,"bu","13:51:54",18723000
19.6,-0.4,20800,"bu","13:51:50",18720500
19.6,-0.4,100,"bu","13:51:49",18699700
19.6,-0.4,5000,"bu","13:51:46",18699600
19.6,-0.4,3000,"bu","13:51:43",18694600
19.55,-0.45,200,"sd","13:51:41",18691600
19.6,-0.4,22700,"bu","13:51:40",18691400
19.55,-0.45,23600,"bu","13:51:35",18668700
19.55,-0.45,5600,"bu","13:51:34",18645100
19.55,-0.45,6200,"bu","13:51:33",18639500
19.55,-0.45,16100,"bu","13:51:32",18633300
19.55,-0.45,9000,"bu","13:51:31",18617200
19.55,-0.45,400,"bu","13:51:30",18608200
19.5,-0.5,300,"sd","13:51:29",18607800
19.55,-0.45,2000,"bu","13:51:29",18607500
19.55,-0.45,2100,"bu","13:51:28",18605500
19.55,-0.45,6300,"bu","13:51:27",18603400
19.55,-0.45,300,"bu","13:51:26",18597100
19.5,-0.5,200,"sd","13:51:25",18596800
19.55,-0.45,2200,"bu","13:51:23",18596600
19.55,-0.45,100,"bu","13:51:22",18594400
19.55,-0.45,2600,"bu","13:51:21",18594300
19.55,-0.45,1200,"bu","13:51:20",18591700
19.55,-0.45,1300,"bu","13:51:19",18590500
19.55,-0.45,3400,"bu","13:51:18",18589200
19.55,-0.45,1700,"bu","13:51:18",18585800
19.55,-0.45,6500,"bu","13:51:17",18584100
19.55,-0.45,3000,"bu","13:51:14",18577600
19.55,-0.45,4800,"bu","13:51:12",18574600
19.55,-0.45,1300,"bu","13:51:11",18569800
19.5,-0.5,11400,"bu","13:51:04",18568500
19.5,-0.5,2600,"bu","13:51:03",18557100
19.5,-0.5,3000,"bu","13:51:03",18554500
19.5,-0.5,2600,"bu","13:51:02",18551500
19.5,-0.5,18500,"bu","13:51:01",18548900
19.5,-0.5,8100,"bu","13:51:00",18530400
19.5,-0.5,4500,"bu","13:51:00",18522300
19.5,-0.5,200,"bu","13:50:59",18517800
19.5,-0.5,3000,"bu","13:50:58",18514600
19.5,-0.5,20000,"bu","13:50:57",18511600
19.5,-0.5,6100,"bu","13:50:56",18491600
19.5,-0.5,3200,"bu","13:50:55",18485500
19.5,-0.5,100,"bu","13:50:55",18482300
19.5,-0.5,2000,"bu","13:50:54",18482200
19.5,-0.5,3000,"bu","13:50:54",18480200
19.5,-0.5,5000,"bu","13:50:53",18477200
19.5,-0.5,1500,"bu","13:50:53",18472200
19.5,-0.5,100,"bu","13:50:52",18470700
19.5,-0.5,2100,"bu","13:50:52",18470600
19.5,-0.5,2800,"bu","13:50:51",18468500
19.5,-0.5,3000,"bu","13:50:51",18465700
19.5,-0.5,12800,"bu","13:50:50",18462700
19.5,-0.5,100,"bu","13:50:49",18449900
19.5,-0.5,6000,"bu","13:50:49",18449800
19.5,-0.5,12000,"bu","13:50:48",18443800
19.5,-0.5,61500,"bu","13:50:48",18431800
19.5,-0.5,6200,"bu","13:50:47",18370300
19.5,-0.5,900,"bu","13:50:46",18364100
19.5,-0.5,1900,"bu","13:50:44",18363200
19.5,-0.5,2000,"bu","13:50:44",18361300
19.5,-0.5,1600,"bu","13:50:42",18359300
19.5,-0.5,2000,"bu","13:50:41",18357700
19.5,-0.5,100,"bu","13:50:40",18355700
19.5,-0.5,100,"bu","13:50:38",18355600
19.45,-0.55,100,"sd","13:50:38",18355500
19.45,-0.55,500,"sd","13:50:37",18355400
19.5,-0.5,11500,"bu","13:50:36",18354900
19.5,-0.5,1000,"bu","13:50:34",18343400
19.5,-0.5,500,"bu","13:50:31",18342400
19.5,-0.5,2000,"bu","13:50:30",18341900
19.5,-0.5,500,"bu","13:50:27",18339900
19.5,-0.5,7000,"bu","13:50:25",18339400
19.5,-0.5,10100,"bu","13:50:22",18332400
19.45,-0.55,4800,"sd","13:50:17",18322300
19.5,-0.5,1000,"bu","13:50:16",18317500
19.45,-0.55,100,"sd","13:50:15",18316500
19.45,-0.55,10500,"bu","13:50:13",18316400
19.45,-0.55,100,"bu","13:50:12",18305900
19.45,-0.55,25000,"bu","13:50:11",18305800
19.45,-0.55,7500,"bu","13:50:10",18280800
19.45,-0.55,18700,"bu","13:50:09",18273300
19.45,-0.55,300,"bu","13:50:09",18254600
19.45,-0.55,50600,"bu","13:50:07",18254300
19.45,-0.55,100,"bu","13:50:06",18203700
19.45,-0.55,6400,"bu","13:50:04",18203600
19.4,-0.6,1000,"sd","13:50:01",18197200
19.45,-0.55,1400,"bu","13:50:01",18196200
19.45,-0.55,100,"bu","13:49:56",18194800
19.45,-0.55,500,"bu","13:49:49",18194700
19.4,-0.6,500,"sd","13:49:48",18194200
19.45,-0.55,2000,"bu","13:49:46",18193700
19.45,-0.55,9000,"bu","13:49:43",18191700
19.4,-0.6,400,"sd","13:49:35",18182700
19.45,-0.55,200,"bu","13:49:35",18182300
19.45,-0.55,1000,"bu","13:49:29",18182100
19.45,-0.55,300,"bu","13:49:28",18181100
19.45,-0.55,2000,"bu","13:49:25",18180800
19.4,-0.6,100,"sd","13:49:24",18178800
19.45,-0.55,200,"bu","13:49:23",18178700
19.45,-0.55,800,"bu","13:49:22",18178500
19.45,-0.55,100,"bu","13:49:20",18177700
19.45,-0.55,2000,"bu","13:49:10",18177600
19.45,-0.55,2500,"bu","13:49:09",18175600
19.4,-0.6,2000,"sd","13:49:08",18173100
19.4,-0.6,100,"sd","13:49:07",18171100
19.4,-0.6,300,"sd","13:49:03",18171000
19.4,-0.6,300,"sd","13:48:58",18170700
19.45,-0.55,200,"bu","13:48:55",18170400
19.4,-0.6,500,"sd","13:48:52",18170200
19.45,-0.55,5700,"bu","13:48:47",18169700
19.4,-0.6,1000,"sd","13:48:44",18164000
19.4,-0.6,100,"sd","13:48:39",18163000
19.4,-0.6,2000,"sd","13:48:36",18162900
19.4,-0.6,100,"sd","13:48:30",18160900
19.4,-0.6,200,"sd","13:48:22",18160800
19.45,-0.55,600,"bu","13:48:17",18160600
19.4,-0.6,200,"sd","13:48:17",18160000
19.45,-0.55,600,"bu","13:48:17",18159800
19.4,-0.6,100,"sd","13:48:03",18159200
19.4,-0.6,400,"sd","13:48:02",18159100
19.4,-0.6,200,"sd","13:48:01",18158700
19.4,-0.6,10100,"sd","13:47:59",18158500
19.45,-0.55,1000,"bu","13:47:58",18148400
19.4,-0.6,1000,"sd","13:47:51",18147400
19.4,-0.6,46000,"sd","13:47:42",18146400
19.4,-0.6,100,"sd","13:47:41",18100400
19.45,-0.55,100,"bu","13:47:36",18100300
19.4,-0.6,3000,"sd","13:47:35",18100200
19.4,-0.6,800,"sd","13:47:23",18097200
19.45,-0.55,1000,"bu","13:47:19",18096400
19.4,-0.6,5000,"sd","13:47:17",18095400
19.4,-0.6,600,"sd","13:47:16",18090300
19.45,-0.55,400,"bu","13:47:07",18089700
19.4,-0.6,100,"sd","13:47:07",18089300
19.4,-0.6,1000,"sd","13:47:05",18089200
19.45,-0.55,300,"bu","13:47:02",18088200
19.4,-0.6,3600,"sd","13:46:56",18087900
19.4,-0.6,500,"sd","13:46:46",18084300
19.4,-0.6,100,"sd","13:46:44",18083800
19.4,-0.6,20000,"sd","13:46:43",18083700
19.4,-0.6,1600,"sd","13:46:41",18063700
19.45,-0.55,2000,"bu","13:46:34",18062100
19.4,-0.6,3000,"sd","13:46:26",18060100
19.4,-0.6,100,"sd","13:46:24",18057100
19.4,-0.6,100,"sd","13:46:23",18057000
19.4,-0.6,100,"sd","13:46:23",18056900
19.4,-0.6,8000,"sd","13:46:22",18056800
19.4,-0.6,49100,"bu","13:46:21",18048800
19.4,-0.6,2100,"bu","13:46:20",17999700
19.4,-0.6,5200,"bu","13:46:19",17997600
19.4,-0.6,900,"bu","13:46:18",17992400
19.4,-0.6,1000,"bu","13:46:15",17991500
19.4,-0.6,2200,"bu","13:46:14",17990500
19.35,-0.65,200,"sd","13:46:14",17988300
19.4,-0.6,700,"bu","13:46:13",17988100
19.4,-0.6,200,"bu","13:46:09",17987400
19.4,-0.6,17300,"bu","13:46:08",17987200
19.4,-0.6,400,"bu","13:46:06",17969900
19.4,-0.6,600,"bu","13:46:04",17969500
19.4,-0.6,3700,"bu","13:46:01",17968900
19.4,-0.6,400,"bu","13:45:59",17965200
19.4,-0.6,300,"bu","13:45:58",17964800
19.4,-0.6,1000,"bu","13:45:57",17964500
19.4,-0.6,3100,"bu","13:45:56",17963500
19.4,-0.6,1200,"bu","13:45:56",17960400
19.4,-0.6,1000,"bu","13:45:54",17959200
19.4,-0.6,9200,"bu","13:45:52",17958200
19.4,-0.6,700,"bu","13:45:51",17949000
19.4,-0.6,3500,"bu","13:45:50",17948300
19.35,-0.65,1300,"sd","13:45:49",17944800
19.4,-0.6,1000,"bu","13:45:47",17943500
19.4,-0.6,1000,"bu","13:45:44",17942500
19.4,-0.6,200,"bu","13:45:37",17941500
19.4,-0.6,500,"bu","13:45:36",17941300
19.4,-0.6,300,"bu","13:45:35",17940800
19.4,-0.6,200,"bu","13:45:29",17940500
19.4,-0.6,500,"bu","13:45:23",17940300
19.4,-0.6,800,"bu","13:45:22",17939800
19.4,-0.6,1200,"bu","13:45:18",17939000
19.4,-0.6,300,"bu","13:45:16",17937800
19.4,-0.6,4000,"bu","13:45:12",17937500
19.35,-0.65,400,"sd","13:45:12",17933500
19.4,-0.6,3600,"bu","13:45:10",17933100
19.4,-0.6,1000,"bu","13:45:09",17929500
19.4,-0.6,100,"bu","13:45:08",17928500
19.4,-0.6,2000,"bu","13:45:07",17928400
19.4,-0.6,200,"bu","13:45:05",17926400
19.4,-0.6,3000,"bu","13:45:04",17926200
19.4,-0.6,500,"bu","13:45:01",17923200
19.4,-0.6,20300,"bu","13:45:00",17922700
19.4,-0.6,1400,"bu","13:44:58",17902400
19.4,-0.6,5000,"bu","13:44:56",17901000
19.4,-0.6,2000,"bu","13:44:55",17896000
19.4,-0.6,1000,"bu","13:44:52",17894000
19.4,-0.6,800,"bu","13:44:51",17893000
19.4,-0.6,1000,"bu","13:44:48",17892200
19.4,-0.6,200,"bu","13:44:44",17891200
19.4,-0.6,100,"bu","13:44:40",17891000
19.35,-0.65,6600,"sd","13:44:40",17890900
19.4,-0.6,200,"bu","13:44:37",17884300
19.4,-0.6,1000,"bu","13:44:37",17884100
19.4,-0.6,600,"bu","13:44:34",17883100
19.4,-0.6,100,"bu","13:44:25",17882500
19.4,-0.6,6000,"bu","13:44:18",17882400
19.4,-0.6,1100,"bu","13:44:09",17876400
19.4,-0.6,100,"bu","13:44:07",17875300
19.35,-0.65,5000,"sd","13:44:06",17875200
19.4,-0.6,100,"bu","13:44:02",17870200
19.35,-0.65,5000,"sd","13:43:57",17870100
19.35,-0.65,500,"sd","13:43:56",17865100
19.35,-0.65,2000,"sd","13:43:54",17864600
19.35,-0.65,2000,"sd","13:43:43",17862600
19.35,-0.65,400,"sd","13:43:39",17860600
19.4,-0.6,100,"bu","13:43:36",17860200
19.35,-0.65,37300,"bu","13:43:35",17860100
19.35,-0.65,5200,"bu","13:43:33",17822800
19.3,-0.7,200,"sd","13:43:32",17817600
19.35,-0.65,3100,"bu","13:43:32",17817400
19.35,-0.65,6500,"bu","13:43:31",17814300
19.35,-0.65,10000,"bu","13:43:30",17807800
19.35,-0.65,2500,"bu","13:43:29",17797800
19.35,-0.65,2500,"bu","13:43:29",17795300
19.35,-0.65,500,"bu","13:43:28",17792800
19.35,-0.65,1700,"bu","13:43:27",17792300
19.35,-0.65,200,"bu","13:43:26",17790600
19.35,-0.65,1000,"bu","13:43:19",17790400
19.35,-0.65,1000,"bu","13:43:17",17789400
19.35,-0.65,200,"bu","13:43:16",17788400
19.35,-0.65,400,"bu","13:43:15",17788200
19.3,-0.7,500,"sd","13:43:15",17787800
19.3,-0.7,200,"sd","13:43:15",17787300
19.35,-0.65,9000,"bu","13:43:15",17787100
19.35,-0.65,9100,"bu","13:43:14",17778100
19.35,-0.65,9000,"bu","13:43:14",17769000
19.3,-0.7,3500,"sd","13:43:11",17760000
19.35,-0.65,500,"bu","13:43:09",17756500
19.35,-0.65,100,"bu","13:43:08",17756000
19.3,-0.7,3000,"sd","13:43:08",17755900
19.35,-0.65,200,"bu","13:43:01",17752900
19.35,-0.65,6100,"bu","13:43:00",17752700
19.35,-0.65,2100,"bu","13:42:59",17746600
19.3,-0.7,100,"sd","13:42:58",17744500
19.3,-0.7,1900,"sd","13:42:58",17744400
19.35,-0.65,2000,"bu","13:42:57",17742500
19.35,-0.65,800,"bu","13:42:55",17740500
19.35,-0.65,1000,"bu","13:42:53",17739700
19.3,-0.7,11000,"sd","13:42:51",17738700
19.3,-0.7,15000,"sd","13:42:50",17727700
19.35,-0.65,5500,"bu","13:42:50",17712700
19.3,-0.7,100,"sd","13:42:48",17707200
19.35,-0.65,12000,"bu","13:42:47",17707100
19.3,-0.7,1000,"sd","13:42:47",17695100
19.35,-0.65,700,"bu","13:42:44",17694100
19.35,-0.65,300,"bu","13:42:42",17693400
19.35,-0.65,500,"bu","13:42:42",17693100
19.35,-0.65,1000,"bu","13:42:41",17692600
19.35,-0.65,1000,"bu","13:42:40",17691600
19.35,-0.65,1200,"bu","13:42:39",17690600
19.35,-0.65,5000,"bu","13:42:37",17689400
19.35,-0.65,100,"bu","13:42:35",17684400
19.3,-0.7,1000,"sd","13:42:30",17684300
19.35,-0.65,36000,"bu","13:42:28",17683300
19.3,-0.7,3600,"sd","13:42:23",17647300
19.35,-0.65,100,"bu","13:42:20",17643700
19.3,-0.7,5000,"sd","13:42:19",17643600
19.3,-0.7,1000,"sd","13:42:16",17638600
19.3,-0.7,1500,"sd","13:42:14",17637600
19.35,-0.65,500,"bu","13:42:13",17636100
19.3,-0.7,19700,"bu","13:42:11",17635600
19.3,-0.7,2500,"bu","13:42:10",17615900
19.3,-0.7,7500,"bu","13:42:09",17613400
19.3,-0.7,17500,"bu","13:42:09",17605900
19.3,-0.7,1000,"bu","13:42:08",17588400
19.3,-0.7,2400,"bu","13:42:08",17587400
19.3,-0.7,6000,"bu","13:42:07",17585000
19.3,-0.7,600,"bu","13:42:06",17579000
19.3,-0.7,200,"bu","13:42:05",17578400
19.3,-0.7,2500,"bu","13:42:05",17578200
19.3,-0.7,2500,"bu","13:42:04",17575700
19.3,-0.7,3200,"bu","13:42:03",17573200
19.3,-0.7,2500,"bu","13:42:02",17570000
19.3,-0.7,400,"bu","13:42:01",17567500
19.3,-0.7,1800,"bu","13:42:00",17567100
19.25,-0.75,400,"sd","13:42:00",17565300
19.3,-0.7,800,"bu","13:42:00",17564900
19.3,-0.7,1300,"bu","13:41:59",17564100
19.3,-0.7,7200,"bu","13:41:58",17562800
19.3,-0.7,100,"bu","13:41:58",17555600
19.3,-0.7,23200,"bu","13:41:57",17555500
19.3,-0.7,2000,"bu","13:41:57",17532300
19.3,-0.7,500,"bu","13:41:56",17530300
19.3,-0.7,100,"bu","13:41:55",17529800
19.3,-0.7,2000,"bu","13:41:55",17529700
19.3,-0.7,30000,"bu","13:41:53",17527700
19.25,-0.75,200,"sd","13:41:53",17497700
19.3,-0.7,38100,"bu","13:41:52",17497500
19.25,-0.75,300,"sd","13:41:50",17459400
19.25,-0.75,100,"sd","13:41:49",17459100
19.3,-0.7,800,"bu","13:41:46",17459000
19.3,-0.7,100,"bu","13:41:45",17458200
19.25,-0.75,1000,"sd","13:41:44",17458100
19.3,-0.7,200,"bu","13:41:39",17457100
19.25,-0.75,500,"sd","13:41:37",17456900
19.25,-0.75,300,"sd","13:41:36",17456400
19.3,-0.7,500,"bu","13:41:35",17456100
19.25,-0.75,1000,"sd","13:41:34",17455600
19.3,-0.7,100,"bu","13:41:32",17454600
19.3,-0.7,200,"bu","13:41:32",17454500
19.3,-0.7,100,"bu","13:41:30",17454300
19.25,-0.75,2700,"sd","13:41:27",17454200
19.3,-0.7,800,"bu","13:41:27",17451500
19.25,-0.75,600,"sd","13:41:25",17450700
19.3,-0.7,100,"bu","13:41:25",17450100
19.25,-0.75,19600,"sd","13:41:25",17450000
19.3,-0.7,600,"bu","13:41:25",17430400
19.25,-0.75,500,"sd","13:41:24",17429800
19.25,-0.75,1000,"sd","13:41:23",17429300
19.3,-0.7,500,"bu","13:41:23",17428300
19.3,-0.7,100,"bu","13:41:22",17427800
19.25,-0.75,1200,"sd","13:41:21",17427700
19.3,-0.7,200,"bu","13:41:20",17426500
19.3,-0.7,1000,"bu","13:41:20",17426300
19.3,-0.7,2000,"bu","13:41:18",17425300
19.3,-0.7,2000,"bu","13:41:12",17423300
19.3,-0.7,2000,"bu","13:41:11",17421300
19.3,-0.7,100,"bu","13:41:09",17419300
19.3,-0.7,500,"bu","13:41:07",17419200
19.25,-0.75,500,"sd","13:41:07",17418700
19.3,-0.7,200,"bu","13:41:06",17418200
19.25,-0.75,5000,"sd","13:41:06",17418000
19.25,-0.75,20000,"sd","13:41:05",17413000
19.3,-0.7,300,"bu","13:41:05",17393000
19.3,-0.7,1000,"bu","13:41:03",17392700
19.3,-0.7,1000,"bu","13:41:02",17391700
19.3,-0.7,1000,"bu","13:40:59",17390700
19.3,-0.7,400,"bu","13:40:57",17389700
19.25,-0.75,1400,"sd","13:40:57",17389300
19.3,-0.7,300,"bu","13:40:56",17387900
19.3,-0.7,100,"bu","13:40:54",17387600
19.25,-0.75,10000,"sd","13:40:53",17387500
19.3,-0.7,100,"bu","13:40:50",17377500
19.25,-0.75,500,"sd","13:40:48",17377400
19.3,-0.7,100,"bu","13:40:48",17376900
19.3,-0.7,500,"bu","13:40:44",17376800
19.25,-0.75,3000,"sd","13:40:42",17375800
19.3,-0.7,100,"bu","13:40:41",17372800
19.3,-0.7,100,"bu","13:40:37",17372700
19.25,-0.75,2000,"sd","13:40:32",17372600
19.3,-0.7,600,"bu","13:40:30",17370600
19.25,-0.75,1200,"sd","13:40:28",17370000
19.25,-0.75,300,"sd","13:40:27",17368800
19.3,-0.7,1000,"bu","13:40:26",17368500
19.25,-0.75,100,"sd","13:40:26",17367500
19.3,-0.7,2000,"bu","13:40:25",17367400
19.25,-0.75,1000,"sd","13:40:22",17365400
19.25,-0.75,5000,"sd","13:40:21",17364400
19.25,-0.75,100,"sd","13:40:20",17359400
19.25,-0.75,300,"sd","13:40:18",17359300
19.25,-0.75,100,"sd","13:40:16",17359000
19.25,-0.75,100,"sd","13:40:14",17358900
19.25,-0.75,1000,"sd","13:40:13",17358800
19.25,-0.75,2000,"sd","13:40:09",17357800
19.25,-0.75,4000,"sd","13:40:07",17355800
19.3,-0.7,1000,"bu","13:40:05",17351800
19.25,-0.75,300,"sd","13:40:02",17350800
19.25,-0.75,100,"sd","13:40:01",17350500
19.3,-0.7,500,"bu","13:40:01",17350400
19.3,-0.7,100,"bu","13:39:59",17349900
19.3,-0.7,600,"bu","13:39:54",17349800
19.3,-0.7,500,"bu","13:39:52",17349200
19.3,-0.7,1500,"bu","13:39:52",17348700
19.3,-0.7,1000,"bu","13:39:51",17347200
19.3,-0.7,500,"sd","13:39:49",17346200
19.3,-0.7,1200,"sd","13:39:49",17345700
19.3,-0.7,500,"sd","13:39:48",17344500
19.3,-0.7,1000,"sd","13:39:48",17344000
19.3,-0.7,1700,"sd","13:39:47",17343000
19.3,-0.7,1000,"sd","13:39:47",17341100
19.3,-0.7,45000,"sd","13:39:47",17340100
19.3,-0.7,7000,"sd","13:39:46",17295100
19.3,-0.7,500,"sd","13:39:46",17288100
19.35,-0.65,100,"bu","13:39:46",17287600
19.3,-0.7,24000,"sd","13:39:45",17287500
19.3,-0.7,1000,"sd","13:39:45",17263500
19.3,-0.7,3200,"sd","13:39:44",17262500
19.3,-0.7,12000,"sd","13:39:44",17259300
19.3,-0.7,20000,"sd","13:39:43",17247300
19.3,-0.7,5800,"sd","13:39:42",17227300
19.3,-0.7,10500,"sd","13:39:42",17221500
19.3,-0.7,52900,"sd","13:39:41",17211000
19.3,-0.7,2400,"sd","13:39:39",17158100
19.3,-0.7,6500,"sd","13:39:39",17155700
19.3,-0.7,800,"sd","13:39:38",17149200
19.3,-0.7,100,"sd","13:39:38",17148400
19.3,-0.7,10600,"sd","13:39:36",17145300
19.3,-0.7,100,"sd","13:39:35",17134700
19.3,-0.7,100,"sd","13:39:34",17134600
19.3,-0.7,3400,"sd","13:39:33",17134500
19.3,-0.7,2000,"sd","13:39:32",17131100
19.3,-0.7,1600,"sd","13:39:30",17129000
19.3,-0.7,200,"sd","13:39:28",17127400
19.3,-0.7,200,"sd","13:39:27",17127200
19.3,-0.7,17300,"sd","13:39:27",17127000
19.3,-0.7,5000,"sd","13:39:26",17109700
19.3,-0.7,2000,"sd","13:39:24",17104700
19.35,-0.65,500,"bu","13:39:24",17102700
19.3,-0.7,35000,"sd","13:39:23",17102200
19.3,-0.7,2800,"sd","13:39:21",17067200
19.3,-0.7,400,"sd","13:39:20",17064400
19.3,-0.7,1000,"sd","13:39:19",17064000
19.3,-0.7,4500,"sd","13:39:18",17063000
19.35,-0.65,100,"bu","13:39:18",17058500
19.3,-0.7,1500,"sd","13:39:18",17058400
19.3,-0.7,300,"sd","13:39:14",17056900
19.35,-0.65,900,"bu","13:39:13",17056600
19.3,-0.7,700,"sd","13:39:11",17054500
19.3,-0.7,6000,"sd","13:39:10",17053800
19.3,-0.7,3000,"sd","13:39:09",17047800
19.35,-0.65,500,"bu","13:39:07",17044800
19.3,-0.7,300,"sd","13:39:03",17044300
19.3,-0.7,11900,"sd","13:39:03",17044000
19.3,-0.7,700,"sd","13:39:02",17032100
19.3,-0.7,15000,"sd","13:39:01",17031400
19.3,-0.7,100,"sd","13:39:00",17016400
19.3,-0.7,5000,"sd","13:38:59",17016300
19.35,-0.65,100,"bu","13:38:59",17011300
19.3,-0.7,300,"sd","13:38:59",17011200
19.3,-0.7,7000,"sd","13:38:58",17010900
19.35,-0.65,1000,"bu","13:38:58",17003900
19.3,-0.7,5000,"sd","13:38:57",17002900
19.3,-0.7,3300,"sd","13:38:53",16997900
19.3,-0.7,200,"sd","13:38:52",16994600
19.3,-0.7,3600,"sd","13:38:51",16994400
19.3,-0.7,1000,"sd","13:38:48",16990800
19.3,-0.7,2000,"sd","13:38:47",16989800
19.3,-0.7,6000,"sd","13:38:46",16987800
19.3,-0.7,400,"sd","13:38:45",16981800
19.3,-0.7,1000,"sd","13:38:44",16981400
19.3,-0.7,1000,"sd","13:38:43",16980400
19.3,-0.7,4500,"sd","13:38:42",16979400
19.3,-0.7,20000,"sd","13:38:41",16974900
19.35,-0.65,3000,"bu","13:38:39",16954900
19.3,-0.7,400,"sd","13:38:31",16951900
19.35,-0.65,100,"bu","13:38:31",16951500
19.3,-0.7,800,"sd","13:38:30",16951400
19.35,-0.65,900,"bu","13:38:27",16950600
19.3,-0.7,900,"sd","13:38:26",16949700
19.3,-0.7,100,"sd","13:38:24",16948800
19.35,-0.65,100,"bu","13:38:23",16948700
19.3,-0.7,4000,"sd","13:38:22",16948600
19.35,-0.65,2300,"bu","13:38:21",16944600
19.3,-0.7,800,"sd","13:38:20",16942300
19.3,-0.7,200000,"sd","13:38:19",16941500
19.35,-0.65,200,"bu","13:38:19",16741500
19.3,-0.7,10200,"sd","13:38:18",16741300
19.35,-0.65,100,"bu","13:38:17",16731100
19.35,-0.65,200,"bu","13:38:16",16731000
19.35,-0.65,500,"bu","13:38:14",16730800
19.35,-0.65,500,"bu","13:38:12",16730300
19.35,-0.65,100,"bu","13:38:10",16729800
19.3,-0.7,500,"sd","13:38:10",16729700
19.35,-0.65,500,"bu","13:38:10",16729200
19.35,-0.65,100,"bu","13:38:09",16728700
19.35,-0.65,1000,"bu","13:38:06",16728600
19.35,-0.65,500,"bu","13:38:05",16727600
19.3,-0.7,1200,"sd","13:38:04",16727100
19.35,-0.65,1000,"bu","13:38:04",16725900
19.35,-0.65,2100,"bu","13:38:00",16724900
19.35,-0.65,100,"bu","13:37:59",16722800
19.35,-0.65,500,"bu","13:37:52",16722700
19.3,-0.7,1000,"sd","13:37:50",16722200
19.35,-0.65,1000,"bu","13:37:50",16721200
19.35,-0.65,100,"bu","13:37:47",16720200
19.35,-0.65,100,"bu","13:37:46",16720100
19.35,-0.65,800,"bu","13:37:44",16720000
19.3,-0.7,800,"sd","13:37:42",16719200
19.35,-0.65,1000,"bu","13:37:36",16718400
19.3,-0.7,4000,"sd","13:37:35",16717400
19.35,-0.65,200,"bu","13:37:32",16713400
19.3,-0.7,5000,"sd","13:37:32",16713200
19.35,-0.65,1000,"bu","13:37:32",16708200
19.3,-0.7,500,"sd","13:37:24",16707200
19.35,-0.65,100,"bu","13:37:23",16706700
19.3,-0.7,5000,"sd","13:37:23",16706600
19.35,-0.65,200,"bu","13:37:23",16701600
19.35,-0.65,1200,"bu","13:37:22",16701400
19.3,-0.7,200,"sd","13:37:22",16700200
19.3,-0.7,20000,"sd","13:37:19",16700000
19.35,-0.65,1000,"bu","13:37:19",16680000
19.3,-0.7,8500,"sd","13:37:16",16679000
19.35,-0.65,100,"bu","13:37:16",16670500
19.35,-0.65,100,"bu","13:37:15",16670400
19.3,-0.7,4000,"sd","13:37:15",16670300
19.35,-0.65,100,"bu","13:37:14",16666300
19.35,-0.65,200,"bu","13:37:12",16666200
19.3,-0.7,30000,"sd","13:37:10",16666000
19.35,-0.65,100,"bu","13:37:07",16636000
19.3,-0.7,500,"sd","13:37:02",16635900
19.35,-0.65,1000,"bu","13:37:01",16635400
19.3,-0.7,10800,"sd","13:37:01",16634400
19.3,-0.7,19400,"sd","13:37:00",16623600
19.35,-0.65,400,"bu","13:37:00",16604200
19.35,-0.65,500,"bu","13:36:57",16603800
19.35,-0.65,100,"bu","13:36:54",16603300
19.35,-0.65,6500,"bu","13:36:53",16603200
19.3,-0.7,200,"sd","13:36:53",16596700
19.35,-0.65,100,"bu","13:36:49",16596500
19.35,-0.65,500,"bu","13:36:48",16596400
19.35,-0.65,100,"bu","13:36:42",16595900
19.35,-0.65,100,"bu","13:36:40",16595800
19.35,-0.65,200,"bu","13:36:40",16595700
19.35,-0.65,1000,"bu","13:36:39",16595500
19.3,-0.7,400,"sd","13:36:38",16594500
19.35,-0.65,100,"bu","13:36:38",16594100
19.35,-0.65,100,"bu","13:36:33",16594000
19.3,-0.7,1500,"sd","13:36:32",16593900
19.35,-0.65,500,"bu","13:36:30",16592400
19.3,-0.7,10000,"sd","13:36:30",16591900
19.35,-0.65,100,"bu","13:36:30",16581900
19.35,-0.65,100,"bu","13:36:27",16581800
19.35,-0.65,300,"bu","13:36:24",16581700
19.35,-0.65,2400,"bu","13:36:22",16581400
19.3,-0.7,200,"sd","13:36:22",16579000
19.35,-0.65,2400,"bu","13:36:20",16578800
19.35,-0.65,2000,"bu","13:36:14",16576400
19.3,-0.7,400,"sd","13:36:13",16574400
19.35,-0.65,300,"bu","13:36:13",16574000
19.35,-0.65,500,"bu","13:36:10",16573700
19.35,-0.65,100,"bu","13:36:08",16573200
19.35,-0.65,1000,"bu","13:36:04",16573100
19.3,-0.7,2000,"sd","13:36:04",16572100
19.35,-0.65,100,"bu","13:36:04",16570100
19.3,-0.7,2000,"sd","13:36:02",16570000
19.35,-0.65,100,"bu","13:35:58",16568000
19.35,-0.65,100,"bu","13:35:57",16567900
19.3,-0.7,6000,"sd","13:35:54",16567800
19.35,-0.65,2000,"bu","13:35:52",16561800
19.3,-0.7,500,"sd","13:35:49",16559800
19.35,-0.65,1000,"bu","13:35:47",16559300
19.35,-0.65,100,"bu","13:35:45",16558300
19.3,-0.7,5000,"sd","13:35:45",16558200
19.35,-0.65,300,"bu","13:35:44",16553200
19.35,-0.65,100,"bu","13:35:41",16552900
19.3,-0.7,38000,"sd","13:35:40",16552600
19.3,-0.7,500,"sd","13:35:40",16514600
19.35,-0.65,500,"bu","13:35:39",16514100
19.35,-0.65,200,"bu","13:35:38",16513600
19.35,-0.65,500,"bu","13:35:37",16513400
19.35,-0.65,22700,"sd","13:35:36",16512900
19.35,-0.65,300,"sd","13:35:35",16490200
19.35,-0.65,1000,"sd","13:35:34",16489900
19.35,-0.65,3900,"sd","13:35:32",16488900
19.35,-0.65,2400,"sd","13:35:31",16485000
19.35,-0.65,1000,"sd","13:35:31",16482600
19.35,-0.65,500,"sd","13:35:30",16480600
19.35,-0.65,500,"sd","13:35:29",16480100
19.35,-0.65,11300,"sd","13:35:29",16479600
19.35,-0.65,1000,"sd","13:35:28",16468300
19.35,-0.65,9000,"sd","13:35:28",16467300
19.35,-0.65,6000,"sd","13:35:26",16458300
19.35,-0.65,500,"sd","13:35:25",16452300
19.35,-0.65,4100,"sd","13:35:25",16451800
19.35,-0.65,2700,"sd","13:35:23",16447700
19.35,-0.65,4600,"sd","13:35:23",16445000
19.35,-0.65,5000,"sd","13:35:21",16440400
19.35,-0.65,9500,"sd","13:35:21",16435400
19.35,-0.65,10500,"sd","13:35:20",16425900
19.35,-0.65,5100,"sd","13:35:19",16415400
19.35,-0.65,2000,"sd","13:35:18",16410300
19.35,-0.65,5000,"sd","13:35:17",16408300
19.35,-0.65,5000,"sd","13:35:16",16403300
19.4,-0.6,2000,"bu","13:35:16",16398300
19.35,-0.65,23000,"sd","13:35:14",16396300
19.35,-0.65,500,"sd","13:35:13",16373300
19.35,-0.65,1000,"sd","13:35:12",16372800
19.35,-0.65,3100,"sd","13:35:12",16371800
19.35,-0.65,2000,"sd","13:35:11",16368700
19.35,-0.65,36300,"sd","13:35:10",16366700
19.35,-0.65,2000,"sd","13:35:09",16330400
19.35,-0.65,20000,"sd","13:35:09",16328400
19.35,-0.65,100,"sd","13:35:08",16308400
19.35,-0.65,42000,"sd","13:35:06",16308300
19.35,-0.65,300,"sd","13:35:05",16266300
19.35,-0.65,3000,"sd","13:35:02",16266000
19.4,-0.6,100,"bu","13:35:02",16263000
19.35,-0.65,1500,"sd","13:35:01",16262900
19.35,-0.65,36000,"sd","13:34:58",16261400
19.35,-0.65,3600,"sd","13:34:56",16225400
19.35,-0.65,2400,"sd","13:34:53",16221800
19.35,-0.65,31000,"sd","13:34:49",16219400
19.35,-0.65,100,"sd","13:34:46",16188400
19.35,-0.65,8200,"sd","13:34:43",16188300
19.35,-0.65,15000,"sd","13:34:42",16180100
19.35,-0.65,300,"sd","13:34:40",16165100
19.35,-0.65,2000,"sd","13:34:39",16164800
19.35,-0.65,200,"sd","13:34:38",16162800
19.35,-0.65,4500,"sd","13:34:35",16162600
19.35,-0.65,200,"sd","13:34:31",16158100
19.35,-0.65,400,"sd","13:34:30",16157900
19.35,-0.65,2000,"sd","13:34:28",16157500
19.4,-0.6,100,"bu","13:34:28",16155500
19.35,-0.65,300,"sd","13:34:26",16155400
19.35,-0.65,200,"sd","13:34:24",16155100
19.35,-0.65,1000,"sd","13:34:23",16154900
19.35,-0.65,3000,"sd","13:34:20",16153900
19.4,-0.6,1400,"bu","13:34:17",16150900
19.4,-0.6,100,"bu","13:34:14",16149500
19.35,-0.65,100,"sd","13:34:13",16149400
19.4,-0.6,1000,"bu","13:34:12",16149300
19.35,-0.65,38300,"sd","13:34:12",16148300
19.35,-0.65,131700,"sd","13:34:11",16110000
19.4,-0.6,100,"bu","13:34:11",15978300
19.35,-0.65,3000,"sd","13:34:10",15978200
19.35,-0.65,27000,"sd","13:34:09",15975200
19.35,-0.65,10000,"sd","13:34:09",15948200
19.4,-0.6,3000,"bu","13:34:04",15938200
19.4,-0.6,1500,"bu","13:34:01",15935200
19.4,-0.6,1000,"bu","13:33:56",15933700
19.4,-0.6,400,"bu","13:33:50",15932700
19.4,-0.6,100,"bu","13:33:44",15932300
19.4,-0.6,1300,"bu","13:33:38",15932200
19.35,-0.65,400,"sd","13:33:37",15930900
19.4,-0.6,100,"bu","13:33:36",15930500
19.4,-0.6,300,"bu","13:33:35",15930400
19.4,-0.6,100,"bu","13:33:33",15930100
19.4,-0.6,100,"bu","13:33:31",15930000
19.4,-0.6,8800,"bu","13:33:29",15929900
19.35,-0.65,5000,"sd","13:33:29",15921100
19.4,-0.6,300,"bu","13:33:26",15916100
19.4,-0.6,200,"bu","13:33:23",15915800
19.35,-0.65,4000,"sd","13:33:23",15915600
19.35,-0.65,100,"sd","13:33:22",15911600
19.35,-0.65,700,"sd","13:33:21",15911500
19.35,-0.65,3500,"sd","13:33:13",15910800
19.35,-0.65,600,"sd","13:33:06",15907300
19.35,-0.65,1000,"sd","13:33:01",15906700
19.4,-0.6,1000,"bu","13:32:59",15905700
19.35,-0.65,10000,"sd","13:32:59",15904700
19.35,-0.65,3000,"sd","13:32:49",15894700
19.4,-0.6,100,"bu","13:32:49",15891700
19.4,-0.6,100,"bu","13:32:48",15891600
19.4,-0.6,200,"bu","13:32:46",15891500
19.4,-0.6,200,"bu","13:32:44",15891300
19.4,-0.6,100,"bu","13:32:40",15891100
19.4,-0.6,6500,"bu","13:32:31",15891000
19.35,-0.65,400,"sd","13:32:31",15884500
19.35,-0.65,900,"sd","13:32:26",15884100
19.4,-0.6,2100,"bu","13:32:25",15883200
19.35,-0.65,2800,"sd","13:32:24",15881100
19.4,-0.6,100,"bu","13:32:24",15878300
19.4,-0.6,1000,"bu","13:32:20",15878200
19.4,-0.6,200,"bu","13:32:19",15877200
19.4,-0.6,100,"bu","13:32:15",15877000
19.4,-0.6,500,"bu","13:32:12",15876900
19.4,-0.6,1000,"bu","13:32:11",15876400
19.4,-0.6,1900,"bu","13:32:10",15875400
19.4,-0.6,1500,"bu","13:32:09",15873500
19.4,-0.6,6500,"bu","13:32:05",15872000
19.4,-0.6,100,"bu","13:32:04",15865500
19.4,-0.6,400,"bu","13:32:03",15865400
19.35,-0.65,5000,"sd","13:31:53",15865000
19.4,-0.6,6500,"bu","13:31:53",15860000
19.4,-0.6,3000,"bu","13:31:47",15853500
19.4,-0.6,100,"bu","13:31:44",15850500
19.4,-0.6,100,"bu","13:31:43",15850400
19.4,-0.6,4200,"bu","13:31:43",15850300
19.4,-0.6,600,"bu","13:31:42",15846100
19.4,-0.6,500,"bu","13:31:31",15845500
19.4,-0.6,2000,"bu","13:31:29",15845000
19.4,-0.6,100,"bu","13:31:28",15843000
19.4,-0.6,100,"bu","13:31:27",15842900
19.4,-0.6,100,"bu","13:31:25",15842800
19.4,-0.6,1700,"bu","13:31:24",15842700
19.4,-0.6,300,"bu","13:31:23",15841000
19.4,-0.6,600,"bu","13:31:22",15840700
19.4,-0.6,500,"bu","13:31:19",15840100
19.4,-0.6,2000,"bu","13:31:18",15839600
19.4,-0.6,100,"bu","13:31:17",15837600
19.4,-0.6,400,"bu","13:31:15",15837500
19.4,-0.6,100,"bu","13:31:10",15837100
19.4,-0.6,8400,"bu","13:31:09",15837000
19.35,-0.65,500,"sd","13:31:09",15828600
19.4,-0.6,100,"bu","13:31:06",15828100
19.4,-0.6,4100,"sd","13:31:05",15828000
19.4,-0.6,10000,"sd","13:31:03",15823900
19.4,-0.6,700,"sd","13:31:03",15813900
19.4,-0.6,28700,"sd","13:31:02",15813200
19.4,-0.6,11000,"sd","13:31:00",15784500
19.4,-0.6,10000,"sd","13:30:59",15773500
19.4,-0.6,22000,"sd","13:30:59",15763500
19.4,-0.6,50000,"sd","13:30:58",15741500
19.4,-0.6,3000,"sd","13:30:55",15691500
19.4,-0.6,20000,"sd","13:30:53",15688500
19.4,-0.6,500,"sd","13:30:50",15668500
19.4,-0.6,20000,"sd","13:30:49",15668000
19.4,-0.6,10000,"sd","13:30:47",15648000
19.4,-0.6,4000,"sd","13:30:45",15638000
19.4,-0.6,20000,"sd","13:30:43",15634000
19.4,-0.6,5000,"sd","13:30:41",15614000
19.4,-0.6,4000,"sd","13:30:33",15609000
19.4,-0.6,5000,"sd","13:30:31",15605000
19.4,-0.6,5000,"sd","13:30:27",15600000
19.4,-0.6,1300,"sd","13:30:24",15595000
19.4,-0.6,1900,"sd","13:30:22",15593700
19.4,-0.6,9800,"sd","13:30:21",15591800
19.4,-0.6,100,"sd","13:30:19",15582000
19.4,-0.6,1000,"sd","13:30:17",15581900
19.4,-0.6,3000,"sd","13:30:15",15580900
19.4,-0.6,1000,"sd","13:30:12",15577900
19.45,-0.55,1100,"bu","13:30:11",15576900
19.45,-0.55,100,"bu","13:30:10",15575800
19.4,-0.6,5000,"sd","13:30:05",15575700
19.4,-0.6,600,"sd","13:30:04",15570700
19.4,-0.6,2000,"sd","13:29:59",15570100
19.4,-0.6,8000,"sd","13:29:56",15568100
19.45,-0.55,2400,"bu","13:29:47",15560100
19.4,-0.6,600,"sd","13:29:47",15557700
19.4,-0.6,600,"sd","13:29:36",15557100
19.45,-0.55,100,"bu","13:29:35",15556500
19.4,-0.6,3400,"sd","13:29:34",15556400
19.45,-0.55,1100,"bu","13:29:25",15553000
19.45,-0.55,500,"bu","13:29:24",15551900
19.45,-0.55,5000,"bu","13:29:08",15551400
19.4,-0.6,2000,"sd","13:29:05",15546400
19.4,-0.6,1500,"sd","13:29:03",15544400
19.4,-0.6,800,"sd","13:28:58",15542900
19.45,-0.55,100,"bu","13:28:58",15542100
19.4,-0.6,2000,"sd","13:28:55",15542000
19.4,-0.6,2000,"sd","13:28:48",15540000
19.4,-0.6,1100,"sd","13:28:40",15538000
19.4,-0.6,3000,"sd","13:28:37",15536900
19.4,-0.6,3000,"sd","13:28:21",15533900
19.45,-0.55,200,"bu","13:28:16",15530900
19.4,-0.6,3000,"sd","13:28:15",15530700
19.45,-0.55,200,"bu","13:28:02",15527700
19.4,-0.6,1000,"sd","13:27:59",15527500
19.4,-0.6,1000,"sd","13:27:53",15526500
19.4,-0.6,20200,"sd","13:27:52",15525500
19.4,-0.6,200,"sd","13:27:49",15505300
19.4,-0.6,4200,"sd","13:27:46",15505100
19.4,-0.6,50800,"sd","13:27:46",15500900
19.4,-0.6,3100,"sd","13:27:44",15450100
19.4,-0.6,20000,"sd","13:27:42",15447000
19.4,-0.6,500,"sd","13:27:41",15427000
19.4,-0.6,5700,"sd","13:27:40",15426500
19.4,-0.6,100,"sd","13:27:37",15420800
19.4,-0.6,400,"sd","13:27:31",15420700
19.4,-0.6,100,"sd","13:27:25",15420300
19.4,-0.6,11400,"sd","13:27:17",15420200
19.45,-0.55,200,"bu","13:27:16",15408800
19.4,-0.6,5000,"sd","13:27:13",15408600
19.4,-0.6,1700,"sd","13:27:12",15403600
19.4,-0.6,7900,"sd","13:27:10",15401900
19.4,-0.6,1000,"sd","13:27:09",15394000
19.4,-0.6,100,"sd","13:27:08",15393000
19.4,-0.6,1000,"sd","13:27:04",15392900
19.4,-0.6,500,"sd","13:27:01",15391900
19.4,-0.6,1500,"sd","13:26:54",15391400
19.45,-0.55,100,"bu","13:26:54",15389900
19.4,-0.6,700,"sd","13:26:52",15389800
19.45,-0.55,400,"bu","13:26:52",15389100
19.4,-0.6,10000,"sd","13:26:48",15388700
19.45,-0.55,1000,"bu","13:26:48",15378700
19.4,-0.6,800,"sd","13:26:47",15377700
19.45,-0.55,100,"bu","13:26:46",15376900
19.45,-0.55,2000,"bu","13:26:45",15376800
19.4,-0.6,5000,"sd","13:26:43",15374800
19.45,-0.55,10200,"bu","13:26:42",15369800
19.45,-0.55,2700,"bu","13:26:41",15359600
19.4,-0.6,2000,"sd","13:26:39",15356900
19.4,-0.6,1000,"sd","13:26:38",15354900
19.4,-0.6,2000,"sd","13:26:38",15353900
19.4,-0.6,33000,"sd","13:26:37",15351900
19.45,-0.55,300,"bu","13:26:37",15318900
19.4,-0.6,16500,"sd","13:26:33",15318600
19.4,-0.6,53500,"sd","13:26:32",15302100
19.4,-0.6,4000,"sd","13:26:31",15248600
19.45,-0.55,2000,"bu","13:26:27",15244600
19.4,-0.6,10500,"sd","13:26:22",15242600
19.4,-0.6,4500,"sd","13:26:21",15232100
19.45,-0.55,1000,"bu","13:26:15",15227600
19.4,-0.6,500,"sd","13:26:06",15226600
19.45,-0.55,1000,"bu","13:25:58",15226100
19.45,-0.55,200,"bu","13:25:56",15225100
19.4,-0.6,17000,"sd","13:25:56",15224900
19.45,-0.55,700,"bu","13:25:55",15207900
19.45,-0.55,300,"bu","13:25:49",15207200
19.45,-0.55,2000,"bu","13:25:46",15206900
19.45,-0.55,1000,"bu","13:25:44",15204900
19.45,-0.55,300,"bu","13:25:33",15203900
19.45,-0.55,600,"bu","13:25:32",15203600
19.45,-0.55,1000,"bu","13:25:31",15203000
19.45,-0.55,500,"bu","13:25:30",15202000
19.45,-0.55,100,"bu","13:25:22",15201500
19.45,-0.55,300,"bu","13:25:22",15201400
19.45,-0.55,100,"bu","13:25:19",15201100
19.45,-0.55,100,"bu","13:25:14",15201000
19.45,-0.55,200,"bu","13:25:12",15200900
19.45,-0.55,300,"bu","13:25:11",15200700
19.45,-0.55,100,"bu","13:25:08",15200400
19.45,-0.55,200,"bu","13:25:06",15200300
19.45,-0.55,400,"bu","13:25:02",15200100
19.45,-0.55,500,"bu","13:24:55",15199700
19.45,-0.55,100,"bu","13:24:54",15199200
19.45,-0.55,2600,"bu","13:24:52",15199100
19.45,-0.55,1000,"bu","13:24:49",15196500
19.45,-0.55,100,"bu","13:24:47",15195500
19.45,-0.55,1200,"bu","13:24:43",15195400
19.45,-0.55,100,"bu","13:24:40",15194200
19.45,-0.55,500,"bu","13:24:38",15194100
19.45,-0.55,100,"bu","13:24:32",15193600
19.45,-0.55,3000,"bu","13:24:28",15193500
19.45,-0.55,3600,"bu","13:24:26",15190500
19.45,-0.55,100,"bu","13:24:22",15186900
19.45,-0.55,1000,"bu","13:24:19",15186800
19.45,-0.55,200,"bu","13:24:18",15185800
19.45,-0.55,300,"bu","13:24:14",15185600
19.45,-0.55,500,"bu","13:24:11",15185300
19.45,-0.55,100,"bu","13:24:08",15184800
19.45,-0.55,10800,"sd","13:24:01",15184700
19.45,-0.55,3400,"sd","13:24:00",15173900
19.45,-0.55,600,"sd","13:23:58",15170500
19.45,-0.55,3000,"sd","13:23:53",15169900
19.45,-0.55,400,"sd","13:23:53",15166900
19.45,-0.55,13000,"bu","13:23:51",15166500
19.45,-0.55,1000,"bu","13:23:51",15153500
19.45,-0.55,1800,"bu","13:23:47",15152500
19.4,-0.6,5000,"sd","13:23:45",15150700
19.45,-0.55,1300,"bu","13:23:45",15145700
19.45,-0.55,1500,"bu","13:23:42",15144400
19.45,-0.55,1000,"bu","13:23:41",15142900
19.4,-0.6,1000,"sd","13:23:41",15141900
19.45,-0.55,2900,"bu","13:23:41",15140900
19.45,-0.55,1000,"bu","13:23:40",15138000
19.45,-0.55,28700,"bu","13:23:38",15137000
19.45,-0.55,500,"bu","13:23:37",15108300
19.45,-0.55,100,"bu","13:23:35",15107800
19.45,-0.55,200,"bu","13:23:34",15107700
19.45,-0.55,2000,"bu","13:23:30",15107500
19.45,-0.55,1200,"bu","13:23:28",15105500
19.45,-0.55,200,"bu","13:23:27",15104300
19.45,-0.55,3000,"bu","13:23:25",15104100
19.45,-0.55,2000,"bu","13:23:19",15101100
19.45,-0.55,10800,"sd","13:23:18",15099100
19.45,-0.55,10000,"sd","13:23:17",15088300
19.45,-0.55,30500,"sd","13:23:13",15078300
19.45,-0.55,1300,"sd","13:23:12",15047800
19.45,-0.55,1000,"sd","13:23:08",15046500
19.45,-0.55,500,"sd","13:23:07",15045500
19.45,-0.55,2200,"sd","13:23:03",15045000
19.45,-0.55,5000,"sd","13:23:02",15042800
19.45,-0.55,9000,"sd","13:22:58",15037800
19.45,-0.55,4900,"sd","13:22:57",15028800
19.45,-0.55,4600,"sd","13:22:52",15023900
19.45,-0.55,31500,"bu","13:22:49",15019300
19.45,-0.55,300,"bu","13:22:48",14987800
19.45,-0.55,2000,"bu","13:22:46",14987500
19.45,-0.55,100,"bu","13:22:44",14985500
19.45,-0.55,1000,"bu","13:22:41",14985400
19.45,-0.55,800,"bu","13:22:39",14984400
19.45,-0.55,100,"bu","13:22:38",14983600
19.45,-0.55,1000,"bu","13:22:36",14983500
19.45,-0.55,300,"bu","13:22:35",14982500
19.45,-0.55,900,"sd","13:22:33",14982200
19.45,-0.55,1300,"bu","13:22:29",14981300
19.45,-0.55,1700,"sd","13:22:29",14980000
19.45,-0.55,400,"sd","13:22:26",14978300
19.45,-0.55,100,"sd","13:22:26",14977900
19.45,-0.55,900,"sd","13:22:24",14977800
19.45,-0.55,500,"sd","13:22:22",14976900
19.45,-0.55,100,"sd","13:22:21",14976400
19.45,-0.55,1500,"sd","13:22:16",14976300
19.45,-0.55,2100,"sd","13:22:13",14974800
19.45,-0.55,3400,"sd","13:22:12",14972700
19.45,-0.55,500,"sd","13:22:11",14969300
19.45,-0.55,1000,"sd","13:22:10",14968800
19.45,-0.55,1800,"sd","13:22:09",14967800
19.45,-0.55,9000,"sd","13:22:08",14966000
19.45,-0.55,50000,"sd","13:22:07",14957000
19.45,-0.55,8700,"sd","13:22:06",14907000
19.45,-0.55,600,"sd","13:22:02",14898300
19.45,-0.55,2200,"sd","13:22:00",14897700
19.45,-0.55,500,"sd","13:21:59",14895500
19.45,-0.55,10000,"sd","13:21:56",14895000
19.45,-0.55,500,"sd","13:21:52",14885000
19.45,-0.55,2100,"sd","13:21:52",14884500
19.45,-0.55,300,"sd","13:21:51",14882400
19.45,-0.55,1000,"sd","13:21:51",14882100
19.45,-0.55,30000,"sd","13:21:46",14881100
19.45,-0.55,3000,"sd","13:21:45",14851100
19.45,-0.55,25000,"sd","13:21:44",14848100
19.45,-0.55,200,"sd","13:21:44",14823100
19.45,-0.55,100,"sd","13:21:40",14822900
19.45,-0.55,1300,"sd","13:21:38",14822800
19.45,-0.55,200,"sd","13:21:34",14821500
19.45,-0.55,500,"sd","13:21:31",14821300
19.5,-0.5,100,"bu","13:21:20",14820800
19.45,-0.55,7700,"bu","13:21:19",14820700
19.45,-0.55,500,"bu","13:21:17",14813000
19.45,-0.55,1000,"bu","13:21:16",14812500
19.45,-0.55,1000,"bu","13:21:15",14811500
19.45,-0.55,400,"bu","13:21:13",14810500
19.45,-0.55,5000,"bu","13:21:12",14810100
19.45,-0.55,1000,"bu","13:21:11",14805100
19.45,-0.55,4100,"bu","13:21:11",14804100
19.45,-0.55,100,"bu","13:21:09",14800000
19.45,-0.55,1600,"bu","13:21:07",14799900
19.45,-0.55,1000,"bu","13:21:03",14798300
19.45,-0.55,500,"bu","13:21:02",14797300
19.45,-0.55,200,"bu","13:21:01",14796800
19.4,-0.6,800,"sd","13:21:00",14796600
19.45,-0.55,2600,"bu","13:20:55",14795800
19.45,-0.55,600,"bu","13:20:54",14793200
19.45,-0.55,500,"bu","13:20:53",14792600
19.45,-0.55,7600,"sd","13:20:51",14792100
19.45,-0.55,26500,"sd","13:20:49",14784500
19.45,-0.55,100,"sd","13:20:47",14758000
19.45,-0.55,3100,"sd","13:20:46",14757900
19.45,-0.55,16300,"bu","13:20:45",14754800
19.4,-0.6,400,"sd","13:20:43",14738500
19.45,-0.55,100,"bu","13:20:42",14738100
19.45,-0.55,200,"bu","13:20:40",14738000
19.45,-0.55,500,"bu","13:20:39",14737800
19.45,-0.55,500,"bu","13:20:37",14737300
19.4,-0.6,100,"sd","13:20:32",14736800
19.45,-0.55,800,"sd","13:20:31",14736700
19.45,-0.55,100,"sd","13:20:30",14735900
19.45,-0.55,100,"bu","13:20:29",14735800
19.4,-0.6,5000,"sd","13:20:27",14735700
19.45,-0.55,1000,"sd","13:20:27",14730700
19.45,-0.55,200,"sd","13:20:26",14729700
19.45,-0.55,800,"sd","13:20:25",14729500
19.45,-0.55,200,"bu","13:20:24",14728700
19.45,-0.55,1500,"bu","13:20:21",14728500
19.45,-0.55,1200,"sd","13:20:20",14727000
19.45,-0.55,20000,"sd","13:20:19",14725800
19.45,-0.55,2000,"sd","13:20:18",14705800
19.45,-0.55,900,"sd","13:20:16",14703800
19.5,-0.5,2000,"bu","13:20:15",14702900
19.45,-0.55,17200,"sd","13:20:15",14700900
19.45,-0.55,1000,"sd","13:20:14",14683700
19.5,-0.5,100,"bu","13:20:12",14682700
19.45,-0.55,10000,"sd","13:20:10",14682600
19.45,-0.55,2000,"sd","13:20:06",14672600
19.45,-0.55,1200,"sd","13:20:06",14670600
19.45,-0.55,500,"sd","13:20:05",14669400
19.45,-0.55,1000,"sd","13:20:02",14668900
19.5,-0.5,100,"bu","13:20:01",14667900
19.45,-0.55,200,"sd","13:19:56",14667800
19.45,-0.55,200,"sd","13:19:55",14667600
19.45,-0.55,3500,"sd","13:19:53",14667400
19.45,-0.55,200,"sd","13:19:51",14663900
19.45,-0.55,5000,"sd","13:19:50",14663700
19.5,-0.5,10000,"bu","13:19:49",14658700
19.45,-0.55,1000,"sd","13:19:48",14648700
19.45,-0.55,100,"sd","13:19:46",14647700
19.45,-0.55,100,"sd","13:19:45",14647600
19.5,-0.5,200,"bu","13:19:45",14647500
19.45,-0.55,1000,"sd","13:19:43",14647300
19.45,-0.55,8800,"sd","13:19:40",14646300
19.45,-0.55,400,"sd","13:19:37",14637500
19.45,-0.55,1200,"sd","13:19:35",14637100
19.45,-0.55,1000,"sd","13:19:34",14635900
19.5,-0.5,500,"bu","13:19:33",14634900
19.45,-0.55,6000,"sd","13:19:33",14634400
19.45,-0.55,3000,"sd","13:19:32",14628400
19.5,-0.5,10000,"bu","13:19:31",14625400
19.45,-0.55,100,"sd","13:19:29",14615400
19.45,-0.55,2100,"sd","13:19:26",14615300
19.45,-0.55,700,"sd","13:19:24",14613200
19.45,-0.55,1800,"sd","13:19:23",14612500
19.45,-0.55,100,"sd","13:19:22",14610700
19.45,-0.55,8100,"sd","13:19:21",14610500
19.5,-0.5,100,"bu","13:19:20",14602400
19.45,-0.55,8600,"sd","13:19:19",14602300
19.45,-0.55,11400,"sd","13:19:19",14593700
19.45,-0.55,11100,"sd","13:19:18",14582300
19.45,-0.55,4100,"sd","13:19:13",14571200
19.5,-0.5,600,"bu","13:19:12",14567100
19.45,-0.55,30000,"sd","13:19:08",14566500
19.45,-0.55,300,"sd","13:19:05",14536500
19.45,-0.55,1700,"sd","13:19:04",14536200
19.45,-0.55,300,"sd","13:19:02",14534500
19.45,-0.55,900,"sd","13:18:53",14534200
19.45,-0.55,9600,"sd","13:18:53",14533300
19.45,-0.55,3400,"sd","13:18:47",14523700
19.45,-0.55,1000,"sd","13:18:45",14520300
19.45,-0.55,25000,"sd","13:18:39",14519300
19.5,-0.5,100,"bu","13:18:39",14494300
19.45,-0.55,3000,"sd","13:18:38",14494200
19.5,-0.5,800,"bu","13:18:35",14491200
19.45,-0.55,1200,"sd","13:18:33",14490400
19.45,-0.55,3500,"sd","13:18:31",14489200
19.45,-0.55,100,"sd","13:18:28",14485700
19.45,-0.55,3600,"sd","13:18:27",14485600
19.5,-0.5,100,"bu","13:18:23",14482000
19.45,-0.55,1000,"sd","13:18:21",14481900
19.45,-0.55,4000,"sd","13:18:20",14480900
19.5,-0.5,100,"bu","13:18:20",14476900
19.5,-0.5,1000,"bu","13:18:19",14476800
19.5,-0.5,100,"bu","13:18:16",14475800
19.5,-0.5,1000,"bu","13:18:13",14475700
19.45,-0.55,1800,"sd","13:18:09",14474700
19.45,-0.55,1000,"sd","13:18:07",14472900
19.5,-0.5,100,"bu","13:18:07",14471900
19.5,-0.5,300,"bu","13:18:05",14471800
19.45,-0.55,1200,"sd","13:18:03",14471500
19.45,-0.55,1200,"sd","13:18:02",14470300
19.5,-0.5,32000,"bu","13:17:59",14469100
19.45,-0.55,1000,"sd","13:17:58",14437100
19.5,-0.5,200,"bu","13:17:58",14436100
19.45,-0.55,5100,"sd","13:17:57",14435900
19.45,-0.55,400,"sd","13:17:55",14430800
19.45,-0.55,1800,"sd","13:17:53",14430400
19.5,-0.5,100,"bu","13:17:52",14428600
19.5,-0.5,300,"bu","13:17:51",14428500
19.5,-0.5,1500,"bu","13:17:49",14428200
19.45,-0.55,1000,"sd","13:17:45",14426700
19.45,-0.55,2000,"sd","13:17:42",14425700
19.45,-0.55,8400,"sd","13:17:41",14423700
19.5,-0.5,1000,"bu","13:17:41",14415300
19.5,-0.5,300,"bu","13:17:38",14414300
19.45,-0.55,2000,"sd","13:17:37",14414000
19.45,-0.55,400,"sd","13:17:36",14412000
19.45,-0.55,1200,"sd","13:17:34",14411600
19.5,-0.5,800,"bu","13:17:33",14410400
19.5,-0.5,200,"bu","13:17:32",14409600
19.45,-0.55,1200,"sd","13:17:31",14409400
19.5,-0.5,100,"bu","13:17:29",14408200
19.5,-0.5,100,"bu","13:17:23",14408100
19.45,-0.55,9000,"sd","13:17:17",14408000
19.45,-0.55,1000,"sd","13:17:15",14399000
19.45,-0.55,4000,"sd","13:17:11",14398000
19.5,-0.5,1000,"bu","13:17:09",14392500
19.45,-0.55,100,"sd","13:17:08",14391500
19.5,-0.5,100,"bu","13:17:05",14391400
19.5,-0.5,800,"bu","13:17:02",14391300
19.45,-0.55,1200,"sd","13:17:00",14390500
19.45,-0.55,100,"sd","13:16:53",14389300
19.5,-0.5,200,"bu","13:16:46",14389200
19.5,-0.5,500,"bu","13:16:39",14389000
19.45,-0.55,100,"sd","13:16:36",14388500
19.5,-0.5,100,"bu","13:16:31",14388400
19.5,-0.5,300,"bu","13:16:30",14388300
19.5,-0.5,5000,"bu","13:16:29",14388000
19.45,-0.55,1200,"sd","13:16:29",14383000
19.5,-0.5,1200,"bu","13:16:26",14381800
19.45,-0.55,100,"sd","13:16:24",14380600
19.5,-0.5,1100,"bu","13:16:21",14380500
19.5,-0.5,100,"bu","13:16:20",14379400
19.45,-0.55,100,"sd","13:16:18",14379300
19.5,-0.5,1200,"bu","13:16:16",14379200
19.5,-0.5,600,"bu","13:16:08",14378000
19.5,-0.5,1500,"bu","13:16:06",14377400
19.5,-0.5,100,"bu","13:16:01",14375900
19.45,-0.55,1200,"sd","13:15:58",14375800
19.5,-0.5,100,"bu","13:15:55",14374600
19.5,-0.5,500,"bu","13:15:54",14374500
19.45,-0.55,20000,"sd","13:15:53",14374000
19.5,-0.5,600,"bu","13:15:46",14354000
19.5,-0.5,1000,"bu","13:15:46",14353400
19.5,-0.5,200,"bu","13:15:43",14352400
19.45,-0.55,500,"sd","13:15:42",14352200
19.5,-0.5,300,"bu","13:15:39",14351700
19.45,-0.55,8700,"sd","13:15:32",14351400
19.5,-0.5,100,"bu","13:15:31",14342700
19.45,-0.55,1200,"sd","13:15:27",14342600
19.5,-0.5,2300,"bu","13:15:24",14341400
19.5,-0.5,1000,"bu","13:15:21",14339100
19.5,-0.5,100,"bu","13:15:20",14338100
19.45,-0.55,5400,"sd","13:15:20",14338000
19.5,-0.5,1000,"bu","13:15:19",14332600
19.5,-0.5,3000,"bu","13:15:14",14331600
19.5,-0.5,200,"bu","13:15:10",14328600
19.45,-0.55,26000,"sd","13:15:10",14328400
19.5,-0.5,100,"bu","13:15:07",14302400
19.5,-0.5,200,"bu","13:15:00",14302300
19.5,-0.5,3200,"bu","13:14:58",14302100
19.45,-0.55,1200,"sd","13:14:56",14298900
19.5,-0.5,100,"bu","13:14:55",14297700
19.45,-0.55,2500,"sd","13:14:53",14297600
19.45,-0.55,15000,"sd","13:14:48",14295100
19.5,-0.5,100,"bu","13:14:46",14280100
19.5,-0.5,100,"bu","13:14:43",14280000
19.5,-0.5,500,"bu","13:14:42",14279900
19.45,-0.55,6500,"sd","13:14:39",14279400
19.45,-0.55,1400,"sd","13:14:38",14272900
19.5,-0.5,600,"bu","13:14:36",14271500
19.45,-0.55,4000,"sd","13:14:35",14270900
19.45,-0.55,8600,"sd","13:14:31",14266900
19.45,-0.55,1200,"sd","13:14:26",14258300
19.5,-0.5,1100,"bu","13:14:26",14257100
19.5,-0.5,2000,"bu","13:14:24",14256000
19.45,-0.55,2000,"sd","13:14:21",14254000
19.5,-0.5,100,"bu","13:14:19",14252000
19.5,-0.5,5000,"bu","13:14:18",14251900
19.5,-0.5,2000,"bu","13:14:09",14246900
19.45,-0.55,1000,"sd","13:14:06",14244900
19.5,-0.5,1100,"bu","13:14:00",14243900
19.5,-0.5,5000,"bu","13:13:56",14242800
19.45,-0.55,1200,"sd","13:13:54",14237800
19.45,-0.55,1000,"sd","13:13:51",14236600
19.5,-0.5,100,"bu","13:13:49",14235600
19.45,-0.55,3900,"sd","13:13:48",14235500
19.5,-0.5,1000,"bu","13:13:42",14231600
19.45,-0.55,5000,"sd","13:13:37",14230600
19.5,-0.5,3800,"bu","13:13:35",14225600
19.5,-0.5,2000,"bu","13:13:35",14221800
19.45,-0.55,400,"sd","13:13:32",14219800
19.45,-0.55,10500,"sd","13:13:30",14219400
19.45,-0.55,200,"sd","13:13:28",14208900
19.45,-0.55,2000,"sd","13:13:26",14208700
19.5,-0.5,100,"bu","13:13:24",14206700
19.45,-0.55,1200,"sd","13:13:23",14206600
19.45,-0.55,5000,"sd","13:13:22",14205400
19.5,-0.5,1000,"bu","13:13:17",14200400
19.45,-0.55,10000,"sd","13:13:14",14199400
19.45,-0.55,3000,"sd","13:13:04",14189400
19.45,-0.55,15000,"sd","13:13:02",14186400
19.45,-0.55,100,"sd","13:13:00",14171400
19.45,-0.55,2000,"sd","13:12:54",14171300
19.45,-0.55,500,"sd","13:12:53",14169300
19.45,-0.55,100,"sd","13:12:52",14168800
19.45,-0.55,1200,"sd","13:12:51",14168700
19.45,-0.55,200,"sd","13:12:42",14167500
19.45,-0.55,400,"sd","13:12:42",14167300
19.45,-0.55,1100,"bu","13:12:40",14166900
19.45,-0.55,1000,"bu","13:12:39",14165800
19.45,-0.55,1700,"bu","13:12:38",14164800
19.45,-0.55,100,"bu","13:12:37",14163100
19.45,-0.55,100,"bu","13:12:36",14163000
19.45,-0.55,1800,"bu","13:12:33",14162900
19.45,-0.55,1800,"bu","13:12:30",14161100
19.45,-0.55,100,"bu","13:12:29",14159300
19.45,-0.55,1800,"sd","13:12:24",14159200
19.45,-0.55,1600,"sd","13:12:23",14157400
19.45,-0.55,100,"sd","13:12:21",14155800
19.45,-0.55,1300,"sd","13:12:21",14155700
19.45,-0.55,13600,"sd","13:12:20",14154400
19.45,-0.55,700,"sd","13:12:19",14140800
19.45,-0.55,500,"sd","13:12:13",14140100
19.45,-0.55,5900,"sd","13:12:12",14139600
19.45,-0.55,200,"sd","13:12:11",14133700
19.45,-0.55,300,"sd","13:12:04",14133500
19.45,-0.55,200,"sd","13:12:03",14133200
19.45,-0.55,400,"bu","13:11:59",14133000
19.45,-0.55,1400,"bu","13:11:58",14132600
19.45,-0.55,5800,"bu","13:11:58",14131200
19.45,-0.55,500,"bu","13:11:57",14125400
19.45,-0.55,500,"bu","13:11:56",14124900
19.45,-0.55,3000,"bu","13:11:55",14124400
19.45,-0.55,100,"bu","13:11:52",14121400
19.45,-0.55,1900,"bu","13:11:51",14121300
19.45,-0.55,2500,"bu","13:11:51",14119400
19.45,-0.55,100,"bu","13:11:50",14116900
19.45,-0.55,700,"bu","13:11:49",14116800
19.45,-0.55,4800,"sd","13:11:49",14116100
19.45,-0.55,4400,"bu","13:11:48",14111300
19.45,-0.55,100,"bu","13:11:48",14106900
19.45,-0.55,200,"bu","13:11:47",14106800
19.45,-0.55,2000,"bu","13:11:45",14106600
19.45,-0.55,10000,"bu","13:11:45",14104600
19.45,-0.55,1000,"bu","13:11:43",14094600
19.45,-0.55,500,"bu","13:11:36",14093600
19.45,-0.55,300,"bu","13:11:35",14093100
19.45,-0.55,2000,"bu","13:11:31",14092800
19.45,-0.55,100,"bu","13:11:30",14090800
19.45,-0.55,300,"bu","13:11:29",14090700
19.45,-0.55,200,"bu","13:11:28",14090400
19.45,-0.55,1000,"bu","13:11:27",14090200
19.45,-0.55,200,"bu","13:11:25",14089200
19.45,-0.55,9400,"bu","13:11:23",14089000
19.45,-0.55,3000,"bu","13:11:22",14079600
19.45,-0.55,800,"bu","13:11:21",14076600
19.45,-0.55,5000,"bu","13:11:20",14075800
19.45,-0.55,1100,"bu","13:11:18",14070800
19.45,-0.55,2800,"bu","13:11:16",14069700
19.45,-0.55,300,"bu","13:11:15",14066900
19.45,-0.55,6400,"bu","13:11:09",14066600
19.45,-0.55,11000,"bu","13:11:08",14060200
19.45,-0.55,100,"bu","13:11:07",14049200
19.45,-0.55,500,"bu","13:11:02",14049100
19.45,-0.55,2000,"bu","13:11:01",14048600
19.45,-0.55,500,"bu","13:11:00",14046600
19.45,-0.55,100,"bu","13:10:59",14046100
19.45,-0.55,100,"bu","13:10:58",14046000
19.45,-0.55,1100,"bu","13:10:58",14045900
19.45,-0.55,3000,"bu","13:10:56",14044800
19.45,-0.55,300,"bu","13:10:54",14041800
19.4,-0.6,1000,"sd","13:10:48",14041500
19.45,-0.55,300,"bu","13:10:46",14040500
19.4,-0.6,200,"sd","13:10:43",14040200
19.45,-0.55,100,"bu","13:10:42",14040000
19.4,-0.6,200,"sd","13:10:41",14039900
19.45,-0.55,100,"bu","13:10:40",14039700
19.45,-0.55,500,"bu","13:10:37",14039600
19.45,-0.55,100,"bu","13:10:36",14039100
19.4,-0.6,1000,"sd","13:10:29",14039000
19.4,-0.6,5000,"sd","13:10:27",14038000
19.4,-0.6,100,"sd","13:10:24",14033000
19.4,-0.6,3000,"sd","13:10:21",14032900
19.4,-0.6,1000,"sd","13:10:20",14029900
19.4,-0.6,400,"sd","13:10:15",14028900
19.4,-0.6,500,"sd","13:10:14",14028500
19.4,-0.6,400,"sd","13:10:04",14028000
19.4,-0.6,500,"sd","13:10:00",14027600
19.4,-0.6,400,"sd","13:09:59",14027100
19.4,-0.6,200,"sd","13:09:55",14026700
19.4,-0.6,15200,"bu","13:09:54",14026500
19.4,-0.6,100,"bu","13:09:53",14011300
19.4,-0.6,400,"bu","13:09:52",14011200
19.4,-0.6,200,"bu","13:09:51",14010800
19.4,-0.6,100,"bu","13:09:50",14010600
19.4,-0.6,500,"bu","13:09:50",14010500
19.4,-0.6,200,"bu","13:09:49",14010000
19.4,-0.6,200,"bu","13:09:48",14009800
19.4,-0.6,300,"bu","13:09:47",14009600
19.4,-0.6,1100,"bu","13:09:44",14009300
19.4,-0.6,1000,"bu","13:09:43",14008200
19.4,-0.6,100,"bu","13:09:42",14007200
19.4,-0.6,3000,"bu","13:09:42",14007100
19.4,-0.6,500,"bu","13:09:41",14004100
19.4,-0.6,300,"bu","13:09:40",14003600
19.4,-0.6,100,"bu","13:09:39",14003300
19.4,-0.6,100,"bu","13:09:39",14003200
19.4,-0.6,500,"bu","13:09:38",14003100
19.4,-0.6,200,"bu","13:09:37",14002600
19.4,-0.6,500,"bu","13:09:36",14002400
19.4,-0.6,100,"bu","13:09:35",14001900
19.4,-0.6,600,"bu","13:09:32",14001800
19.4,-0.6,2000,"bu","13:09:30",14001200
19.4,-0.6,158200,"sd","13:09:27",13999200
19.4,-0.6,100,"sd","13:09:25",13841000
19.4,-0.6,4000,"sd","13:09:24",13840900
19.4,-0.6,1700,"sd","13:09:21",13836900
19.4,-0.6,1000,"sd","13:09:20",13835200
19.45,-0.55,500,"bu","13:09:18",13834200
19.4,-0.6,2000,"sd","13:09:12",13833700
19.4,-0.6,500,"sd","13:09:11",13831700
19.4,-0.6,300,"bu","13:09:08",13831200
19.35,-0.65,1400,"sd","13:09:07",13830900
19.4,-0.6,3600,"sd","13:09:07",13829500
19.4,-0.6,2700,"bu","13:09:06",13825900
19.4,-0.6,800,"bu","13:09:05",13823200
19.4,-0.6,200,"bu","13:09:04",13822400
19.4,-0.6,500,"bu","13:09:04",13822200
19.4,-0.6,1800,"sd","13:09:03",13821700
19.4,-0.6,8500,"bu","13:09:01",13819900
19.4,-0.6,700,"bu","13:09:00",13811400
19.4,-0.6,1000,"bu","13:09:00",13810700
19.4,-0.6,300,"bu","13:08:59",13809700
19.4,-0.6,6000,"bu","13:08:57",13809400
19.4,-0.6,100,"bu","13:08:57",13803400
19.4,-0.6,500,"bu","13:08:55",13803300
19.4,-0.6,100,"bu","13:08:54",13802800
19.4,-0.6,600,"bu","13:08:53",13802700
19.4,-0.6,2000,"bu","13:08:52",13802100
19.4,-0.6,100,"bu","13:08:52",13800100
19.4,-0.6,600,"bu","13:08:50",13800000
19.4,-0.6,100,"bu","13:08:50",13799400
19.4,-0.6,3700,"bu","13:08:49",13799300
19.4,-0.6,100,"bu","13:08:48",13795600
19.4,-0.6,400,"bu","13:08:47",13795500
19.4,-0.6,1200,"bu","13:08:45",13795100
19.4,-0.6,10300,"bu","13:08:44",13793900
19.4,-0.6,1400,"bu","13:08:43",13783600
19.4,-0.6,100,"bu","13:08:42",13782200
19.4,-0.6,3500,"bu","13:08:42",13782100
19.4,-0.6,11400,"bu","13:08:41",13778600
19.4,-0.6,3200,"bu","13:08:41",13767200
19.4,-0.6,13200,"bu","13:08:39",13764000
19.4,-0.6,1200,"bu","13:08:37",13750800
19.4,-0.6,2000,"bu","13:08:35",13749600
19.4,-0.6,100,"bu","13:08:34",13747600
19.35,-0.65,900,"sd","13:08:34",13747500
19.4,-0.6,10500,"bu","13:08:32",13746600
19.4,-0.6,5300,"bu","13:08:31",13736100
19.4,-0.6,200,"bu","13:08:28",13730800
19.4,-0.6,5000,"bu","13:08:26",13730600
19.4,-0.6,1000,"bu","13:08:25",13725600
19.4,-0.6,10100,"bu","13:08:24",13724600
19.4,-0.6,200,"bu","13:08:23",13714500
19.4,-0.6,40200,"sd","13:08:21",13714300
19.4,-0.6,300,"sd","13:08:19",13674100
19.4,-0.6,500,"sd","13:08:17",13673800
19.4,-0.6,100,"sd","13:08:16",13673300
19.4,-0.6,3000,"sd","13:08:16",13673200
19.4,-0.6,600,"sd","13:08:14",13670200
19.4,-0.6,600,"sd","13:08:13",13665600
19.4,-0.6,1500,"sd","13:08:12",13665000
19.4,-0.6,5500,"bu","13:08:10",13663500
19.4,-0.6,56200,"bu","13:08:10",13658000
19.35,-0.65,3000,"sd","13:08:07",13601800
19.4,-0.6,100,"bu","13:08:06",13598800
19.35,-0.65,1600,"sd","13:08:05",13598700
19.35,-0.65,18400,"sd","13:08:04",13597100
19.4,-0.6,1300,"bu","13:08:03",13578700
19.4,-0.6,2000,"bu","13:08:00",13577400
19.35,-0.65,200,"sd","13:07:59",13575400
19.4,-0.6,700,"bu","13:07:59",13575200
19.4,-0.6,600,"bu","13:07:58",13574500
19.35,-0.65,2500,"sd","13:07:58",13573900
19.35,-0.65,2500,"sd","13:07:57",13571400
19.4,-0.6,6200,"bu","13:07:54",13568900
19.4,-0.6,1000,"bu","13:07:52",13562700
19.4,-0.6,500,"bu","13:07:50",13561700
19.4,-0.6,100,"bu","13:07:50",13561200
19.4,-0.6,200,"bu","13:07:49",13561100
19.4,-0.6,2100,"bu","13:07:46",13560900
19.4,-0.6,1000,"bu","13:07:45",13558800
19.4,-0.6,6000,"bu","13:07:44",13557800
19.35,-0.65,200,"sd","13:07:42",13551800
19.4,-0.6,100,"bu","13:07:41",13551600
19.4,-0.6,6000,"bu","13:07:41",13551500
19.4,-0.6,600,"bu","13:07:38",13545500
19.4,-0.6,5100,"bu","13:07:33",13544900
19.35,-0.65,3000,"sd","13:07:32",13539800
19.35,-0.65,100,"sd","13:07:32",13536800
19.35,-0.65,18900,"sd","13:07:31",13536700
19.4,-0.6,9900,"sd","13:07:31",13517800
19.4,-0.6,2500,"sd","13:07:30",13507900
19.4,-0.6,500,"sd","13:07:28",13505400
19.4,-0.6,5400,"sd","13:07:27",13504900
19.4,-0.6,39600,"sd","13:07:26",13499500
19.4,-0.6,7700,"sd","13:07:26",13459900
19.4,-0.6,2500,"sd","13:07:25",13452200
19.4,-0.6,1500,"sd","13:07:25",13449700
19.4,-0.6,1500,"sd","13:07:24",13448200
19.4,-0.6,25300,"sd","13:07:22",13446700
19.4,-0.6,100,"sd","13:07:22",13421400
19.4,-0.6,30000,"sd","13:07:20",13421300
19.4,-0.6,3000,"sd","13:07:19",13391300
19.4,-0.6,25000,"sd","13:07:18",13388300
19.4,-0.6,4500,"sd","13:07:18",13363300
19.4,-0.6,10000,"sd","13:07:17",13358800
19.45,-0.55,100,"bu","13:07:17",13348800
19.4,-0.6,2000,"sd","13:07:16",13348700
19.4,-0.6,5000,"sd","13:07:15",13346700
19.4,-0.6,1400,"sd","13:07:15",13341700
19.4,-0.6,1100,"sd","13:07:14",13340300
19.45,-0.55,2000,"bu","13:07:14",13339200
19.4,-0.6,700,"sd","13:07:13",13337200
19.4,-0.6,3500,"sd","13:07:12",13336500
19.4,-0.6,1000,"sd","13:07:10",13333000
19.45,-0.55,500,"bu","13:07:10",13332000
19.4,-0.6,2000,"sd","13:07:10",13331500
19.4,-0.6,900,"sd","13:07:09",13329500
