"price","change","match_qtty","side","time","total_vol"
27.5,-0.2,1284100,"","14:45:01",17845400
27.55,-0.15,1000,"sd","14:29:52",16561300
27.55,-0.15,400,"sd","14:29:44",16560300
27.55,-0.15,3500,"sd","14:29:43",16559900
27.55,-0.15,800,"sd","14:29:32",16556400
27.6,-0.1,1000,"bu","14:29:31",16555600
27.55,-0.15,1000,"sd","14:29:28",16554600
27.55,-0.15,200,"sd","14:29:27",16553600
27.55,-0.15,4100,"bu","14:29:21",16553400
27.55,-0.15,50000,"bu","14:29:19",16549300
27.55,-0.15,1000,"bu","14:29:16",16499300
27.55,-0.15,5300,"bu","14:29:15",16498300
27.55,-0.15,5000,"bu","14:29:12",16493000
27.5,-0.2,500,"sd","14:29:11",16488000
27.5,-0.2,100,"sd","14:29:06",16487500
27.5,-0.2,500,"sd","14:29:01",16487400
27.55,-0.15,5400,"bu","14:29:01",16486900
27.5,-0.2,100,"sd","14:28:54",16481500
27.55,-0.15,400,"bu","14:28:49",16481400
27.5,-0.2,16500,"sd","14:28:49",16481000
27.55,-0.15,1000,"bu","14:28:41",16464500
27.55,-0.15,54900,"bu","14:28:38",16463500
27.55,-0.15,500,"bu","14:28:37",16408600
27.55,-0.15,100,"bu","14:28:35",16408100
27.55,-0.15,100,"bu","14:28:31",16408000
27.55,-0.15,2100,"bu","14:28:30",16407900
27.55,-0.15,1000,"bu","14:28:29",16405800
27.55,-0.15,1000,"bu","14:28:28",16404800
27.55,-0.15,5500,"bu","14:28:27",16403800
27.55,-0.15,500,"bu","14:28:26",16398300
27.55,-0.15,1000,"bu","14:28:25",16397800
27.55,-0.15,49000,"bu","14:28:23",16396800
27.55,-0.15,4500,"bu","14:28:13",16347800
27.55,-0.15,300,"bu","14:28:12",16343300
27.55,-0.15,500,"bu","14:28:07",16343000
27.55,-0.15,500,"bu","14:28:03",16342500
27.55,-0.15,600,"bu","14:28:01",16342000
27.55,-0.15,300,"bu","14:27:54",16341400
27.55,-0.15,10000,"bu","14:27:53",16341100
27.55,-0.15,2000,"bu","14:27:52",16331100
27.55,-0.15,200,"bu","14:27:51",16329100
27.5,-0.2,700,"sd","14:27:50",16328900
27.55,-0.15,1500,"bu","14:27:48",16328200
27.55,-0.15,2000,"bu","14:27:46",16326700
27.55,-0.15,200,"bu","14:27:45",16324700
27.55,-0.15,4800,"bu","14:27:42",16324500
27.55,-0.15,10000,"bu","14:27:37",16319700
27.55,-0.15,500,"bu","14:27:35",16309700
27.55,-0.15,10000,"bu","14:27:34",16309200
27.55,-0.15,4000,"bu","14:27:28",16299200
27.55,-0.15,500,"bu","14:27:21",16295200
27.55,-0.15,2000,"bu","14:27:17",16294700
27.55,-0.15,2000,"bu","14:27:11",16292700
27.55,-0.15,900,"bu","14:27:10",16290700
27.55,-0.15,10000,"bu","14:27:08",16289800
27.55,-0.15,2000,"bu","14:27:06",16279800
27.55,-0.15,1000,"bu","14:27:05",16277800
27.55,-0.15,100,"bu","14:27:04",16276800
27.55,-0.15,2300,"bu","14:27:03",16276700
27.55,-0.15,1000,"bu","14:26:53",16274400
27.55,-0.15,200,"bu","14:26:51",16273400
27.55,-0.15,17500,"sd","14:26:37",16273200
27.55,-0.15,1700,"bu","14:26:26",16255700
27.55,-0.15,1000,"bu","14:26:21",16254000
27.55,-0.15,200,"bu","14:26:19",16253000
27.55,-0.15,100,"bu","14:26:15",16252800
27.55,-0.15,500,"bu","14:26:13",16252700
27.55,-0.15,100,"bu","14:26:13",16252200
27.55,-0.15,100,"bu","14:26:08",16252100
27.55,-0.15,400,"sd","14:26:06",16252000
27.55,-0.15,1000,"sd","14:26:04",16251600
27.55,-0.15,1500,"sd","14:26:01",16250600
27.55,-0.15,11500,"sd","14:25:59",16249100
27.55,-0.15,100,"sd","14:25:49",16237600
27.6,-0.1,1100,"bu","14:25:48",16237500
27.55,-0.15,1000,"sd","14:25:43",16236400
27.55,-0.15,4500,"sd","14:25:41",16235400
27.55,-0.15,500,"sd","14:25:38",16230900
27.55,-0.15,3500,"sd","14:25:32",16230400
27.55,-0.15,5000,"sd","14:25:28",16226900
27.55,-0.15,1000,"sd","14:25:27",16221900
27.6,-0.1,100,"bu","14:25:23",16220900
27.55,-0.15,400,"sd","14:25:18",16220800
27.55,-0.15,100,"sd","14:25:15",16220400
27.55,-0.15,1000,"sd","14:25:14",16220300
27.55,-0.15,3400,"sd","14:25:05",16219300
27.55,-0.15,200,"sd","14:25:03",16215900
27.6,-0.1,4000,"bu","14:25:03",16215700
27.55,-0.15,100,"sd","14:24:51",16211700
27.55,-0.15,500,"sd","14:24:49",16211600
27.55,-0.15,2700,"sd","14:24:47",16211100
27.55,-0.15,13400,"bu","14:24:44",16208400
27.55,-0.15,10000,"bu","14:24:43",16195000
27.5,-0.2,1100,"sd","14:24:43",16185000
27.55,-0.15,300,"bu","14:24:42",16183900
27.55,-0.15,200,"bu","14:24:39",16183600
27.55,-0.15,500,"bu","14:24:34",16183400
27.55,-0.15,300,"bu","14:24:31",16182900
27.55,-0.15,3000,"bu","14:24:30",16182600
27.55,-0.15,2000,"bu","14:24:27",16174600
27.55,-0.15,10000,"bu","14:24:25",16172600
27.55,-0.15,1000,"bu","14:24:24",16162600
27.55,-0.15,1000,"bu","14:24:15",16161500
27.55,-0.15,25200,"sd","14:24:12",16160500
27.6,-0.1,400,"bu","14:24:10",16135300
27.55,-0.15,500,"sd","14:24:08",16134900
27.6,-0.1,5300,"bu","14:23:55",16134400
27.55,-0.15,5000,"sd","14:23:55",16129100
27.6,-0.1,5300,"bu","14:23:42",16124100
27.6,-0.1,10000,"bu","14:23:41",16118800
27.55,-0.15,1000,"sd","14:23:41",16108800
27.6,-0.1,100,"bu","14:23:30",16107800
27.6,-0.1,3000,"bu","14:23:16",16107700
27.55,-0.15,900,"sd","14:23:16",16104700
27.6,-0.1,5300,"bu","14:23:14",16103800
27.6,-0.1,100,"bu","14:23:04",16098500
27.55,-0.15,2000,"sd","14:23:02",16098400
27.55,-0.15,5700,"bu","14:22:45",16096400
27.55,-0.15,5000,"bu","14:22:38",16090700
27.55,-0.15,25500,"sd","14:22:33",16085700
27.55,-0.15,4200,"sd","14:22:26",16060200
27.55,-0.15,1000,"sd","14:22:20",16056000
27.55,-0.15,200,"sd","14:22:19",16055000
27.55,-0.15,300,"sd","14:22:12",16054800
27.55,-0.15,4900,"bu","14:22:11",16054500
27.55,-0.15,100,"bu","14:22:05",16049600
27.55,-0.15,100,"sd","14:22:04",16049500
27.55,-0.15,1000,"sd","14:21:59",16049400
27.55,-0.15,200,"sd","14:21:57",16048400
27.55,-0.15,5000,"sd","14:21:55",16048200
27.55,-0.15,100,"sd","14:21:53",16043200
27.55,-0.15,1000,"sd","14:21:47",16043100
27.55,-0.15,11800,"bu","14:21:44",16042100
27.55,-0.15,9000,"bu","14:21:43",16030300
27.55,-0.15,1000,"bu","14:21:40",16021300
27.55,-0.15,1000,"bu","14:21:37",16020300
27.55,-0.15,800,"bu","14:21:30",16019300
27.55,-0.15,100,"bu","14:21:22",16018500
27.55,-0.15,4800,"bu","14:21:18",16018400
27.55,-0.15,44400,"bu","14:21:04",16013600
27.55,-0.15,500,"bu","14:20:49",15969200
27.5,-0.2,1000,"sd","14:20:46",15968700
27.5,-0.2,1000,"sd","14:20:37",15967700
27.55,-0.15,2000,"bu","14:20:36",15966700
27.55,-0.15,500,"bu","14:20:26",15964700
27.55,-0.15,1000,"bu","14:20:23",15964200
27.55,-0.15,1100,"sd","14:20:19",15963200
27.55,-0.15,23000,"sd","14:20:14",15962100
27.55,-0.15,2000,"sd","14:20:12",15939100
27.55,-0.15,100,"sd","14:20:07",15937100
27.55,-0.15,100,"sd","14:20:06",15937000
27.55,-0.15,500,"sd","14:20:05",15936900
27.55,-0.15,2000,"sd","14:19:57",15936400
27.6,-0.1,100,"bu","14:19:55",15934400
27.55,-0.15,500,"sd","14:19:35",15932300
27.55,-0.15,1000,"sd","14:19:24",15931800
27.55,-0.15,2700,"sd","14:19:21",15930800
27.55,-0.15,2000,"sd","14:19:09",15928100
27.55,-0.15,700,"sd","14:19:07",15926100
27.6,-0.1,1000,"bu","14:19:01",15925400
27.55,-0.15,100,"sd","14:19:00",15924400
27.6,-0.1,4000,"bu","14:18:56",15924300
27.55,-0.15,3000,"sd","14:18:52",15920300
27.55,-0.15,2200,"sd","14:18:46",15917300
27.55,-0.15,500,"sd","14:18:37",15915100
27.55,-0.15,900,"sd","14:18:22",15914600
27.55,-0.15,800,"bu","14:18:17",15913700
27.5,-0.2,500,"sd","14:18:16",15912900
27.55,-0.15,2000,"bu","14:18:13",15912400
27.55,-0.15,600,"bu","14:18:09",15910400
27.55,-0.15,12000,"bu","14:18:07",15909800
27.55,-0.15,1000,"bu","14:18:03",15897800
27.55,-0.15,100,"bu","14:17:58",15896800
27.55,-0.15,200,"bu","14:17:57",15896700
27.55,-0.15,10000,"bu","14:17:54",15896500
27.55,-0.15,2000,"bu","14:17:34",15886500
27.5,-0.2,100,"sd","14:17:27",15884500
27.55,-0.15,500,"bu","14:17:24",15884400
27.55,-0.15,100,"bu","14:17:24",15883900
27.5,-0.2,18200,"sd","14:16:50",15883800
27.55,-0.15,21800,"sd","14:16:50",15865600
27.55,-0.15,38000,"sd","14:16:46",15843800
27.55,-0.15,2900,"sd","14:16:43",15805800
27.55,-0.15,40000,"sd","14:16:35",15802900
27.6,-0.1,100,"bu","14:16:25",15762900
27.6,-0.1,300,"sd","14:16:25",15762800
27.6,-0.1,1000,"sd","14:16:23",15762500
27.65,-0.05,1000,"bu","14:16:22",15761500
27.6,-0.1,6400,"sd","14:16:22",15760500
27.6,-0.1,20000,"sd","14:16:20",15754100
27.6,-0.1,10000,"sd","14:16:19",15734100
27.6,-0.1,100,"sd","14:16:15",15724100
27.6,-0.1,1700,"sd","14:15:55",15724000
27.6,-0.1,400,"sd","14:15:36",15722300
27.6,-0.1,15800,"bu","14:15:34",15721900
27.6,-0.1,100,"bu","14:15:31",15706100
27.55,-0.15,100,"sd","14:15:29",15706000
27.55,-0.15,1900,"sd","14:15:26",15705900
27.55,-0.15,100,"sd","14:15:25",15704000
27.6,-0.1,2000,"bu","14:15:24",15703900
27.55,-0.15,500,"sd","14:15:22",15701900
27.55,-0.15,100,"sd","14:15:15",15701400
27.6,-0.1,3800,"sd","14:15:13",15701300
27.6,-0.1,700,"sd","14:15:12",15697500
27.6,-0.1,4100,"sd","14:15:11",15696800
27.6,-0.1,100000,"sd","14:15:09",15692700
27.6,-0.1,200,"sd","14:15:09",15592700
27.6,-0.1,60800,"sd","14:15:06",15592500
27.6,-0.1,1200,"sd","14:15:05",15531700
27.6,-0.1,20000,"sd","14:15:00",15530500
27.6,-0.1,100,"sd","14:14:56",15510500
27.6,-0.1,700,"sd","14:14:49",15510400
27.6,-0.1,1600,"sd","14:14:40",15509700
27.6,-0.1,1300,"sd","14:14:28",15508100
27.6,-0.1,800,"sd","14:14:22",15506800
27.65,-0.05,1900,"bu","14:14:17",15506000
27.65,-0.05,8900,"bu","14:14:16",15504100
27.6,-0.1,1800,"sd","14:14:13",15495200
27.6,-0.1,700,"sd","14:14:11",15493400
27.65,-0.05,300,"bu","14:14:10",15492700
27.6,-0.1,5000,"sd","14:14:03",15492400
27.65,-0.05,20000,"bu","14:13:54",15487400
27.6,-0.1,1900,"sd","14:13:53",15467400
27.6,-0.1,500,"sd","14:13:52",15465500
27.65,-0.05,1000,"bu","14:13:46",15465000
27.65,-0.05,1600,"bu","14:13:39",15464000
27.6,-0.1,1300,"sd","14:13:32",15462400
27.65,-0.05,100,"bu","14:13:25",15461100
27.6,-0.1,4100,"sd","14:13:20",15461000
27.65,-0.05,100,"bu","14:13:10",15456900
27.65,-0.05,3000,"bu","14:13:06",15456800
27.65,-0.05,100,"bu","14:13:04",15453800
27.65,-0.05,100,"bu","14:13:02",15453700
27.65,-0.05,1000,"bu","14:13:02",15453600
27.65,-0.05,70800,"sd","14:13:01",15452600
27.65,-0.05,500,"sd","14:13:00",15381800
27.65,-0.05,5000,"sd","14:12:54",15381300
27.65,-0.05,5000,"sd","14:12:52",15376300
27.65,-0.05,100,"sd","14:12:48",15371300
27.65,-0.05,7000,"sd","14:12:44",15371200
27.65,-0.05,500,"sd","14:12:43",15364200
27.7,0,500,"bu","14:12:37",15363700
27.7,0,100,"bu","14:12:36",15363200
27.65,-0.05,2700,"sd","14:12:32",15363100
27.65,-0.05,100,"sd","14:12:30",15360400
27.7,0,200,"bu","14:12:23",15360300
27.65,-0.05,2000,"sd","14:12:21",15360100
27.65,-0.05,10000,"sd","14:12:07",15358100
27.7,0,100,"bu","14:12:06",15348100
27.65,-0.05,600,"sd","14:12:00",15348000
27.65,-0.05,100,"sd","14:11:55",15347400
27.65,-0.05,1400,"sd","14:11:51",15347300
27.7,0,2000,"bu","14:11:47",15345900
27.65,-0.05,600,"sd","14:11:45",15343900
27.7,0,4200,"bu","14:11:44",15343300
27.65,-0.05,200,"sd","14:11:41",15339100
27.65,-0.05,500,"bu","14:11:39",15338900
27.65,-0.05,200,"bu","14:11:37",15338400
27.65,-0.05,100,"bu","14:11:35",15338200
27.65,-0.05,3000,"bu","14:11:34",15338100
27.6,-0.1,200,"sd","14:11:34",15335100
27.65,-0.05,600,"bu","14:11:28",15334900
27.65,-0.05,100,"bu","14:11:23",15334300
27.65,-0.05,1200,"bu","14:11:20",15334200
27.65,-0.05,30000,"bu","14:11:18",15333000
27.65,-0.05,8500,"bu","14:11:13",15303000
27.65,-0.05,9000,"bu","14:11:09",15294500
27.65,-0.05,1000,"bu","14:11:07",15285500
27.6,-0.1,100,"sd","14:11:07",15284500
27.65,-0.05,2000,"bu","14:11:05",15284400
27.65,-0.05,10000,"bu","14:11:01",15282400
27.65,-0.05,16000,"bu","14:11:00",15272400
27.65,-0.05,100,"bu","14:10:59",15256400
27.65,-0.05,33700,"bu","14:10:58",15256300
27.65,-0.05,13000,"bu","14:10:55",15222600
27.6,-0.1,500,"sd","14:10:55",15209600
27.65,-0.05,100,"bu","14:10:54",15209100
27.6,-0.1,1000,"sd","14:10:27",15209000
27.65,-0.05,10600,"bu","14:10:27",15208000
27.65,-0.05,10600,"bu","14:10:18",15197400
27.6,-0.1,2000,"sd","14:10:18",15186800
27.6,-0.1,1800,"sd","14:10:13",15184800
27.6,-0.1,3000,"sd","14:10:10",15183000
27.6,-0.1,22900,"bu","14:10:09",15180000
27.6,-0.1,1000,"bu","14:10:08",15157100
27.55,-0.15,1000,"sd","14:10:03",15156100
27.6,-0.1,100,"bu","14:10:00",15155100
27.6,-0.1,300,"bu","14:09:59",15155000
27.6,-0.1,100,"bu","14:09:58",15154700
27.6,-0.1,30000,"bu","14:09:57",15154600
27.6,-0.1,300,"bu","14:09:54",15124600
27.55,-0.15,1500,"sd","14:09:53",15124300
27.6,-0.1,1000,"bu","14:09:51",15122800
27.6,-0.1,20800,"bu","14:09:49",15121800
27.6,-0.1,50000,"bu","14:09:47",15101000
27.6,-0.1,700,"bu","14:09:46",15051000
27.6,-0.1,1000,"bu","14:09:45",15050300
27.6,-0.1,200,"bu","14:09:36",15049300
27.55,-0.15,4800,"sd","14:09:35",15049100
27.6,-0.1,100,"bu","14:09:30",15044300
27.6,-0.1,100,"bu","14:09:26",15044200
27.6,-0.1,500,"bu","14:09:24",15044100
27.6,-0.1,300,"bu","14:09:23",15043600
27.55,-0.15,2000,"sd","14:09:22",15043300
27.6,-0.1,4000,"bu","14:09:17",15041300
27.6,-0.1,100,"bu","14:09:15",15037300
27.6,-0.1,500,"bu","14:09:14",15037200
27.6,-0.1,900,"bu","14:09:12",15036700
27.6,-0.1,200,"bu","14:09:09",15035800
27.6,-0.1,100,"bu","14:09:06",15035600
27.6,-0.1,10000,"bu","14:08:57",15035500
27.6,-0.1,500,"bu","14:08:53",15025500
27.55,-0.15,2000,"sd","14:08:43",15025000
27.6,-0.1,200,"bu","14:08:43",15023000
27.6,-0.1,1000,"bu","14:08:41",15022800
27.6,-0.1,200,"bu","14:08:34",15021800
27.6,-0.1,1000,"bu","14:08:31",15021600
27.55,-0.15,2300,"sd","14:08:21",15020600
27.6,-0.1,100,"bu","14:08:11",15018300
27.6,-0.1,10000,"bu","14:08:02",15018200
27.55,-0.15,4600,"sd","14:07:56",15008200
27.55,-0.15,100,"sd","14:07:48",15003600
27.6,-0.1,9700,"bu","14:07:47",15003500
27.55,-0.15,200,"sd","14:07:38",14993800
27.6,-0.1,5000,"bu","14:07:36",14993600
27.6,-0.1,100,"bu","14:07:25",14988600
27.55,-0.15,7000,"sd","14:07:07",14988500
27.55,-0.15,4000,"sd","14:07:05",14981500
27.6,-0.1,600,"bu","14:07:00",14977500
27.6,-0.1,500,"bu","14:06:28",14976900
27.6,-0.1,100,"bu","14:06:22",14976400
27.55,-0.15,1100,"sd","14:06:22",14976300
27.55,-0.15,6200,"sd","14:06:21",14975200
27.6,-0.1,200,"bu","14:06:09",14969000
27.6,-0.1,15000,"bu","14:06:09",14968800
27.6,-0.1,200,"bu","14:06:07",14953800
27.6,-0.1,100,"bu","14:05:56",14953600
27.6,-0.1,1000,"bu","14:05:54",14953500
27.6,-0.1,1000,"bu","14:05:52",14952500
27.6,-0.1,100,"bu","14:05:47",14951500
27.6,-0.1,300,"bu","14:05:43",14951400
27.55,-0.15,500,"sd","14:05:38",14951100
27.6,-0.1,200,"bu","14:05:22",14950600
27.55,-0.15,1400,"sd","14:05:01",14950400
27.55,-0.15,2600,"sd","14:04:59",14949000
27.6,-0.1,20000,"bu","14:04:48",14946400
27.55,-0.15,3300,"sd","14:04:30",14926400
27.55,-0.15,10000,"sd","14:04:27",14923100
27.55,-0.15,4100,"sd","14:04:17",14913100
27.55,-0.15,10000,"sd","14:04:11",14909000
27.55,-0.15,5000,"sd","14:03:55",14899000
27.6,-0.1,3400,"bu","14:03:48",14894000
27.55,-0.15,400,"sd","14:03:42",14890600
27.6,-0.1,69000,"bu","14:03:39",14890200
27.6,-0.1,500,"bu","14:03:36",14821200
27.55,-0.15,11300,"sd","14:03:30",14820700
27.55,-0.15,500,"sd","14:03:24",14809400
27.55,-0.15,1400,"sd","14:03:16",14808900
27.55,-0.15,100,"sd","14:03:15",14807500
27.6,-0.1,1000,"bu","14:03:15",14807400
27.55,-0.15,2000,"sd","14:03:09",14806400
27.6,-0.1,100,"bu","14:03:04",14804400
27.55,-0.15,100,"sd","14:03:01",14804300
27.55,-0.15,1100,"sd","14:03:00",14804200
27.55,-0.15,1000,"sd","14:02:54",14803100
27.55,-0.15,1700,"sd","14:02:47",14802100
27.55,-0.15,300,"bu","14:02:45",14800400
27.55,-0.15,200,"bu","14:02:38",14800100
27.5,-0.2,1700,"sd","14:02:28",14799900
27.55,-0.15,1000,"bu","14:02:25",14798200
27.55,-0.15,200,"bu","14:02:21",14797200
27.55,-0.15,1800,"bu","14:02:18",14797000
27.55,-0.15,3000,"bu","14:02:08",14795200
27.55,-0.15,30000,"bu","14:02:05",14792200
27.5,-0.2,1100,"sd","14:02:01",14762200
27.55,-0.15,300,"bu","14:01:59",14761100
27.55,-0.15,100,"bu","14:01:58",14760800
27.55,-0.15,1200,"bu","14:01:56",14760700
27.55,-0.15,500,"bu","14:01:52",14759500
27.5,-0.2,1000,"sd","14:01:50",14759000
27.5,-0.2,35000,"sd","14:01:48",14758000
27.55,-0.15,5000,"bu","14:01:48",14723000
27.5,-0.2,3800,"sd","14:01:38",14718000
27.55,-0.15,100,"bu","14:01:27",14714200
27.5,-0.2,10000,"sd","14:01:23",14714100
27.55,-0.15,3000,"bu","14:01:18",14704100
27.55,-0.15,14800,"sd","14:01:15",14701100
27.55,-0.15,1000,"sd","14:01:11",14686300
27.55,-0.15,7200,"bu","14:01:08",14685300
27.5,-0.2,400,"sd","14:01:07",14678100
27.55,-0.15,5000,"bu","14:01:05",14677700
27.55,-0.15,1000,"bu","14:01:01",14672700
27.55,-0.15,100,"bu","14:00:58",14671700
27.55,-0.15,28700,"bu","14:00:57",14671600
27.5,-0.2,4300,"sd","14:00:55",14642900
27.55,-0.15,100,"bu","14:00:55",14638600
27.55,-0.15,1000,"bu","14:00:38",14638500
27.55,-0.15,10600,"bu","14:00:32",14637500
27.5,-0.2,5800,"sd","14:00:32",14626900
27.55,-0.15,400,"bu","14:00:13",14621100
27.55,-0.15,100,"bu","14:00:07",14620700
27.5,-0.2,10100,"sd","14:00:03",14620600
27.55,-0.15,2200,"bu","14:00:02",14610500
27.55,-0.15,100,"bu","14:00:01",14608300
27.5,-0.2,100,"sd","13:59:52",14608200
27.5,-0.2,500,"sd","13:59:31",14608100
27.55,-0.15,2000,"bu","13:59:22",14607600
27.5,-0.2,15000,"sd","13:59:11",14605600
27.55,-0.15,100000,"bu","13:59:07",14590600
27.5,-0.2,3400,"sd","13:59:04",14490600
27.55,-0.15,1000,"bu","13:59:00",14487200
27.55,-0.15,2000,"bu","13:58:58",14486200
27.5,-0.2,100,"sd","13:58:42",14484200
27.5,-0.2,1400,"sd","13:58:27",14484100
27.5,-0.2,2200,"sd","13:58:23",14482700
27.55,-0.15,200,"bu","13:58:22",14480500
27.55,-0.15,1500,"bu","13:58:12",14480300
27.5,-0.2,1700,"sd","13:58:11",14478800
27.55,-0.15,400,"bu","13:58:09",14477100
27.55,-0.15,1000,"bu","13:58:01",14476700
27.5,-0.2,100,"sd","13:57:58",14475700
27.55,-0.15,10000,"bu","13:57:55",14475600
27.5,-0.2,1600,"sd","13:57:52",14465600
27.5,-0.2,1600,"sd","13:57:34",14464000
27.5,-0.2,1900,"sd","13:57:25",14462400
27.5,-0.2,1500,"sd","13:57:23",14460500
27.5,-0.2,800,"sd","13:57:23",14459000
27.5,-0.2,1800,"sd","13:57:16",14458200
27.5,-0.2,3600,"sd","13:57:15",14456400
27.5,-0.2,100,"sd","13:57:02",14452800
27.5,-0.2,2600,"sd","13:56:56",14452700
27.5,-0.2,1000,"sd","13:56:54",14450100
27.5,-0.2,1000,"sd","13:56:43",14449100
27.5,-0.2,1800,"sd","13:56:28",14448100
27.5,-0.2,15000,"sd","13:56:27",14446300
27.55,-0.15,200,"bu","13:56:24",14431300
27.55,-0.15,200,"bu","13:56:08",14431100
27.5,-0.2,2900,"sd","13:56:07",14430900
27.55,-0.15,100,"bu","13:56:03",14428000
27.55,-0.15,49300,"sd","13:56:02",14427900
27.55,-0.15,5000,"sd","13:55:59",14378600
27.55,-0.15,1000,"sd","13:55:48",14373600
27.55,-0.15,1000,"sd","13:55:44",14372600
27.55,-0.15,300,"sd","13:55:43",14371600
27.55,-0.15,300,"sd","13:55:42",14371300
27.55,-0.15,5000,"sd","13:55:41",14371000
27.55,-0.15,3000,"sd","13:55:36",14366000
27.55,-0.15,5000,"sd","13:55:33",14363000
27.55,-0.15,200,"sd","13:55:25",14358000
27.6,-0.1,1000,"bu","13:55:23",14357800
27.55,-0.15,1000,"sd","13:55:20",14356800
27.55,-0.15,2000,"sd","13:55:17",14355800
27.55,-0.15,700,"sd","13:55:16",14353800
27.55,-0.15,500,"sd","13:55:13",14353100
27.55,-0.15,3400,"sd","13:55:07",14352600
27.55,-0.15,2000,"sd","13:55:00",14349200
27.55,-0.15,50500,"bu","13:54:55",14347200
27.55,-0.15,1000,"bu","13:54:53",14296700
27.55,-0.15,2500,"bu","13:54:52",14295700
27.55,-0.15,5000,"bu","13:54:51",14293200
27.55,-0.15,100,"bu","13:54:51",14288200
27.55,-0.15,200,"bu","13:54:48",14288100
27.5,-0.2,3300,"sd","13:54:38",14287900
27.55,-0.15,2000,"bu","13:54:37",14284600
27.55,-0.15,100,"bu","13:54:33",14282600
27.55,-0.15,100,"bu","13:54:32",14282500
27.5,-0.2,100,"sd","13:54:22",14282400
27.55,-0.15,3000,"bu","13:54:14",14282300
27.55,-0.15,1000,"bu","13:54:11",14279300
27.55,-0.15,300,"bu","13:54:10",14278300
27.55,-0.15,10600,"bu","13:54:09",14278000
27.55,-0.15,300,"bu","13:54:09",14267400
27.5,-0.2,200,"sd","13:54:05",14267100
27.5,-0.2,1800,"sd","13:54:01",14266900
27.55,-0.15,500,"bu","13:54:00",14265100
27.55,-0.15,30000,"bu","13:53:58",14264600
27.55,-0.15,200,"bu","13:53:48",14234600
27.55,-0.15,300,"bu","13:53:47",14234400
27.5,-0.2,4000,"sd","13:53:42",14234100
27.55,-0.15,100,"bu","13:53:38",14230100
27.55,-0.15,500,"bu","13:53:33",14230000
27.55,-0.15,200,"bu","13:53:28",14229500
27.55,-0.15,1000,"bu","13:53:27",14229300
27.55,-0.15,3000,"bu","13:53:17",14228300
27.55,-0.15,1000,"bu","13:53:14",14225300
27.55,-0.15,123300,"sd","13:53:11",14224300
27.6,-0.1,500,"bu","13:53:09",14101000
27.6,-0.1,10000,"bu","13:53:04",14100500
27.6,-0.1,200,"bu","13:52:59",14090500
27.55,-0.15,1800,"sd","13:52:58",14090300
27.6,-0.1,500,"bu","13:52:52",14088500
27.6,-0.1,6700,"bu","13:52:49",14088000
27.6,-0.1,1000,"bu","13:52:45",14081300
27.6,-0.1,100,"bu","13:52:40",14080300
27.6,-0.1,1000,"bu","13:52:39",14080200
27.55,-0.15,4000,"sd","13:52:36",14079200
27.6,-0.1,300,"bu","13:52:32",14075200
27.6,-0.1,3000,"bu","13:52:29",14074900
27.6,-0.1,500,"bu","13:52:26",14071900
27.6,-0.1,2000,"bu","13:52:18",14071400
27.6,-0.1,1100,"bu","13:52:11",14069400
27.55,-0.15,100,"sd","13:52:10",14068300
27.6,-0.1,300,"bu","13:52:02",14068200
27.6,-0.1,2500,"bu","13:51:56",14067900
27.55,-0.15,200,"sd","13:51:54",14065400
27.6,-0.1,2500,"bu","13:51:40",14065200
27.6,-0.1,1000,"bu","13:51:35",14062700
27.55,-0.15,200,"sd","13:51:08",14061700
27.6,-0.1,100,"bu","13:50:59",14061500
27.6,-0.1,200,"bu","13:50:55",14061400
27.55,-0.15,500,"sd","13:50:55",14061200
27.6,-0.1,100,"bu","13:50:53",14060700
27.6,-0.1,500,"bu","13:50:51",14060600
27.6,-0.1,100000,"bu","13:50:46",14060100
27.55,-0.15,900,"sd","13:50:42",13960100
27.55,-0.15,100,"sd","13:50:41",13959200
27.6,-0.1,600,"bu","13:50:40",13959100
27.55,-0.15,100,"sd","13:50:35",13958500
27.55,-0.15,600,"sd","13:50:21",13958400
27.6,-0.1,1000,"bu","13:50:08",13957800
27.55,-0.15,100,"sd","13:50:01",13956800
27.55,-0.15,2000,"sd","13:49:53",13956700
27.55,-0.15,51600,"bu","13:49:45",13954700
27.55,-0.15,58500,"bu","13:49:44",13903100
27.5,-0.2,3300,"sd","13:49:37",13844600
27.5,-0.2,100,"sd","13:49:33",13841300
27.5,-0.2,5000,"sd","13:49:32",13841200
27.5,-0.2,6300,"bu","13:49:32",13836200
27.5,-0.2,10000,"bu","13:49:31",13829900
27.5,-0.2,10000,"bu","13:49:30",13819900
27.5,-0.2,1000,"bu","13:49:30",13809900
27.5,-0.2,5300,"bu","13:49:27",13808900
27.5,-0.2,100,"bu","13:49:25",13803600
27.5,-0.2,5300,"bu","13:49:21",13803500
27.5,-0.2,5300,"bu","13:49:14",13798200
27.5,-0.2,5300,"bu","13:49:04",13792900
27.5,-0.2,500,"bu","13:49:02",13787600
27.45,-0.25,1100,"sd","13:49:01",13787100
27.45,-0.25,200,"sd","13:48:59",13786000
27.5,-0.2,11000,"bu","13:48:57",13785800
27.5,-0.2,5300,"bu","13:48:53",13774800
27.45,-0.25,33500,"bu","13:48:49",13769500
27.4,-0.3,3300,"sd","13:48:49",13736000
27.45,-0.25,600,"bu","13:48:48",13732700
27.45,-0.25,500,"bu","13:48:44",13732100
27.4,-0.3,3000,"sd","13:48:22",13731600
27.4,-0.3,100,"sd","13:48:19",13728600
27.4,-0.3,400,"sd","13:48:17",13728500
27.45,-0.25,200,"bu","13:48:15",13728100
27.45,-0.25,1500,"bu","13:48:12",13727900
27.4,-0.3,3200,"sd","13:48:12",13726400
27.4,-0.3,5000,"sd","13:48:08",13723200
27.45,-0.25,500,"bu","13:48:08",13718200
27.4,-0.3,400,"sd","13:48:06",13717700
27.45,-0.25,100,"bu","13:48:01",13717300
27.45,-0.25,100,"bu","13:47:59",13717200
27.45,-0.25,5300,"bu","13:47:58",13717100
27.45,-0.25,500,"bu","13:47:48",13711800
27.45,-0.25,500,"sd","13:47:41",13711300
27.4,-0.3,2400,"sd","13:47:37",13710800
27.45,-0.25,900,"sd","13:47:37",13708400
27.5,-0.2,1000,"bu","13:47:30",13707500
27.45,-0.25,100,"sd","13:47:29",13706500
27.45,-0.25,5500,"sd","13:47:27",13706400
27.45,-0.25,2000,"sd","13:47:22",13700900
27.45,-0.25,5000,"sd","13:47:15",13698900
27.45,-0.25,6800,"bu","13:47:13",13693900
27.4,-0.3,300,"sd","13:47:00",13687100
27.45,-0.25,1600,"sd","13:47:00",13686800
27.45,-0.25,2000,"sd","13:46:58",13685200
27.45,-0.25,1000,"sd","13:46:56",13683200
27.45,-0.25,4500,"sd","13:46:38",13682200
27.45,-0.25,2000,"sd","13:46:35",13677700
27.45,-0.25,1300,"sd","13:46:33",13675700
27.45,-0.25,16100,"sd","13:46:19",13674400
27.45,-0.25,15300,"sd","13:46:11",13658300
27.45,-0.25,100,"sd","13:46:01",13643000
27.45,-0.25,100,"sd","13:45:59",13642900
27.45,-0.25,3500,"sd","13:45:49",13642800
27.45,-0.25,2000,"sd","13:45:36",13639300
27.45,-0.25,200,"sd","13:45:30",13637300
27.45,-0.25,100,"sd","13:45:22",13637100
27.4,-0.3,1500,"sd","13:45:11",13637000
27.5,-0.2,1000,"bu","13:45:10",13635500
27.4,-0.3,10400,"sd","13:45:06",13634500
27.45,-0.25,9600,"sd","13:45:06",13624100
27.5,-0.2,100,"bu","13:45:03",13614500
27.45,-0.25,300,"sd","13:45:02",13614400
27.45,-0.25,1100,"sd","13:44:55",13614100
27.5,-0.2,1000,"bu","13:44:52",13613000
27.45,-0.25,1500,"sd","13:44:42",13612000
27.45,-0.25,200,"bu","13:44:28",13610500
27.45,-0.25,100,"bu","13:44:28",13610300
27.45,-0.25,1000,"bu","13:44:27",13610200
27.45,-0.25,1200,"sd","13:44:26",13609200
27.45,-0.25,1300,"sd","13:44:25",13608000
27.45,-0.25,200,"sd","13:44:21",13606700
27.5,-0.2,10600,"bu","13:44:21",13606500
27.45,-0.25,1000,"sd","13:44:20",13595900
27.45,-0.25,1100,"sd","13:44:16",13594900
27.45,-0.25,700,"sd","13:44:14",13593800
27.45,-0.25,1100,"sd","13:44:11",13593100
27.45,-0.25,4000,"bu","13:44:09",13592000
27.45,-0.25,10600,"bu","13:44:08",13588000
27.45,-0.25,10600,"bu","13:44:05",13577400
27.4,-0.3,1300,"sd","13:43:59",13566800
27.45,-0.25,45600,"bu","13:43:55",13565500
27.45,-0.25,2000,"bu","13:43:49",13519900
27.45,-0.25,9000,"bu","13:43:45",13517900
27.4,-0.3,900,"sd","13:43:44",13508900
27.45,-0.25,2000,"bu","13:43:39",13508000
27.45,-0.25,1000,"bu","13:43:37",13506000
27.45,-0.25,300,"bu","13:43:35",13505000
27.4,-0.3,46800,"sd","13:43:35",13504700
27.4,-0.3,900,"sd","13:43:34",13457900
27.4,-0.3,500,"sd","13:43:32",13457000
27.4,-0.3,200,"sd","13:43:31",13456500
27.4,-0.3,1400,"sd","13:43:24",13456300
27.4,-0.3,600,"sd","13:43:23",13454900
27.4,-0.3,300,"sd","13:43:22",13454300
27.4,-0.3,3000,"sd","13:43:10",13454000
27.4,-0.3,1500,"sd","13:43:09",13451000
27.4,-0.3,4000,"sd","13:43:07",13449500
27.4,-0.3,5800,"sd","13:43:04",13445500
27.45,-0.25,8400,"bu","13:43:04",13439700
27.4,-0.3,100,"sd","13:43:03",13431300
27.4,-0.3,2800,"sd","13:43:01",13431200
27.4,-0.3,1300,"sd","13:42:53",13428400
27.4,-0.3,2000,"sd","13:42:47",13427100
27.4,-0.3,700,"bu","13:42:46",13425100
27.4,-0.3,600,"bu","13:42:45",13424400
27.4,-0.3,500,"bu","13:42:44",13423800
27.4,-0.3,1000,"bu","13:42:42",13423300
27.4,-0.3,100,"bu","13:42:40",13422300
27.4,-0.3,100,"bu","13:42:38",13422200
27.4,-0.3,100,"bu","13:42:37",13422100
27.4,-0.3,100,"bu","13:42:37",13422000
27.4,-0.3,300,"bu","13:42:35",13421900
27.4,-0.3,2500,"bu","13:42:34",13421600
27.4,-0.3,300,"bu","13:42:32",13419100
27.4,-0.3,100,"bu","13:42:31",13418800
27.4,-0.3,100,"bu","13:42:30",13418700
27.4,-0.3,500,"bu","13:42:26",13418600
27.4,-0.3,500,"bu","13:42:26",13418100
27.4,-0.3,500,"bu","13:42:24",13417600
27.35,-0.35,1100,"sd","13:42:24",13417100
27.4,-0.3,1000,"bu","13:42:16",13416000
27.35,-0.35,1200,"sd","13:42:11",13415000
27.4,-0.3,2000,"bu","13:42:03",13413800
27.4,-0.3,500,"bu","13:42:02",13411800
27.35,-0.35,300,"sd","13:41:59",13411300
27.35,-0.35,14500,"sd","13:41:58",13411000
27.35,-0.35,5000,"sd","13:41:57",13396500
27.35,-0.35,19500,"bu","13:41:53",13391500
27.35,-0.35,2400,"bu","13:41:52",13372000
27.35,-0.35,1100,"bu","13:41:51",13369600
27.35,-0.35,200,"bu","13:41:50",13368500
27.3,-0.4,200,"sd","13:41:50",13368300
27.35,-0.35,200,"bu","13:41:49",13368100
27.3,-0.4,1400,"sd","13:41:49",13367900
27.35,-0.35,200,"bu","13:41:49",13366500
27.35,-0.35,500,"bu","13:41:47",13366300
27.35,-0.35,400,"bu","13:41:45",13365800
27.35,-0.35,5200,"bu","13:41:41",13365400
27.35,-0.35,1000,"bu","13:41:35",13360200
27.35,-0.35,100,"bu","13:41:34",13359200
27.3,-0.4,100,"sd","13:41:34",13359100
27.35,-0.35,10000,"bu","13:41:34",13359000
27.3,-0.4,1100,"sd","13:41:32",13349000
27.35,-0.35,5000,"bu","13:41:31",13347900
27.35,-0.35,200,"bu","13:41:27",13342900
27.35,-0.35,10000,"bu","13:41:26",13342700
27.35,-0.35,2000,"bu","13:41:25",13332700
27.3,-0.4,1600,"sd","13:41:20",13330700
27.35,-0.35,500,"sd","13:41:20",13329100
27.35,-0.35,1900,"sd","13:41:20",13328600
27.4,-0.3,200,"bu","13:41:19",13326700
27.35,-0.35,5000,"sd","13:41:19",13326500
27.35,-0.35,2600,"sd","13:41:15",13321500
27.35,-0.35,200,"sd","13:41:13",13318900
27.35,-0.35,3800,"sd","13:41:12",13318700
27.35,-0.35,600,"sd","13:41:09",13314900
27.35,-0.35,7800,"sd","13:41:05",13314300
27.35,-0.35,1800,"sd","13:41:03",13306500
27.3,-0.4,29300,"sd","13:40:52",13304700
27.35,-0.35,10700,"sd","13:40:52",13275400
27.35,-0.35,19300,"bu","13:40:50",13264700
27.35,-0.35,5000,"bu","13:40:50",13245400
27.35,-0.35,500,"bu","13:40:49",13240400
27.35,-0.35,100,"bu","13:40:48",13239900
27.35,-0.35,100,"bu","13:40:46",13239800
27.35,-0.35,200,"bu","13:40:44",13239700
27.3,-0.4,1300,"sd","13:40:44",13239500
27.3,-0.4,101400,"sd","13:40:42",13238200
27.35,-0.35,1000,"bu","13:40:41",13136800
27.35,-0.35,1000,"bu","13:40:40",13135800
27.35,-0.35,10000,"bu","13:40:37",13134800
27.35,-0.35,100,"bu","13:40:33",13124800
27.35,-0.35,2600,"sd","13:40:31",13124700
27.35,-0.35,1000,"sd","13:40:28",13122100
27.35,-0.35,3100,"sd","13:40:28",13121100
27.35,-0.35,200,"bu","13:40:26",13118000
27.35,-0.35,100,"bu","13:40:25",13117800
27.35,-0.35,4900,"sd","13:40:24",13117700
27.35,-0.35,20100,"sd","13:40:20",13112800
27.4,-0.3,36000,"bu","13:40:20",13092700
27.4,-0.3,1000,"bu","13:40:17",13056700
27.35,-0.35,1000,"sd","13:40:17",13055700
27.35,-0.35,500000,"sd","13:40:10",13054700
27.4,-0.3,100,"bu","13:40:08",12554700
27.35,-0.35,1500,"sd","13:40:07",12554600
27.35,-0.35,2900,"sd","13:40:06",12553100
27.4,-0.3,111500,"sd","13:40:00",12550200
27.45,-0.25,200,"bu","13:39:58",12438700
27.45,-0.25,200,"bu","13:39:56",12438500
27.4,-0.3,277500,"sd","13:39:54",12438300
27.4,-0.3,222500,"sd","13:39:54",12160800
27.4,-0.3,400800,"sd","13:39:48",11938300
27.4,-0.3,39400,"sd","13:39:48",11537500
27.45,-0.25,59800,"sd","13:39:48",11498100
27.45,-0.25,100,"sd","13:39:45",11438300
27.45,-0.25,3000,"sd","13:39:40",11438200
27.5,-0.2,1000,"bu","13:39:38",11435200
27.45,-0.25,900,"sd","13:39:33",11434200
27.45,-0.25,200,"sd","13:39:27",11433300
27.45,-0.25,1000,"sd","13:39:23",11433100
27.45,-0.25,1000,"sd","13:39:13",11432100
27.45,-0.25,1000,"sd","13:39:11",11431100
27.45,-0.25,2000,"sd","13:39:05",11430100
27.45,-0.25,1000,"sd","13:39:04",11428100
27.45,-0.25,1800,"sd","13:39:01",11427100
27.45,-0.25,2000,"sd","13:38:58",11425300
27.45,-0.25,1000,"sd","13:38:55",11423300
27.45,-0.25,500,"sd","13:38:51",11422300
27.45,-0.25,100,"sd","13:38:45",11421800
27.45,-0.25,1200,"sd","13:38:44",11421700
27.45,-0.25,1200,"sd","13:38:36",11420500
27.45,-0.25,1300,"sd","13:38:35",11419300
27.45,-0.25,1000,"sd","13:38:34",11418000
27.45,-0.25,15000,"sd","13:38:29",11417000
27.45,-0.25,100,"sd","13:38:28",11402000
27.45,-0.25,1500,"sd","13:38:20",11401900
27.45,-0.25,200,"sd","13:38:15",11400400
27.45,-0.25,2000,"sd","13:38:11",11400200
27.45,-0.25,500,"sd","13:38:09",11398200
27.45,-0.25,1800,"sd","13:38:08",11397700
27.45,-0.25,1500,"sd","13:38:05",11395900
27.45,-0.25,5000,"sd","13:38:05",11394400
27.45,-0.25,1000,"sd","13:38:04",11389400
27.45,-0.25,200,"sd","13:37:52",11388400
27.45,-0.25,4000,"sd","13:37:51",11388200
27.45,-0.25,1100,"sd","13:37:46",11384200
27.45,-0.25,2500,"sd","13:37:40",11383100
27.45,-0.25,100,"sd","13:37:37",11380600
27.45,-0.25,1100,"sd","13:37:35",11380500
27.45,-0.25,200,"sd","13:37:29",11379400
27.45,-0.25,2000,"sd","13:37:28",11379200
27.45,-0.25,1500,"sd","13:37:22",11377200
27.45,-0.25,3000,"sd","13:37:21",11375700
27.45,-0.25,4200,"bu","13:37:15",11372700
27.45,-0.25,100,"bu","13:37:14",11368500
27.4,-0.3,2000,"sd","13:37:11",11368400
27.45,-0.25,1000,"bu","13:37:06",11366400
27.4,-0.3,1300,"sd","13:37:05",11364400
27.45,-0.25,2000,"bu","13:37:02",11363100
27.45,-0.25,1000,"bu","13:37:01",11361100
27.45,-0.25,1000,"bu","13:36:59",11360100
27.45,-0.25,900,"sd","13:36:59",11359100
27.45,-0.25,200,"sd","13:36:54",11358200
27.45,-0.25,100,"sd","13:36:52",11358000
27.45,-0.25,3100,"sd","13:36:51",11357900
27.45,-0.25,2000,"sd","13:36:50",11354800
27.45,-0.25,10000,"sd","13:36:47",11352800
27.45,-0.25,2000,"sd","13:36:46",11342800
27.45,-0.25,1400,"sd","13:36:45",11340800
27.45,-0.25,20200,"sd","13:36:43",11339400
27.45,-0.25,2000,"sd","13:36:41",11319200
27.45,-0.25,1800,"sd","13:36:40",11317200
27.45,-0.25,1200,"sd","13:36:39",11315400
27.45,-0.25,1100,"sd","13:36:34",11314200
27.45,-0.25,2500,"sd","13:36:32",11313100
27.45,-0.25,1000,"sd","13:36:30",11310600
27.45,-0.25,200,"sd","13:36:28",11309600
27.45,-0.25,20100,"sd","13:36:27",11309400
27.45,-0.25,8000,"sd","13:36:21",11289300
27.45,-0.25,1100,"sd","13:36:20",11281300
27.45,-0.25,200000,"sd","13:36:18",11280200
27.45,-0.25,7800,"sd","13:36:17",11080200
27.45,-0.25,500,"sd","13:36:16",11072400
27.45,-0.25,2000,"sd","13:36:12",11071900
27.45,-0.25,100,"sd","13:36:11",11069900
27.45,-0.25,200,"sd","13:36:09",11069800
27.45,-0.25,1300,"sd","13:36:08",11069600
27.45,-0.25,400,"sd","13:36:04",11068300
27.45,-0.25,400,"sd","13:36:00",11067900
27.45,-0.25,1300,"sd","13:35:57",11067500
27.45,-0.25,200,"sd","13:35:56",11066200
27.45,-0.25,200,"sd","13:35:55",11066000
27.45,-0.25,500,"sd","13:35:54",11065800
27.45,-0.25,17300,"sd","13:35:50",11065300
27.45,-0.25,100,"sd","13:35:47",11048000
27.45,-0.25,1300,"sd","13:35:43",11047900
27.45,-0.25,5000,"sd","13:35:41",11046600
27.45,-0.25,100000,"sd","13:35:34",11040700
27.45,-0.25,1800,"sd","13:35:33",10940700
27.45,-0.25,1000,"sd","13:35:30",10938900
27.45,-0.25,300,"sd","13:35:26",10937900
27.45,-0.25,40000,"sd","13:35:23",10937600
27.45,-0.25,1800,"sd","13:35:18",10897600
27.45,-0.25,1900,"sd","13:35:07",10895800
27.45,-0.25,1900,"sd","13:34:57",10893900
27.45,-0.25,2000,"sd","13:34:39",10892000
27.45,-0.25,1100,"sd","13:34:37",10890000
27.5,-0.2,100,"bu","13:34:35",10888900
27.45,-0.25,1500,"sd","13:34:24",10888800
27.5,-0.2,1000,"bu","13:34:22",10887300
27.45,-0.25,100,"sd","13:34:13",10886300
27.45,-0.25,1500,"sd","13:34:09",10886200
27.5,-0.2,20000,"bu","13:34:03",10884700
27.45,-0.25,9000,"sd","13:34:02",10864700
27.5,-0.2,10000,"bu","13:33:54",10855700
27.45,-0.25,4000,"sd","13:33:51",10845700
27.45,-0.25,1600,"sd","13:33:51",10841700
27.45,-0.25,500,"sd","13:33:49",10840100
27.45,-0.25,1400,"sd","13:33:46",10839600
27.5,-0.2,5000,"bu","13:33:46",10838200
27.5,-0.2,900,"bu","13:33:42",10833200
27.45,-0.25,1400,"sd","13:33:33",10832300
27.5,-0.2,100,"bu","13:33:31",10830900
27.45,-0.25,500,"sd","13:33:29",10830800
27.45,-0.25,5000,"sd","13:33:19",10830300
27.45,-0.25,900,"sd","13:33:17",10825300
27.45,-0.25,6000,"sd","13:33:13",10824400
27.45,-0.25,4000,"sd","13:33:12",10818400
27.5,-0.2,10000,"bu","13:33:11",10814400
27.45,-0.25,1300,"sd","13:33:07",10804400
27.5,-0.2,1500,"bu","13:33:05",10803100
27.5,-0.2,300,"bu","13:32:58",10801600
27.5,-0.2,300,"bu","13:32:55",10801300
27.45,-0.25,2600,"sd","13:32:54",10801000
27.5,-0.2,200,"bu","13:32:53",10798400
27.5,-0.2,1000,"bu","13:32:48",10798200
27.5,-0.2,400,"bu","13:32:39",10797200
27.5,-0.2,200,"bu","13:32:30",10796800
27.45,-0.25,2200,"sd","13:32:24",10796600
27.5,-0.2,500,"bu","13:32:24",10794400
27.5,-0.2,500,"bu","13:32:20",10793900
27.5,-0.2,4800,"sd","13:32:04",10793400
27.5,-0.2,1800,"sd","13:32:00",10788600
27.5,-0.2,1000,"sd","13:31:57",10786800
27.5,-0.2,100,"sd","13:31:56",10785800
27.5,-0.2,4500,"sd","13:31:50",10785700
27.5,-0.2,2800,"sd","13:31:47",10781200
27.5,-0.2,10200,"sd","13:31:46",10778400
27.55,-0.15,1000,"bu","13:31:45",10768200
27.5,-0.2,30000,"sd","13:31:43",10767200
27.5,-0.2,300,"sd","13:31:43",10737200
27.5,-0.2,1000,"sd","13:31:41",10736900
27.5,-0.2,10000,"sd","13:31:40",10735900
27.5,-0.2,1700,"sd","13:31:39",10725900
27.5,-0.2,10000,"sd","13:31:37",10724200
27.5,-0.2,15300,"sd","13:31:36",10714200
27.5,-0.2,39400,"sd","13:31:33",10698900
27.5,-0.2,25000,"sd","13:31:30",10659500
27.5,-0.2,2000,"sd","13:31:25",10634500
27.5,-0.2,1000,"sd","13:31:22",10632500
27.5,-0.2,18300,"sd","13:31:22",10631500
27.5,-0.2,5000,"sd","13:31:19",10613200
27.5,-0.2,5900,"sd","13:31:15",10608200
27.5,-0.2,200,"sd","13:31:07",10602300
27.5,-0.2,500,"sd","13:31:06",10602100
27.5,-0.2,20200,"sd","13:30:59",10601600
27.5,-0.2,1000,"sd","13:30:52",10581400
27.5,-0.2,500,"sd","13:30:49",10580400
27.55,-0.15,3900,"bu","13:30:48",10579900
27.5,-0.2,3400,"sd","13:30:45",10576000
27.5,-0.2,1000,"sd","13:30:43",10572600
27.5,-0.2,100,"sd","13:30:41",10571600
27.5,-0.2,1100,"sd","13:30:36",10571500
27.5,-0.2,10000,"sd","13:30:34",10570400
27.5,-0.2,100,"sd","13:30:29",10560400
27.5,-0.2,1000,"sd","13:30:25",10560300
27.5,-0.2,1200,"sd","13:30:20",10559300
27.5,-0.2,3000,"sd","13:30:02",10558100
27.55,-0.15,2000,"bu","13:29:54",10555100
27.55,-0.15,4000,"bu","13:29:53",10553100
27.55,-0.15,500,"bu","13:29:51",10549100
27.55,-0.15,3000,"bu","13:29:49",10548600
27.55,-0.15,200,"bu","13:29:46",10545600
27.5,-0.2,1000,"sd","13:29:41",10545400
27.55,-0.15,100,"bu","13:29:40",10544400
27.55,-0.15,200,"bu","13:29:37",10544300
27.55,-0.15,2000,"bu","13:29:24",10544100
27.55,-0.15,18400,"bu","13:29:20",10542100
27.5,-0.2,1100,"sd","13:29:18",10523700
27.55,-0.15,400,"bu","13:29:10",10522600
27.5,-0.2,2000,"sd","13:29:09",10522200
27.55,-0.15,1000,"bu","13:29:07",10520200
27.5,-0.2,1200,"sd","13:29:07",10519200
27.55,-0.15,500,"bu","13:28:56",10518000
27.5,-0.2,600,"sd","13:28:55",10517500
27.55,-0.15,500,"bu","13:28:50",10516900
27.55,-0.15,10000,"bu","13:28:46",10516400
27.55,-0.15,10000,"bu","13:28:36",10506400
27.55,-0.15,700,"bu","13:28:33",10496400
27.55,-0.15,5000,"bu","13:28:28",10495700
27.55,-0.15,200,"bu","13:28:08",10490700
27.5,-0.2,100,"sd","13:28:05",10490500
27.5,-0.2,1000,"sd","13:28:03",10489400
27.5,-0.2,5000,"sd","13:28:01",10488400
27.5,-0.2,5000,"sd","13:27:58",10483400
27.5,-0.2,8000,"sd","13:27:49",10478400
27.5,-0.2,1000,"sd","13:27:31",10470400
27.5,-0.2,900,"sd","13:27:23",10469400
27.55,-0.15,5000,"bu","13:27:20",10468500
27.55,-0.15,1000,"bu","13:26:31",10463500
27.55,-0.15,100,"bu","13:26:30",10462500
27.55,-0.15,500,"bu","13:26:27",10462400
27.55,-0.15,5000,"bu","13:26:24",10461900
27.5,-0.2,26900,"sd","13:26:22",10456900
27.55,-0.15,200,"bu","13:26:21",10430000
27.5,-0.2,100,"sd","13:26:10",10429800
27.55,-0.15,1000,"bu","13:26:07",10429700
27.55,-0.15,5000,"bu","13:25:58",10428700
27.5,-0.2,2000,"sd","13:25:44",10423700
27.55,-0.15,5000,"bu","13:25:18",10421700
27.5,-0.2,900,"sd","13:25:10",10416700
27.55,-0.15,1000,"bu","13:25:08",10415800
27.5,-0.2,5000,"sd","13:25:03",10414800
27.5,-0.2,500,"sd","13:24:44",10409800
27.5,-0.2,2000,"sd","13:24:43",10409300
27.5,-0.2,1200,"sd","13:24:33",10407300
27.55,-0.15,2000,"bu","13:23:54",10406100
27.5,-0.2,1000,"sd","13:23:53",10404100
27.55,-0.15,1000,"bu","13:23:53",10403100
27.5,-0.2,3000,"sd","13:23:21",10402100
27.55,-0.15,1000,"bu","13:23:18",10399100
27.5,-0.2,16400,"sd","13:23:13",10398100
27.55,-0.15,30000,"bu","13:22:50",10381700
27.55,-0.15,100,"bu","13:22:39",10351700
27.5,-0.2,1000,"sd","13:22:37",10351600
27.5,-0.2,100,"sd","13:22:34",10350600
27.55,-0.15,500,"bu","13:22:31",10350500
27.5,-0.2,100,"sd","13:22:24",10350000
27.5,-0.2,1000,"sd","13:22:21",10349900
27.5,-0.2,200,"sd","13:22:21",10348900
27.5,-0.2,1000,"sd","13:22:03",10348700
27.5,-0.2,5000,"sd","13:21:44",10347700
27.55,-0.15,200,"bu","13:21:25",10342700
27.55,-0.15,1000,"bu","13:21:15",10342500
27.5,-0.2,300,"sd","13:21:15",10341500
27.55,-0.15,100,"bu","13:20:54",10341200
27.55,-0.15,300,"bu","13:20:45",10341100
27.5,-0.2,50000,"sd","13:20:40",10340800
27.55,-0.15,200,"bu","13:20:31",10290800
27.55,-0.15,1500,"bu","13:20:27",10290600
27.5,-0.2,100,"sd","13:20:25",10289100
27.55,-0.15,200,"bu","13:20:24",10289000
27.55,-0.15,10000,"bu","13:20:16",10288800
27.55,-0.15,1000,"bu","13:20:14",10278800
27.55,-0.15,100,"bu","13:20:12",10277800
27.55,-0.15,300,"bu","13:20:09",10277700
27.55,-0.15,5000,"bu","13:20:05",10277400
27.55,-0.15,1500,"bu","13:19:52",10272400
27.55,-0.15,6000,"bu","13:19:47",10270900
27.55,-0.15,2000,"bu","13:19:29",10264900
27.5,-0.2,20000,"sd","13:19:27",10262900
27.55,-0.15,100,"bu","13:19:21",10242900
27.55,-0.15,100,"bu","13:18:53",10242800
27.55,-0.15,10000,"bu","13:18:51",10242700
27.55,-0.15,500,"bu","13:18:38",10232700
27.55,-0.15,1000,"bu","13:18:38",10232200
27.5,-0.2,2800,"sd","13:18:21",10231200
27.5,-0.2,2900,"sd","13:18:20",10228400
27.5,-0.2,3400,"sd","13:18:05",10225500
27.55,-0.15,700,"sd","13:18:05",10222100
27.55,-0.15,4900,"sd","13:18:04",10221400
27.55,-0.15,5900,"sd","13:18:03",10216500
27.55,-0.15,15500,"sd","13:18:02",10210600
27.55,-0.15,3000,"sd","13:17:53",10195100
27.55,-0.15,500,"sd","13:17:51",10192100
27.55,-0.15,100,"sd","13:17:42",10191600
27.55,-0.15,100,"sd","13:17:38",10191500
27.55,-0.15,100,"sd","13:17:28",10191400
27.55,-0.15,100,"sd","13:17:23",10191300
27.55,-0.15,2000,"sd","13:17:12",10191200
27.6,-0.1,200,"bu","13:17:09",10189200
27.55,-0.15,200,"sd","13:16:55",10189000
27.55,-0.15,10800,"sd","13:16:52",10188800
27.55,-0.15,200,"sd","13:16:49",10178000
27.55,-0.15,1000,"bu","13:16:40",10177800
27.55,-0.15,4000,"sd","13:16:36",10176800
27.55,-0.15,5500,"bu","13:16:29",10172800
27.55,-0.15,4500,"sd","13:16:26",10167300
27.55,-0.15,6300,"sd","13:16:20",10162800
27.55,-0.15,100,"sd","13:16:17",10156500
27.55,-0.15,4900,"sd","13:16:16",10156400
27.55,-0.15,500,"sd","13:16:08",10151500
27.55,-0.15,200,"sd","13:16:06",10151000
27.6,-0.1,1000,"bu","13:16:00",10150800
27.55,-0.15,12300,"sd","13:15:55",10149800
27.55,-0.15,6000,"sd","13:15:35",10137500
27.55,-0.15,10000,"sd","13:15:24",10131500
27.55,-0.15,3000,"sd","13:15:13",10121500
27.55,-0.15,2400,"sd","13:15:11",10118500
27.55,-0.15,1700,"sd","13:15:03",10116100
27.5,-0.2,3900,"sd","13:15:00",10114400
27.55,-0.15,10000,"bu","13:15:00",10110500
27.55,-0.15,500,"bu","13:14:58",10100500
27.55,-0.15,200,"bu","13:14:55",10100000
27.55,-0.15,50300,"bu","13:14:55",10099800
27.5,-0.2,1500,"sd","13:14:55",10049500
27.55,-0.15,1000,"bu","13:14:54",10048000
27.55,-0.15,4000,"bu","13:14:51",10047000
27.55,-0.15,1000,"bu","13:14:50",10043000
27.55,-0.15,5000,"bu","13:14:47",10042000
27.55,-0.15,8000,"bu","13:14:45",10037000
27.55,-0.15,23900,"bu","13:14:43",10029000
27.55,-0.15,100000,"bu","13:14:42",10005100
27.55,-0.15,500,"bu","13:14:34",9905100
27.55,-0.15,2100,"bu","13:14:22",9904600
27.55,-0.15,5000,"bu","13:14:17",9902500
27.55,-0.15,300,"bu","13:14:13",9897500
27.5,-0.2,500,"sd","13:13:53",9897200
27.5,-0.2,100,"sd","13:13:33",9896700
27.5,-0.2,200,"sd","13:13:27",9896600
27.55,-0.15,1800,"bu","13:13:24",9896400
27.55,-0.15,1000,"bu","13:13:23",9894600
27.55,-0.15,100,"bu","13:13:20",9893600
27.5,-0.2,100,"sd","13:13:09",9893500
27.55,-0.15,100,"bu","13:12:51",9893400
27.55,-0.15,300,"bu","13:12:42",9893300
27.55,-0.15,400,"bu","13:12:33",9893000
27.5,-0.2,2000,"sd","13:12:23",9892600
27.5,-0.2,500,"sd","13:12:15",9890600
27.5,-0.2,16800,"bu","13:12:08",9890100
27.5,-0.2,5000,"bu","13:12:04",9873300
27.5,-0.2,10000,"bu","13:12:01",9868300
27.5,-0.2,300,"bu","13:12:01",9858300
27.5,-0.2,3000,"bu","13:11:58",9858000
27.5,-0.2,5000,"bu","13:11:57",9855000
27.45,-0.25,1200,"sd","13:11:57",9850000
27.5,-0.2,1000,"bu","13:11:56",9848800
27.5,-0.2,3100,"bu","13:11:53",9847800
27.5,-0.2,20000,"bu","13:11:53",9844700
27.5,-0.2,5000,"bu","13:11:51",9824700
27.5,-0.2,3000,"bu","13:11:47",9819700
27.45,-0.25,5000,"sd","13:11:44",9816700
27.5,-0.2,5000,"bu","13:11:43",9811700
27.5,-0.2,5000,"bu","13:11:42",9806700
27.5,-0.2,300,"bu","13:11:41",9801700
27.5,-0.2,3000,"bu","13:11:37",9801400
27.5,-0.2,100,"bu","13:11:36",9798400
27.5,-0.2,50000,"bu","13:11:31",9798300
27.5,-0.2,500,"bu","13:11:28",9748300
27.5,-0.2,100,"bu","13:11:24",9747800
27.5,-0.2,200,"bu","13:11:18",9747700
27.5,-0.2,700,"bu","13:11:17",9747500
27.5,-0.2,10000,"bu","13:11:13",9746800
27.5,-0.2,100,"bu","13:11:12",9736800
27.5,-0.2,5500,"bu","13:11:06",9736700
27.5,-0.2,5000,"bu","13:11:00",9731200
27.45,-0.25,3000,"sd","13:10:56",9726200
27.5,-0.2,1000,"bu","13:10:45",9723200
27.5,-0.2,500,"bu","13:10:40",9722200
27.45,-0.25,200,"sd","13:10:37",9721700
27.45,-0.25,600,"sd","13:10:30",9721500
27.45,-0.25,100,"sd","13:10:27",9720900
27.45,-0.25,500,"sd","13:10:15",9720800
27.5,-0.2,500,"bu","13:10:10",9720300
27.45,-0.25,100,"sd","13:10:09",9719800
27.45,-0.25,1000,"sd","13:10:06",9719700
27.45,-0.25,200,"sd","13:10:04",9718700
27.45,-0.25,5500,"sd","13:09:58",9718500
27.45,-0.25,800,"sd","13:09:53",9713000
27.45,-0.25,5000,"sd","13:09:48",9712200
27.45,-0.25,600,"sd","13:09:46",9707200
27.45,-0.25,200,"sd","13:09:41",9706600
27.45,-0.25,2000,"sd","13:09:40",9706400
27.45,-0.25,2500,"sd","13:09:31",9704400
27.45,-0.25,1000,"sd","13:09:29",9701900
27.45,-0.25,500,"sd","13:09:26",9700900
27.45,-0.25,300,"sd","13:09:26",9700400
27.45,-0.25,20000,"sd","13:09:25",9700100
27.45,-0.25,400,"sd","13:09:25",9680100
27.45,-0.25,2100,"sd","13:09:24",9679700
27.45,-0.25,300,"sd","13:09:08",9677600
27.45,-0.25,100,"sd","13:09:05",9677300
27.45,-0.25,100,"sd","13:09:04",9677200
27.45,-0.25,50000,"sd","13:08:59",9677100
27.45,-0.25,1000,"sd","13:08:55",9627100
27.5,-0.2,2000,"bu","13:08:50",9626100
27.45,-0.25,4600,"sd","13:08:42",9624100
27.5,-0.2,1000,"bu","13:08:34",9619500
27.45,-0.25,2000,"sd","13:08:34",9618500
27.5,-0.2,100,"bu","13:08:31",9616500
27.5,-0.2,1000,"bu","13:08:15",9616400
27.5,-0.2,300,"bu","13:08:15",9615400
27.5,-0.2,1000,"bu","13:08:07",9615100
27.5,-0.2,2000,"bu","13:07:54",9614100
27.5,-0.2,1500,"bu","13:07:48",9612100
27.5,-0.2,10000,"bu","13:07:41",9610600
27.45,-0.25,200,"sd","13:07:41",9600600
27.5,-0.2,200,"bu","13:07:25",9600400
27.5,-0.2,5000,"bu","13:07:25",9600200
27.5,-0.2,100,"bu","13:07:24",9595200
27.5,-0.2,2000,"bu","13:07:20",9595100
27.5,-0.2,1000,"bu","13:07:18",9593100
27.5,-0.2,10000,"bu","13:07:15",9592100
27.45,-0.25,11000,"sd","13:07:15",9582100
27.45,-0.25,3000,"sd","13:07:14",9571100
27.45,-0.25,10000,"sd","13:07:13",9568100
27.5,-0.2,3300,"bu","13:07:07",9558100
27.5,-0.2,800,"bu","13:06:53",9554800
27.5,-0.2,11000,"bu","13:06:50",9554000
27.5,-0.2,1100,"bu","13:06:47",9543000
27.5,-0.2,25000,"bu","13:06:44",9541900
27.5,-0.2,600,"bu","13:06:42",9516900
27.5,-0.2,600,"bu","13:06:32",9516300
27.5,-0.2,800,"sd","13:06:30",9515700
27.5,-0.2,3400,"sd","13:06:28",9514900
27.5,-0.2,15000,"sd","13:06:26",9511500
27.5,-0.2,6000,"sd","13:06:23",9496500
27.5,-0.2,6700,"sd","13:06:21",9490500
27.5,-0.2,1300,"sd","13:06:19",9483800
27.5,-0.2,500,"sd","13:06:19",9482500
27.5,-0.2,25400,"sd","13:06:16",9482000
27.5,-0.2,4000,"sd","13:06:15",9456600
27.5,-0.2,21600,"sd","13:06:14",9452600
27.5,-0.2,5000,"sd","13:06:13",9431000
27.5,-0.2,10000,"sd","13:06:13",9426000
27.5,-0.2,7900,"sd","13:06:12",9416000
27.5,-0.2,1000,"sd","13:06:11",9408100
27.5,-0.2,2800,"sd","13:06:10",9407100
27.5,-0.2,37100,"sd","13:06:09",9404300
27.5,-0.2,1000,"sd","13:06:08",9367200
27.5,-0.2,500,"sd","13:06:05",9366200
27.5,-0.2,8000,"sd","13:06:05",9365700
27.5,-0.2,100,"sd","13:06:04",9357700
27.5,-0.2,5100,"sd","13:06:02",9357600
27.5,-0.2,58300,"sd","13:05:54",9352500
27.5,-0.2,500,"sd","13:05:52",9294200
27.5,-0.2,700,"sd","13:05:50",9293700
27.5,-0.2,300,"sd","13:05:49",9293000
27.5,-0.2,1000,"sd","13:05:42",9292700
27.5,-0.2,1000,"sd","13:05:40",9291700
27.55,-0.15,1000,"bu","13:05:37",9290700
27.5,-0.2,4000,"sd","13:05:37",9289700
27.5,-0.2,100,"sd","13:05:33",9285700
27.5,-0.2,1500,"sd","13:05:31",9285600
27.55,-0.15,1000,"bu","13:05:31",9284100
27.5,-0.2,1000,"sd","13:05:29",9283100
27.5,-0.2,1500,"sd","13:05:28",9282100
27.5,-0.2,100,"sd","13:05:27",9280600
27.5,-0.2,2000,"sd","13:05:25",9280500
27.5,-0.2,10000,"sd","13:05:24",9278500
27.5,-0.2,4000,"sd","13:05:13",9268500
27.5,-0.2,1000,"sd","13:05:12",9264500
27.5,-0.2,100,"sd","13:05:01",9263500
27.55,-0.15,100,"bu","13:05:00",9263400
27.5,-0.2,300,"sd","13:04:57",9263300
27.5,-0.2,300,"sd","13:04:53",9263000
27.5,-0.2,100,"sd","13:04:33",9262700
27.5,-0.2,1300,"sd","13:04:27",9262600
27.55,-0.15,100,"bu","13:04:24",9261300
27.5,-0.2,1000,"sd","13:04:19",9261200
27.5,-0.2,5100,"sd","13:04:18",9260200
27.5,-0.2,200,"sd","13:04:16",9255100
27.5,-0.2,5000,"sd","13:04:14",9254900
27.5,-0.2,2000,"sd","13:04:12",9249900
27.5,-0.2,10000,"sd","13:04:10",9247900
27.5,-0.2,2800,"sd","13:04:08",9237900
27.55,-0.15,500,"bu","13:04:07",9235100
27.5,-0.2,1500,"sd","13:04:04",9234600
27.5,-0.2,1000,"sd","13:04:03",9233100
27.5,-0.2,11200,"sd","13:03:59",9232100
27.5,-0.2,100,"sd","13:03:44",9220900
27.5,-0.2,5500,"sd","13:03:43",9220800
27.5,-0.2,1000,"sd","13:03:41",9215300
27.5,-0.2,100,"sd","13:03:41",9214300
27.5,-0.2,1000,"sd","13:03:38",9214200
27.5,-0.2,5000,"sd","13:03:36",9213200
27.55,-0.15,100,"bu","13:03:35",9208200
27.5,-0.2,200,"sd","13:03:35",9208100
27.55,-0.15,7000,"bu","13:03:30",9207900
27.5,-0.2,3000,"sd","13:03:27",9200900
27.5,-0.2,400,"sd","13:03:26",9197900
27.5,-0.2,3000,"sd","13:03:25",9197500
27.55,-0.15,1800,"bu","13:03:11",9194500
27.5,-0.2,2800,"sd","13:03:07",9192700
27.5,-0.2,1000,"sd","13:02:56",9189900
27.55,-0.15,1000,"bu","13:02:52",9188900
27.5,-0.2,6200,"sd","13:02:50",9187900
27.5,-0.2,4000,"sd","13:02:46",9181700
27.5,-0.2,2000,"sd","13:02:45",9177700
27.5,-0.2,200,"sd","13:02:44",9175700
27.5,-0.2,3000,"sd","13:02:30",9175500
27.5,-0.2,900,"sd","13:02:27",9172500
27.5,-0.2,5000,"sd","13:02:26",9171600
27.5,-0.2,40000,"sd","13:02:20",9166600
27.5,-0.2,400,"sd","13:02:08",9126600
27.5,-0.2,300,"sd","13:02:06",9126200
27.5,-0.2,1600,"sd","13:02:05",9125900
27.5,-0.2,200,"sd","13:02:05",9124300
27.5,-0.2,4300,"sd","13:02:01",9124100
27.5,-0.2,4300,"sd","13:01:54",9119800
27.5,-0.2,5000,"sd","13:01:52",9115500
27.5,-0.2,26600,"sd","13:01:50",9110500
27.5,-0.2,3400,"sd","13:01:50",9083900
27.5,-0.2,100,"sd","13:01:48",9080500
27.5,-0.2,10800,"bu","13:01:44",9080400
27.5,-0.2,300,"bu","13:01:29",9069600
27.5,-0.2,2700,"sd","13:01:21",9069300
27.5,-0.2,600,"sd","13:01:21",9066600
27.5,-0.2,1000,"sd","13:01:12",9066000
27.5,-0.2,100,"sd","13:01:09",9065000
27.5,-0.2,3000,"sd","13:01:07",9064900
27.5,-0.2,600,"sd","13:01:07",9061900
27.5,-0.2,12500,"bu","13:00:59",9061300
27.5,-0.2,1200,"bu","13:00:58",9048800
27.45,-0.25,200,"sd","13:00:57",9047600
27.45,-0.25,1400,"sd","13:00:56",9047400
27.45,-0.25,500,"sd","13:00:44",9046000
27.45,-0.25,100000,"sd","13:00:34",9045500
27.5,-0.2,1100,"bu","13:00:26",8945500
27.5,-0.2,700,"bu","13:00:24",8944400
27.5,-0.2,500,"bu","13:00:20",8943700
27.5,-0.2,300,"bu","13:00:19",8943200
27.5,-0.2,900,"bu","13:00:17",8942900
27.5,-0.2,1100,"bu","13:00:15",8942000
27.55,-0.15,3600,"bu","13:00:15",8940900
27.5,-0.2,7000,"sd","13:00:15",8937300
27.55,-0.15,10000,"bu","13:00:15",8930300
27.5,-0.2,3000,"sd","13:00:14",8920300
27.5,-0.2,200,"sd","13:00:13",8917300
27.55,-0.15,200,"bu","13:00:13",8917100
27.5,-0.2,16400,"bu","13:00:11",8916900
27.45,-0.25,100,"sd","13:00:07",8900500
27.5,-0.2,1500,"bu","13:00:05",8900400
27.45,-0.25,1100,"sd","13:00:05",8898900
27.45,-0.25,4100,"sd","13:00:04",8897800
27.5,-0.2,17300,"sd","13:00:04",8893700
27.55,-0.15,100,"bu","13:00:03",8876400
27.5,-0.2,7800,"sd","13:00:03",8876300
27.55,-0.15,900,"bu","13:00:03",8868500
27.5,-0.2,100,"sd","13:00:03",8867600
27.5,-0.2,300000,"sd","13:00:01",8867500
27.55,-0.15,100,"bu","13:00:01",8567500
27.55,-0.15,200,"bu","13:00:00",8567400
27.5,-0.2,16600,"sd","13:00:00",8567200
27.55,-0.15,100,"bu","13:00:00",8550600
27.5,-0.2,3800,"sd","13:00:00",8550500
27.55,-0.15,100,"bu","13:00:00",8546700
27.5,-0.2,10000,"sd","13:00:00",8546600
27.55,-0.15,100,"bu","11:29:38",8536600
27.55,-0.15,1000,"bu","11:29:29",8536500
27.5,-0.2,2500,"sd","11:29:17",8535500
27.5,-0.2,30000,"sd","11:29:02",8533000
27.55,-0.15,300,"bu","11:28:51",8503000
27.55,-0.15,700,"bu","11:28:31",8502700
27.5,-0.2,100,"sd","11:28:25",8502000
27.5,-0.2,1000,"sd","11:28:21",8501900
27.55,-0.15,100,"bu","11:28:09",8500900
27.55,-0.15,1000,"bu","11:27:35",8500800
27.55,-0.15,65800,"sd","11:26:29",8499800
27.55,-0.15,500,"sd","11:26:13",8434000
27.6,-0.1,100,"bu","11:26:13",8433500
27.55,-0.15,2000,"sd","11:26:00",8433400
27.55,-0.15,2500,"sd","11:25:58",8431400
27.55,-0.15,500,"sd","11:25:48",8428900
27.55,-0.15,300,"sd","11:25:32",8428400
27.55,-0.15,100,"sd","11:25:13",8428100
27.6,-0.1,1000,"bu","11:24:57",8428000
27.55,-0.15,200000,"sd","11:24:44",8427000
27.55,-0.15,500000,"sd","11:24:43",8227000
27.55,-0.15,200,"sd","11:24:42",7727000
27.6,-0.1,23100,"bu","11:24:42",7726800
27.55,-0.15,10700,"sd","11:24:37",7703700
27.55,-0.15,100,"sd","11:23:31",7693000
27.6,-0.1,300,"bu","11:23:04",7692900
27.6,-0.1,2000,"bu","11:22:37",7692600
27.6,-0.1,2000,"bu","11:22:24",7690600
27.6,-0.1,1000,"bu","11:22:19",7688600
27.6,-0.1,5000,"bu","11:21:54",7687600
27.6,-0.1,200,"bu","11:21:25",7682600
27.55,-0.15,7000,"sd","11:21:17",7682400
27.6,-0.1,1000,"bu","11:20:43",7675400
27.6,-0.1,300,"bu","11:20:41",7674400
27.6,-0.1,100,"bu","11:20:39",7674100
27.6,-0.1,200,"bu","11:20:22",7674000
27.6,-0.1,500,"bu","11:20:19",7673800
27.6,-0.1,700,"bu","11:20:18",7673300
27.6,-0.1,4700,"sd","11:20:14",7672600
27.6,-0.1,32300,"sd","11:20:14",7667900
27.65,-0.05,1000,"bu","11:19:42",7635600
27.6,-0.1,1500,"sd","11:19:30",7634600
27.6,-0.1,8000,"sd","11:19:25",7633100
27.6,-0.1,200,"sd","11:19:13",7625100
27.6,-0.1,2000,"sd","11:18:58",7624900
27.6,-0.1,500,"sd","11:18:48",7622900
27.6,-0.1,100,"sd","11:18:34",7622400
27.6,-0.1,100,"sd","11:18:30",7622300
27.6,-0.1,300,"sd","11:18:14",7622200
27.6,-0.1,200,"sd","11:17:18",7621900
27.6,-0.1,19000,"bu","11:17:17",7621700
27.6,-0.1,1000,"bu","11:17:04",7602700
27.6,-0.1,1000,"bu","11:17:04",7601700
27.55,-0.15,100,"sd","11:17:00",7600700
27.6,-0.1,6800,"sd","11:16:58",7600600
27.6,-0.1,100,"sd","11:16:49",7593800
27.6,-0.1,44700,"bu","11:16:37",7593700
27.6,-0.1,100,"bu","11:16:35",7549000
27.6,-0.1,5000,"bu","11:16:13",7548900
27.6,-0.1,1000,"bu","11:16:04",7543900
27.6,-0.1,100,"bu","11:15:59",7542900
27.6,-0.1,200,"bu","11:15:55",7542800
27.6,-0.1,100,"bu","11:15:51",7542600
27.6,-0.1,200,"bu","11:15:40",7542500
27.6,-0.1,300,"bu","11:15:34",7542300
27.6,-0.1,300,"bu","11:15:32",7542000
27.6,-0.1,200,"bu","11:15:32",7541700
27.6,-0.1,100,"bu","11:15:26",7541500
27.6,-0.1,400,"bu","11:15:17",7541400
27.6,-0.1,100,"bu","11:15:13",7541000
27.6,-0.1,100,"bu","11:15:00",7540900
27.6,-0.1,5000,"bu","11:14:59",7540800
27.6,-0.1,400,"bu","11:14:55",7535800
27.6,-0.1,500,"bu","11:14:36",7535400
27.6,-0.1,1000,"bu","11:14:27",7534900
27.55,-0.15,100,"sd","11:14:15",7533900
27.6,-0.1,100,"bu","11:14:11",7533800
27.55,-0.15,15900,"sd","11:14:09",7533700
27.6,-0.1,12000,"sd","11:14:09",7517800
27.6,-0.1,15900,"sd","11:14:03",7505800
27.6,-0.1,100,"sd","11:13:57",7489900
27.6,-0.1,9900,"bu","11:13:54",7489800
27.6,-0.1,100,"bu","11:13:53",7479900
27.6,-0.1,600,"bu","11:13:44",7479800
27.6,-0.1,2000,"bu","11:13:28",7479200
27.6,-0.1,900,"sd","11:13:21",7477200
27.55,-0.15,5200,"sd","11:13:20",7476300
27.55,-0.15,400,"sd","11:13:20",7471100
27.6,-0.1,4200,"sd","11:13:20",7470700
27.6,-0.1,10300,"sd","11:13:16",7466500
27.6,-0.1,10400,"sd","11:13:04",7456200
27.6,-0.1,2500,"sd","11:13:03",7445800
27.6,-0.1,2600,"sd","11:12:58",7443300
27.6,-0.1,6200,"bu","11:12:40",7440700
27.6,-0.1,1000,"bu","11:12:35",7434500
27.6,-0.1,500,"bu","11:12:31",7433500
27.6,-0.1,5000,"bu","11:12:29",7433000
27.6,-0.1,300,"bu","11:12:27",7428000
27.6,-0.1,5000,"bu","11:12:23",7427700
27.6,-0.1,5500,"bu","11:12:20",7422700
27.6,-0.1,10000,"bu","11:12:15",7417200
27.6,-0.1,10500,"bu","11:12:14",7407200
27.6,-0.1,500,"bu","11:12:12",7396700
27.6,-0.1,20000,"bu","11:12:02",7396200
27.6,-0.1,100000,"bu","11:12:00",7376200
27.6,-0.1,4000,"bu","11:12:00",7276200
27.6,-0.1,1000,"bu","11:11:58",7272200
27.6,-0.1,12900,"sd","11:11:54",7271200
27.6,-0.1,300,"sd","11:11:53",7258300
27.6,-0.1,15500,"bu","11:11:52",7258000
27.6,-0.1,700,"bu","11:11:51",7242500
27.6,-0.1,1100,"bu","11:11:49",7241800
27.6,-0.1,27700,"bu","11:11:46",7240700
27.6,-0.1,5000,"sd","11:11:45",7213000
27.6,-0.1,400,"sd","11:11:31",7208000
27.6,-0.1,300,"sd","11:11:30",7207600
27.6,-0.1,1100,"bu","11:11:26",7207300
27.6,-0.1,300000,"bu","11:11:10",7206200
27.6,-0.1,600,"bu","11:11:04",6906200
27.6,-0.1,1400,"bu","11:10:55",6905600
27.6,-0.1,200,"bu","11:10:46",6904200
27.55,-0.15,300,"sd","11:10:44",6904000
27.6,-0.1,100000,"bu","11:10:34",6903700
27.55,-0.15,1400,"sd","11:10:32",6803700
27.55,-0.15,600,"sd","11:09:47",6802300
27.55,-0.15,900,"sd","11:09:36",6801700
27.55,-0.15,19200,"sd","11:09:26",6800800
27.55,-0.15,5500,"sd","11:09:20",6781600
27.6,-0.1,1000,"bu","11:09:12",6776100
27.55,-0.15,400,"sd","11:08:43",6775100
27.55,-0.15,1000,"sd","11:08:37",6774700
27.55,-0.15,500,"sd","11:08:07",6773700
27.55,-0.15,1000,"sd","11:08:04",6773200
27.55,-0.15,1000,"sd","11:07:57",6772200
27.55,-0.15,1200,"sd","11:07:55",6771200
27.55,-0.15,2000,"sd","11:07:47",6770000
27.55,-0.15,1600,"sd","11:07:45",6768000
27.55,-0.15,1800,"sd","11:07:37",6766400
27.55,-0.15,2200,"sd","11:07:23",6764600
27.55,-0.15,8300,"sd","11:07:00",6762400
27.55,-0.15,100,"sd","11:06:59",6754100
27.55,-0.15,200,"sd","11:06:56",6754000
27.55,-0.15,500,"sd","11:06:53",6753800
27.55,-0.15,3100,"sd","11:06:45",6753300
27.55,-0.15,500,"sd","11:06:40",6750200
27.55,-0.15,5000,"sd","11:06:36",6749700
27.55,-0.15,1000,"sd","11:06:35",6744700
27.6,-0.1,1000,"bu","11:06:34",6743700
27.55,-0.15,100,"sd","11:06:24",6742700
27.55,-0.15,50000,"sd","11:06:18",6742600
27.55,-0.15,900,"sd","11:06:15",6692600
27.55,-0.15,300,"sd","11:06:07",6691700
27.55,-0.15,50000,"sd","11:05:58",6691400
27.55,-0.15,2600,"sd","11:05:50",6641400
27.55,-0.15,1000,"sd","11:05:29",6638800
27.55,-0.15,6200,"sd","11:05:21",6637800
27.55,-0.15,300,"sd","11:05:11",6631600
27.55,-0.15,500,"sd","11:04:58",6631300
27.55,-0.15,5000,"sd","11:04:57",6630800
27.55,-0.15,800,"sd","11:04:29",6625800
27.6,-0.1,100,"bu","11:04:06",6625000
27.55,-0.15,8000,"sd","11:04:05",6624900
27.6,-0.1,1000,"bu","11:03:57",6616900
27.6,-0.1,100,"bu","11:03:45",6615900
27.6,-0.1,3000,"bu","11:03:28",6615800
27.55,-0.15,1300,"sd","11:03:08",6612800
27.55,-0.15,1000,"sd","11:03:07",6611500
27.55,-0.15,5300,"sd","11:02:26",6610500
27.55,-0.15,10000,"sd","11:02:24",6605200
27.55,-0.15,2000,"sd","11:01:59",6595200
27.55,-0.15,10000,"sd","11:01:54",6593200
27.55,-0.15,300,"sd","11:01:34",6583200
27.6,-0.1,1000,"bu","11:01:19",6582900
27.55,-0.15,100,"sd","11:01:16",6581900
27.55,-0.15,2000,"sd","11:01:15",6581800
27.6,-0.1,100,"bu","11:01:11",6579800
27.55,-0.15,300,"sd","11:01:10",6579700
27.55,-0.15,1000,"sd","11:01:07",6579400
27.55,-0.15,157900,"bu","11:01:02",6578400
27.55,-0.15,100,"bu","11:00:56",6420500
27.55,-0.15,1000,"bu","11:00:49",6420400
27.5,-0.2,300,"sd","11:00:49",6419400
27.55,-0.15,41000,"sd","11:00:41",6419100
27.55,-0.15,1200,"sd","11:00:39",6378100
27.55,-0.15,8800,"bu","11:00:35",6376900
27.55,-0.15,30000,"bu","11:00:34",6368100
27.5,-0.2,500,"sd","11:00:29",6338100
27.55,-0.15,150000,"bu","11:00:26",6337600
27.5,-0.2,1000,"sd","11:00:20",6187600
27.55,-0.15,7100,"bu","11:00:17",6186600
27.55,-0.15,19000,"bu","10:59:54",6179500
27.55,-0.15,21100,"sd","10:59:52",6160500
27.55,-0.15,100,"sd","10:59:45",6139400
27.55,-0.15,5000,"sd","10:59:44",6139300
27.55,-0.15,5000,"sd","10:59:41",6134300
27.55,-0.15,168800,"bu","10:59:40",6129300
27.55,-0.15,500,"bu","10:59:38",5960500
27.55,-0.15,500,"bu","10:59:29",5960000
27.55,-0.15,300,"bu","10:59:21",5959500
27.55,-0.15,10000,"bu","10:59:11",5959200
27.55,-0.15,10000,"bu","10:59:01",5949200
27.55,-0.15,10000,"bu","10:58:50",5939200
27.5,-0.2,3000,"sd","10:58:45",5929200
27.55,-0.15,1000,"bu","10:58:42",5926200
27.5,-0.2,100,"sd","10:58:40",5925200
27.55,-0.15,1000,"bu","10:58:36",5925100
27.5,-0.2,9000,"sd","10:58:33",5924100
27.5,-0.2,200,"sd","10:58:30",5915100
27.5,-0.2,100,"sd","10:58:15",5914900
27.5,-0.2,9000,"sd","10:58:07",5914800
27.5,-0.2,100,"sd","10:58:00",5905800
27.55,-0.15,100,"bu","10:57:22",5905700
27.5,-0.2,300,"sd","10:57:11",5905600
27.55,-0.15,100,"bu","10:57:11",5905300
27.55,-0.15,100,"bu","10:57:08",5905200
27.5,-0.2,10000,"sd","10:56:57",5905100
27.55,-0.15,100,"bu","10:56:43",5895100
27.55,-0.15,100,"bu","10:56:28",5895000
27.5,-0.2,600,"sd","10:56:16",5894900
27.5,-0.2,4400,"sd","10:56:06",5894300
27.55,-0.15,1000,"bu","10:56:04",5889900
27.55,-0.15,300,"bu","10:55:56",5888900
27.5,-0.2,300,"sd","10:55:48",5888600
27.55,-0.15,500,"bu","10:55:47",5888300
27.55,-0.15,2500,"bu","10:55:43",5887800
27.5,-0.2,1000,"sd","10:55:43",5885300
27.5,-0.2,100,"sd","10:55:32",5884300
27.55,-0.15,10000,"bu","10:54:55",5884200
27.55,-0.15,100,"bu","10:54:54",5874200
27.55,-0.15,1400,"bu","10:54:36",5874100
27.5,-0.2,1000,"sd","10:54:27",5872700
27.5,-0.2,100,"sd","10:54:18",5871700
27.55,-0.15,1000,"bu","10:54:13",5871600
27.5,-0.2,500,"sd","10:53:58",5870600
27.5,-0.2,1000,"sd","10:53:54",5870100
27.5,-0.2,3000,"sd","10:53:53",5869100
27.5,-0.2,500,"sd","10:53:44",5866100
27.5,-0.2,200,"sd","10:53:41",5865600
27.5,-0.2,1500,"sd","10:53:32",5865400
27.55,-0.15,1000,"bu","10:53:27",5863900
27.5,-0.2,400,"sd","10:53:26",5862900
27.5,-0.2,300,"sd","10:53:23",5862500
27.5,-0.2,700,"sd","10:53:22",5862200
27.5,-0.2,3300,"sd","10:53:04",5861500
27.5,-0.2,10000,"sd","10:53:02",5858200
27.5,-0.2,1500,"sd","10:52:48",5848200
27.5,-0.2,10000,"sd","10:52:46",5846700
27.5,-0.2,1000,"sd","10:52:44",5836700
27.55,-0.15,300,"bu","10:52:39",5835700
27.5,-0.2,400,"sd","10:52:38",5835400
27.5,-0.2,700,"sd","10:51:53",5835000
27.55,-0.15,4000,"bu","10:51:51",5834300
27.55,-0.15,23200,"sd","10:51:35",5830300
27.55,-0.15,100,"sd","10:51:34",5807100
27.55,-0.15,600,"sd","10:51:32",5807000
27.55,-0.15,2000,"sd","10:51:29",5806400
27.55,-0.15,2500,"sd","10:51:06",5804400
27.55,-0.15,500,"sd","10:51:04",5801900
27.55,-0.15,1000,"sd","10:50:53",5801400
27.6,-0.1,1000,"bu","10:50:49",5800400
27.55,-0.15,4000,"sd","10:50:49",5799400
27.55,-0.15,1100,"sd","10:50:44",5795400
27.55,-0.15,10000,"sd","10:50:38",5794300
27.55,-0.15,3300,"sd","10:50:30",5784300
27.55,-0.15,5000,"sd","10:50:24",5781000
27.55,-0.15,7100,"sd","10:50:19",5776000
27.55,-0.15,1000,"sd","10:49:57",5768900
27.55,-0.15,2000,"sd","10:49:55",5767900
27.55,-0.15,100,"sd","10:49:36",5765900
27.55,-0.15,500,"sd","10:49:24",5765800
27.55,-0.15,200,"sd","10:49:02",5765300
27.55,-0.15,200,"sd","10:49:00",5765100
27.55,-0.15,1400,"sd","10:48:43",5764900
27.55,-0.15,500,"sd","10:48:42",5763500
27.55,-0.15,1000,"sd","10:48:29",5763000
27.55,-0.15,900,"sd","10:48:08",5762000
27.55,-0.15,300,"sd","10:48:05",5761100
27.55,-0.15,700,"sd","10:48:04",5760800
27.55,-0.15,500,"sd","10:47:50",5760100
27.55,-0.15,5000,"sd","10:47:37",5759600
27.55,-0.15,100,"sd","10:47:04",5754600
27.55,-0.15,2000,"sd","10:47:02",5754500
27.55,-0.15,500,"sd","10:46:53",5752500
27.55,-0.15,10800,"sd","10:46:52",5752000
27.55,-0.15,300,"sd","10:46:39",5741200
27.55,-0.15,500,"sd","10:46:33",5740900
27.55,-0.15,2000,"sd","10:46:32",5740400
27.55,-0.15,500,"sd","10:46:22",5738400
27.55,-0.15,100,"sd","10:46:20",5737900
27.55,-0.15,26800,"sd","10:46:19",5737800
27.55,-0.15,2000,"sd","10:46:18",5711000
27.55,-0.15,100,"sd","10:46:12",5709000
27.55,-0.15,2000,"sd","10:45:43",5708900
27.55,-0.15,500,"sd","10:45:40",5706900
27.55,-0.15,100,"sd","10:45:36",5706400
27.55,-0.15,1600,"sd","10:45:17",5706300
27.55,-0.15,1000,"sd","10:45:12",5704700
27.55,-0.15,3000,"sd","10:44:59",5703700
27.55,-0.15,2500,"sd","10:44:58",5700700
27.55,-0.15,2500,"sd","10:44:53",5698200
27.6,-0.1,10000,"bu","10:44:40",5695700
27.55,-0.15,200,"sd","10:44:39",5685700
27.6,-0.1,200,"bu","10:44:28",5685500
27.55,-0.15,10000,"sd","10:44:17",5683800
27.55,-0.15,500,"sd","10:44:14",5673800
27.55,-0.15,4800,"sd","10:43:51",5673300
27.55,-0.15,6000,"sd","10:43:41",5668500
27.55,-0.15,100,"sd","10:43:39",5662500
27.55,-0.15,3100,"bu","10:43:31",5662400
27.55,-0.15,100,"bu","10:43:24",5659300
27.55,-0.15,300,"bu","10:43:14",5659200
27.55,-0.15,2000,"bu","10:43:01",5658900
27.55,-0.15,2800,"bu","10:43:00",5656900
27.5,-0.2,200,"sd","10:42:51",5654100
27.55,-0.15,1000,"bu","10:42:48",5653900
27.55,-0.15,1000,"bu","10:42:45",5652900
27.55,-0.15,600,"bu","10:42:39",5651900
27.55,-0.15,1000,"bu","10:42:21",5651300
27.55,-0.15,300,"bu","10:42:18",5650300
27.55,-0.15,500,"bu","10:42:11",5650000
27.55,-0.15,5000,"bu","10:42:07",5649500
27.5,-0.2,500,"sd","10:42:04",5644500
27.55,-0.15,100000,"bu","10:42:01",5644000
27.55,-0.15,400,"bu","10:41:51",5544000
27.55,-0.15,100,"bu","10:41:50",5543600
27.55,-0.15,400,"bu","10:41:47",5543500
27.55,-0.15,1000,"bu","10:41:43",5543100
27.55,-0.15,2000,"bu","10:41:31",5542100
27.5,-0.2,100,"sd","10:41:17",5540100
27.55,-0.15,1000,"bu","10:41:08",5540000
27.55,-0.15,44200,"bu","10:40:41",5539000
27.55,-0.15,4400,"bu","10:40:40",5494800
27.55,-0.15,10000,"bu","10:40:34",5490400
27.55,-0.15,1000,"bu","10:40:25",5480400
27.55,-0.15,100,"bu","10:40:10",5479400
27.5,-0.2,200,"sd","10:40:09",5479300
27.5,-0.2,500,"sd","10:40:07",5479100
27.5,-0.2,400,"sd","10:39:51",5478600
27.55,-0.15,1500,"bu","10:39:36",5478200
27.5,-0.2,3300,"sd","10:39:25",5476700
27.55,-0.15,1000,"bu","10:39:06",5473400
27.5,-0.2,500,"sd","10:37:58",5472400
27.55,-0.15,2000,"bu","10:37:55",5471900
27.5,-0.2,500,"sd","10:37:47",5469900
27.5,-0.2,300,"sd","10:37:38",5469400
27.5,-0.2,400,"sd","10:37:22",5469100
27.5,-0.2,100,"sd","10:36:39",5468700
27.5,-0.2,200,"sd","10:36:32",5468600
27.5,-0.2,50000,"sd","10:36:05",5468400
27.55,-0.15,200,"bu","10:36:03",5418400
27.5,-0.2,500,"sd","10:36:02",5418200
27.55,-0.15,7000,"bu","10:35:59",5417700
27.55,-0.15,1500,"bu","10:35:58",5410700
27.5,-0.2,1000,"sd","10:35:46",5409200
27.5,-0.2,100,"sd","10:35:38",5408200
27.5,-0.2,5000,"sd","10:35:34",5408100
27.5,-0.2,100,"sd","10:35:20",5403100
27.5,-0.2,500,"sd","10:35:17",5403000
27.55,-0.15,200,"bu","10:35:17",5402500
27.55,-0.15,200,"bu","10:35:13",5402300
27.55,-0.15,200,"bu","10:34:48",5402100
27.5,-0.2,1000,"sd","10:34:42",5401900
27.55,-0.15,2000,"bu","10:34:29",5400900
27.55,-0.15,700,"bu","10:34:27",5398900
27.5,-0.2,100,"sd","10:34:21",5398200
27.55,-0.15,1500,"bu","10:34:17",5398100
27.55,-0.15,100,"bu","10:33:58",5396600
27.55,-0.15,100,"bu","10:33:52",5396500
27.55,-0.15,1500,"bu","10:33:40",5396400
27.5,-0.2,500,"sd","10:33:36",5394900
27.5,-0.2,11700,"sd","10:33:35",5394400
27.55,-0.15,100,"bu","10:33:26",5382700
27.5,-0.2,100,"sd","10:33:20",5382600
27.5,-0.2,100,"sd","10:33:18",5382500
27.5,-0.2,400,"sd","10:33:18",5382400
27.55,-0.15,5000,"bu","10:33:17",5382000
27.5,-0.2,1000,"sd","10:33:15",5377000
27.5,-0.2,3000,"sd","10:33:14",5376000
27.5,-0.2,200,"sd","10:33:01",5373000
27.55,-0.15,100,"bu","10:33:00",5372800
27.5,-0.2,1000,"sd","10:32:56",5372700
27.55,-0.15,100,"bu","10:32:52",5371700
27.55,-0.15,100,"bu","10:32:26",5371600
27.5,-0.2,500,"sd","10:32:25",5371500
27.5,-0.2,1200,"sd","10:32:09",5371000
27.5,-0.2,800,"sd","10:32:09",5369800
27.5,-0.2,700,"sd","10:32:05",5369000
27.5,-0.2,500,"sd","10:32:01",5368300
27.5,-0.2,300,"sd","10:31:59",5367800
27.5,-0.2,800,"sd","10:31:49",5367500
27.5,-0.2,1000,"sd","10:31:28",5366700
27.55,-0.15,500,"bu","10:31:27",5365700
27.5,-0.2,100,"sd","10:31:22",5365200
27.5,-0.2,300,"sd","10:31:19",5365100
27.5,-0.2,300,"sd","10:31:16",5364800
27.5,-0.2,300,"sd","10:31:16",5364500
27.5,-0.2,1100,"sd","10:31:12",5364200
27.5,-0.2,2100,"bu","10:31:10",5363100
27.5,-0.2,1000,"bu","10:31:09",5361000
27.5,-0.2,300,"bu","10:31:02",5360000
27.5,-0.2,2000,"bu","10:30:59",5359700
27.5,-0.2,1000,"bu","10:30:55",5357700
27.5,-0.2,1000,"bu","10:30:52",5356700
27.5,-0.2,1000,"sd","10:30:49",5355700
27.5,-0.2,600,"bu","10:30:48",5354700
27.5,-0.2,2000,"bu","10:30:48",5354100
27.5,-0.2,200,"bu","10:30:46",5352100
27.5,-0.2,2000,"bu","10:30:44",5351900
27.5,-0.2,31900,"bu","10:30:41",5349900
27.5,-0.2,200,"bu","10:30:40",5318000
27.5,-0.2,500,"bu","10:30:30",5317800
27.45,-0.25,300,"sd","10:30:29",5317300
27.5,-0.2,600,"bu","10:30:27",5317000
27.45,-0.25,100,"sd","10:30:24",5316400
27.5,-0.2,1600,"bu","10:30:22",5316300
27.45,-0.25,3000,"sd","10:30:19",5314700
27.45,-0.25,1300,"sd","10:30:11",5311700
27.45,-0.25,200,"sd","10:30:08",5310400
27.5,-0.2,1000,"bu","10:30:07",5310200
27.45,-0.25,200,"sd","10:30:06",5309200
27.45,-0.25,1400,"sd","10:30:02",5309000
27.45,-0.25,500,"sd","10:29:58",5307600
27.45,-0.25,3000,"sd","10:29:48",5307100
27.5,-0.2,1000,"bu","10:29:48",5304100
27.5,-0.2,400,"bu","10:29:43",5303100
27.5,-0.2,2000,"bu","10:29:39",5302700
27.45,-0.25,5000,"sd","10:29:26",5300700
27.5,-0.2,100,"bu","10:29:11",5295700
27.45,-0.25,2700,"sd","10:28:49",5295600
27.5,-0.2,500,"bu","10:28:46",5292900
27.45,-0.25,9000,"sd","10:28:45",5292400
27.5,-0.2,40000,"bu","10:28:32",5283400
27.45,-0.25,2700,"sd","10:28:30",5243400
27.45,-0.25,300,"sd","10:28:21",5240700
27.45,-0.25,2200,"sd","10:28:10",5240400
27.45,-0.25,3000,"sd","10:28:07",5238200
27.45,-0.25,4900,"sd","10:27:54",5235200
27.5,-0.2,1000,"bu","10:27:54",5230300
27.5,-0.2,100,"bu","10:27:50",5229300
27.5,-0.2,11600,"sd","10:27:41",5229200
27.5,-0.2,9600,"sd","10:27:39",5217600
27.5,-0.2,31500,"sd","10:27:38",5208000
27.5,-0.2,18500,"sd","10:27:37",5176500
27.5,-0.2,50000,"sd","10:27:35",5158000
27.5,-0.2,3000,"sd","10:27:34",5108000
27.5,-0.2,5200,"sd","10:27:31",5105000
27.5,-0.2,4000,"sd","10:27:30",5099800
27.5,-0.2,1300,"sd","10:27:25",5095800
27.5,-0.2,20000,"sd","10:27:20",5094500
27.5,-0.2,2000,"sd","10:27:18",5074500
27.5,-0.2,800,"sd","10:27:17",5072500
27.5,-0.2,5000,"sd","10:27:07",5071700
27.5,-0.2,20000,"sd","10:27:07",5066700
27.5,-0.2,2300,"sd","10:27:04",5046700
27.5,-0.2,3000,"sd","10:27:02",5044400
27.55,-0.15,100,"bu","10:26:52",5041400
27.5,-0.2,5000,"sd","10:26:51",5041300
27.5,-0.2,33200,"sd","10:26:47",5036300
27.5,-0.2,2900,"sd","10:26:41",5003100
27.5,-0.2,700,"sd","10:26:36",5000200
27.5,-0.2,500,"sd","10:26:35",4999500
27.5,-0.2,500,"sd","10:26:34",4999000
27.5,-0.2,2600,"sd","10:26:23",4998500
27.5,-0.2,200,"sd","10:26:18",4995900
27.5,-0.2,6500,"sd","10:26:13",4995700
27.5,-0.2,2500,"sd","10:26:04",4989200
27.5,-0.2,100,"sd","10:26:02",4986700
27.5,-0.2,24600,"sd","10:25:48",4986600
27.5,-0.2,2900,"sd","10:25:47",4962000
27.5,-0.2,200,"sd","10:25:39",4959100
27.55,-0.15,100,"bu","10:25:37",4958900
27.5,-0.2,2700,"sd","10:25:25",4958800
27.5,-0.2,200,"sd","10:25:23",4956100
27.5,-0.2,100,"sd","10:25:10",4955900
27.5,-0.2,1600,"sd","10:25:06",4955800
27.5,-0.2,4100,"sd","10:24:54",4954200
27.55,-0.15,100,"bu","10:24:54",4950100
27.55,-0.15,200,"sd","10:24:51",4950000
27.55,-0.15,125600,"sd","10:24:51",4949800
27.55,-0.15,5000,"sd","10:24:49",4824200
27.55,-0.15,500,"sd","10:24:49",4819200
27.55,-0.15,100,"sd","10:24:47",4818700
27.55,-0.15,3200,"sd","10:24:46",4818600
27.55,-0.15,8200,"sd","10:24:35",4815400
27.55,-0.15,5000,"sd","10:24:31",4807200
27.55,-0.15,1000,"sd","10:24:25",4802200
27.55,-0.15,2600,"sd","10:24:25",4801200
27.55,-0.15,500,"sd","10:24:17",4798600
27.55,-0.15,500,"sd","10:24:14",4798100
27.55,-0.15,100,"sd","10:24:09",4797600
27.55,-0.15,200,"sd","10:24:06",4797500
27.55,-0.15,2800,"sd","10:24:05",4797300
27.55,-0.15,500,"sd","10:24:04",4794500
27.55,-0.15,179800,"sd","10:23:59",4794000
27.55,-0.15,1500,"sd","10:23:57",4614200
27.6,-0.1,500,"bu","10:23:57",4612700
27.55,-0.15,100,"sd","10:23:53",4612200
27.55,-0.15,600,"sd","10:23:51",4612100
27.55,-0.15,3000,"sd","10:23:49",4611500
27.55,-0.15,1400,"sd","10:23:45",4608500
27.55,-0.15,5200,"sd","10:23:35",4607100
27.55,-0.15,2000,"sd","10:23:34",4601900
27.55,-0.15,1000,"sd","10:23:33",4599900
27.55,-0.15,800,"sd","10:23:25",4598900
27.55,-0.15,5300,"sd","10:23:19",4598100
27.55,-0.15,1000,"sd","10:23:02",4592800
27.55,-0.15,2000,"sd","10:22:59",4591800
27.55,-0.15,500,"sd","10:22:58",4589800
27.55,-0.15,4000,"sd","10:22:57",4589300
27.55,-0.15,3500,"sd","10:22:52",4585300
27.55,-0.15,3500,"sd","10:22:37",4581800
27.55,-0.15,3200,"sd","10:22:28",4578300
27.55,-0.15,10000,"sd","10:22:19",4575100
27.55,-0.15,2000,"sd","10:22:17",4565100
27.55,-0.15,2300,"sd","10:22:04",4563100
27.55,-0.15,2200,"sd","10:21:47",4560800
27.55,-0.15,8000,"sd","10:21:39",4558600
27.55,-0.15,500,"sd","10:21:39",4550600
27.6,-0.1,500,"bu","10:21:38",4550100
27.55,-0.15,4400,"sd","10:21:32",4549600
27.55,-0.15,1000,"sd","10:21:08",4545200
27.55,-0.15,2700,"sd","10:20:59",4544200
27.55,-0.15,700,"sd","10:20:56",4541500
27.55,-0.15,2600,"sd","10:20:40",4540800
27.55,-0.15,10000,"sd","10:20:30",4538200
27.55,-0.15,500,"sd","10:20:26",4528200
27.55,-0.15,2000,"sd","10:20:25",4527700
27.55,-0.15,3200,"sd","10:20:21",4525700
27.55,-0.15,5000,"sd","10:20:15",4522500
27.55,-0.15,4200,"sd","10:19:57",4517500
27.6,-0.1,200,"bu","10:19:54",4513300
27.55,-0.15,1500,"sd","10:19:47",4513100
27.55,-0.15,1000,"sd","10:19:44",4511600
27.55,-0.15,1700,"sd","10:19:27",4510600
27.55,-0.15,1200,"sd","10:19:22",4508900
27.55,-0.15,4200,"sd","10:19:15",4507700
27.55,-0.15,2400,"sd","10:19:11",4503500
27.55,-0.15,200,"sd","10:19:07",4501100
27.55,-0.15,500,"sd","10:18:51",4500900
27.55,-0.15,300,"sd","10:18:46",4500400
27.55,-0.15,2600,"sd","10:18:45",4500100
27.55,-0.15,100,"sd","10:18:37",4497500
27.55,-0.15,200,"sd","10:18:36",4497400
27.55,-0.15,5300,"sd","10:18:25",4497200
27.6,-0.1,1000,"bu","10:18:24",4491900
27.6,-0.1,1000,"bu","10:18:20",4490900
27.55,-0.15,15900,"sd","10:18:15",4489900
27.55,-0.15,100,"sd","10:18:00",4474000
27.6,-0.1,1000,"bu","10:17:56",4473900
27.6,-0.1,7000,"sd","10:17:50",4472900
27.6,-0.1,500,"sd","10:17:48",4465900
27.6,-0.1,1700,"sd","10:17:47",4465400
27.6,-0.1,1500,"sd","10:17:44",4463700
27.6,-0.1,6500,"sd","10:17:39",4462200
27.6,-0.1,2500,"sd","10:17:39",4455700
27.6,-0.1,2000,"sd","10:17:36",4453200
27.65,-0.05,300,"bu","10:17:35",4451200
27.6,-0.1,2400,"sd","10:17:35",4450900
27.6,-0.1,23400,"sd","10:17:24",4448500
27.6,-0.1,1000,"sd","10:17:21",4425100
27.6,-0.1,500,"sd","10:17:18",4424100
27.6,-0.1,1700,"sd","10:17:17",4423600
27.6,-0.1,500,"sd","10:17:14",4421900
27.6,-0.1,4000,"sd","10:17:10",4421400
27.6,-0.1,41000,"sd","10:17:06",4417400
27.6,-0.1,2700,"sd","10:17:05",4376400
27.6,-0.1,200,"sd","10:17:02",4373700
27.6,-0.1,500,"sd","10:16:59",4373500
27.6,-0.1,300,"sd","10:16:58",4373000
27.6,-0.1,2800,"sd","10:16:45",4372700
27.6,-0.1,1300,"sd","10:16:43",4369900
27.6,-0.1,200,"sd","10:16:36",4368600
27.6,-0.1,2200,"sd","10:16:25",4368400
27.6,-0.1,100,"sd","10:16:09",4366200
27.6,-0.1,1600,"sd","10:16:09",4366100
27.6,-0.1,1700,"sd","10:15:57",4364500
27.6,-0.1,2000,"sd","10:15:53",4362800
27.6,-0.1,300,"sd","10:15:46",4360800
27.6,-0.1,2300,"sd","10:15:45",4360500
27.65,-0.05,400,"bu","10:15:41",4358200
27.6,-0.1,1000,"sd","10:15:38",4357800
27.6,-0.1,300,"sd","10:15:37",4356800
27.65,-0.05,1000,"bu","10:15:37",4356500
27.6,-0.1,500,"sd","10:15:31",4355500
27.6,-0.1,2400,"sd","10:15:28",4355000
27.6,-0.1,2500,"sd","10:15:28",4352600
27.6,-0.1,300,"sd","10:15:27",4350100
27.6,-0.1,3000,"sd","10:15:19",4349800
27.6,-0.1,400,"sd","10:15:15",4346800
27.6,-0.1,4900,"sd","10:15:10",4346400
27.6,-0.1,1200,"sd","10:15:08",4341500
27.6,-0.1,4100,"sd","10:14:35",4340300
27.6,-0.1,600,"sd","10:14:13",4336200
27.6,-0.1,1000,"sd","10:14:10",4335600
27.6,-0.1,4100,"sd","10:14:04",4334600
27.6,-0.1,200,"sd","10:13:50",4330500
27.6,-0.1,2400,"sd","10:13:42",4330300
27.6,-0.1,100,"sd","10:13:41",4327900
27.6,-0.1,500,"sd","10:13:39",4327800
27.6,-0.1,3900,"sd","10:13:24",4327300
27.6,-0.1,8000,"sd","10:13:24",4323400
27.6,-0.1,100,"sd","10:13:20",4315400
27.6,-0.1,4000,"sd","10:13:11",4315300
27.6,-0.1,900,"sd","10:13:08",4311300
27.6,-0.1,1300,"sd","10:13:04",4310400
27.6,-0.1,1300,"sd","10:12:47",4309100
27.6,-0.1,3900,"sd","10:12:21",4307800
27.65,-0.05,40700,"bu","10:12:21",4303900
27.6,-0.1,3900,"sd","10:12:20",4263200
27.6,-0.1,1700,"sd","10:12:13",4259300
27.6,-0.1,100,"sd","10:12:06",4257600
27.6,-0.1,2400,"sd","10:12:02",4257500
27.6,-0.1,1000,"sd","10:12:00",4255100
27.6,-0.1,2600,"sd","10:11:54",4254100
27.6,-0.1,6000,"bu","10:11:53",4251500
27.6,-0.1,200,"bu","10:11:51",4245500
27.6,-0.1,2000,"bu","10:11:39",4245300
27.6,-0.1,4600,"bu","10:11:28",4243300
27.6,-0.1,2000,"bu","10:11:14",4238700
27.6,-0.1,4600,"sd","10:10:55",4236700
27.6,-0.1,200,"sd","10:10:48",4232100
27.6,-0.1,1000,"sd","10:10:46",4231900
27.65,-0.05,100,"bu","10:10:46",4230900
27.6,-0.1,200,"sd","10:10:39",4230800
27.6,-0.1,5000,"sd","10:10:34",4230600
27.6,-0.1,3700,"sd","10:10:32",4225600
27.6,-0.1,5000,"sd","10:10:30",4221900
27.6,-0.1,200,"sd","10:10:24",4216900
27.6,-0.1,2100,"sd","10:10:19",4216700
27.6,-0.1,186100,"bu","10:10:12",4214600
27.55,-0.15,200,"sd","10:10:11",4028500
27.55,-0.15,4600,"sd","10:10:04",4028300
27.55,-0.15,2000,"sd","10:10:01",4023700
27.55,-0.15,100,"sd","10:09:52",4021700
27.55,-0.15,1700,"sd","10:09:30",4021600
27.55,-0.15,700,"sd","10:09:27",4019900
27.55,-0.15,2000,"sd","10:09:17",4019200
27.55,-0.15,600,"sd","10:09:13",4017200
27.6,-0.1,100,"bu","10:09:10",4016600
27.55,-0.15,200,"sd","10:09:05",4016500
27.55,-0.15,1500,"sd","10:09:03",4016300
27.55,-0.15,100,"sd","10:08:55",4014800
27.55,-0.15,100,"sd","10:08:54",4014700
27.55,-0.15,2000,"sd","10:08:52",4014600
27.55,-0.15,2000,"sd","10:08:46",4012600
27.55,-0.15,4700,"sd","10:08:37",4010600
27.55,-0.15,5000,"sd","10:08:33",4005900
27.55,-0.15,600,"sd","10:08:27",4000900
27.55,-0.15,1000,"sd","10:08:18",4000300
27.6,-0.1,500,"bu","10:08:14",3999300
27.6,-0.1,800,"bu","10:08:13",3998800
27.55,-0.15,3300,"sd","10:08:03",3998000
27.55,-0.15,2000,"sd","10:07:59",3994700
27.55,-0.15,1900,"sd","10:07:39",3992700
27.55,-0.15,900,"sd","10:07:35",3990800
27.55,-0.15,100,"sd","10:07:34",3988900
27.55,-0.15,4600,"sd","10:07:31",3988800
27.55,-0.15,300,"sd","10:07:28",3984200
27.55,-0.15,4200,"sd","10:07:25",3983900
27.55,-0.15,10000,"sd","10:07:20",3979700
27.55,-0.15,100,"sd","10:07:19",3969700
27.55,-0.15,100,"sd","10:07:17",3969600
27.55,-0.15,10000,"sd","10:07:15",3969500
27.55,-0.15,200,"sd","10:07:02",3959500
27.55,-0.15,100,"sd","10:06:56",3959300
27.55,-0.15,4500,"sd","10:06:55",3959200
27.55,-0.15,1000,"sd","10:06:40",3954700
27.55,-0.15,3000,"sd","10:06:37",3953700
27.55,-0.15,100,"sd","10:06:25",3950700
27.55,-0.15,1300,"sd","10:06:15",3950600
27.55,-0.15,2000,"sd","10:06:11",3949300
27.55,-0.15,2300,"sd","10:06:07",3947300
27.55,-0.15,1700,"sd","10:06:06",3945000
27.55,-0.15,200,"sd","10:05:58",3943300
27.55,-0.15,1800,"sd","10:05:54",3943100
27.6,-0.1,300,"bu","10:05:46",3941300
27.55,-0.15,200,"sd","10:05:46",3941000
27.6,-0.1,200,"bu","10:05:42",3940800
27.6,-0.1,3300,"sd","10:05:35",3940600
27.6,-0.1,40600,"sd","10:05:34",3937300
27.65,-0.05,200,"bu","10:05:34",3896700
27.65,-0.05,100,"bu","10:05:29",3896500
27.6,-0.1,200,"sd","10:05:29",3896400
27.6,-0.1,1000,"sd","10:05:01",3896200
27.6,-0.1,100,"sd","10:05:00",3895200
27.6,-0.1,2000,"sd","10:04:49",3895100
27.6,-0.1,200,"sd","10:04:48",3893100
27.65,-0.05,100,"bu","10:04:42",3892900
27.6,-0.1,800,"bu","10:04:31",3892800
27.6,-0.1,100,"bu","10:04:29",3892000
27.6,-0.1,70000,"bu","10:04:25",3891900
27.6,-0.1,300,"bu","10:04:20",3821900
27.6,-0.1,500,"bu","10:04:17",3821600
27.6,-0.1,200,"bu","10:04:12",3821100
27.6,-0.1,100,"bu","10:04:08",3820900
27.6,-0.1,5000,"bu","10:04:05",3820800
27.6,-0.1,100,"bu","10:03:55",3815800
27.6,-0.1,400,"bu","10:03:43",3815700
27.6,-0.1,3700,"bu","10:03:16",3815300
27.55,-0.15,800,"sd","10:03:15",3811600
27.6,-0.1,500,"bu","10:03:14",3810800
27.6,-0.1,100,"bu","10:03:13",3810300
27.6,-0.1,200,"bu","10:03:10",3810200
27.6,-0.1,1000,"bu","10:03:08",3810000
27.6,-0.1,900,"bu","10:02:58",3809000
27.55,-0.15,5300,"sd","10:02:55",3808100
27.55,-0.15,200,"sd","10:02:50",3802800
27.6,-0.1,4000,"bu","10:02:47",3802600
27.6,-0.1,700,"sd","10:02:44",3798600
27.6,-0.1,30000,"sd","10:02:44",3797900
27.6,-0.1,32100,"bu","10:02:33",3767900
27.6,-0.1,5000,"bu","10:02:30",3735800
27.55,-0.15,10600,"sd","10:02:25",3730800
27.6,-0.1,8500,"bu","10:02:09",3720200
27.6,-0.1,92800,"bu","10:02:09",3711700
27.6,-0.1,100,"bu","10:01:54",3618900
27.6,-0.1,100,"bu","10:01:38",3618800
27.55,-0.15,1400,"sd","10:01:28",3618700
27.6,-0.1,400,"bu","10:01:20",3617300
27.6,-0.1,500,"bu","10:01:02",3616900
27.55,-0.15,2300,"bu","10:00:58",3616400
27.55,-0.15,200,"bu","10:00:57",3614100
27.55,-0.15,5000,"bu","10:00:54",3613900
27.55,-0.15,500,"bu","10:00:51",3608900
27.55,-0.15,3200,"bu","10:00:50",3608400
27.55,-0.15,11700,"bu","10:00:49",3605200
27.55,-0.15,100,"bu","10:00:43",3593500
27.55,-0.15,12000,"bu","10:00:41",3593400
27.55,-0.15,100,"bu","10:00:34",3581400
27.5,-0.2,1300,"sd","10:00:33",3581300
27.55,-0.15,100000,"bu","10:00:28",3580000
27.55,-0.15,2000,"bu","10:00:26",3480000
27.55,-0.15,100,"bu","10:00:23",3478000
27.55,-0.15,1000,"bu","10:00:22",3477900
27.55,-0.15,1000,"bu","10:00:16",3476900
27.55,-0.15,1000,"bu","10:00:14",3475900
27.55,-0.15,1900,"bu","10:00:13",3474900
27.55,-0.15,100,"bu","10:00:10",3473000
27.55,-0.15,100,"bu","10:00:05",3472900
27.55,-0.15,5000,"bu","10:00:04",3472800
27.55,-0.15,100,"bu","09:59:56",3467800
27.55,-0.15,10800,"sd","09:59:55",3467700
27.55,-0.15,100,"sd","09:59:36",3456900
27.55,-0.15,94200,"bu","09:59:31",3456800
27.55,-0.15,200,"bu","09:59:18",3362600
27.55,-0.15,1000,"bu","09:59:16",3362400
27.5,-0.2,100,"sd","09:59:11",3361400
27.55,-0.15,5100,"sd","09:59:06",3361300
27.55,-0.15,500,"sd","09:59:05",3356200
27.55,-0.15,1000,"sd","09:59:04",3355700
27.55,-0.15,5000,"sd","09:59:02",3354700
27.55,-0.15,200,"sd","09:58:54",3349700
27.55,-0.15,100,"sd","09:58:50",3349500
27.55,-0.15,1000,"sd","09:58:49",3349400
27.55,-0.15,1000,"sd","09:58:47",3348400
27.55,-0.15,38100,"bu","09:58:43",3347400
27.55,-0.15,5000,"bu","09:58:39",3309300
27.55,-0.15,100,"bu","09:58:38",3304300
27.55,-0.15,10000,"bu","09:58:37",3304200
27.55,-0.15,6000,"bu","09:58:24",3294200
27.55,-0.15,41000,"sd","09:58:23",3288200
27.55,-0.15,400,"sd","09:58:20",3247200
27.55,-0.15,300,"sd","09:58:17",3246800
27.55,-0.15,63300,"bu","09:58:07",3246500
27.55,-0.15,20000,"bu","09:58:05",3183200
27.55,-0.15,500,"bu","09:58:01",3163200
27.5,-0.2,15900,"sd","09:58:00",3162700
27.5,-0.2,10000,"sd","09:57:55",3146800
27.55,-0.15,1000,"bu","09:57:51",3136800
27.5,-0.2,3000,"sd","09:57:49",3135800
27.55,-0.15,10000,"bu","09:57:40",3132800
27.55,-0.15,1000,"bu","09:57:25",3122800
27.5,-0.2,8000,"sd","09:57:18",3121800
27.55,-0.15,5000,"bu","09:57:16",3113800
27.5,-0.2,100,"sd","09:57:14",3108800
27.5,-0.2,2000,"sd","09:57:09",3108700
27.5,-0.2,4000,"sd","09:57:06",3106700
27.5,-0.2,300,"sd","09:56:51",3102700
27.5,-0.2,100,"sd","09:56:50",3102400
27.5,-0.2,1900,"sd","09:56:46",3102300
27.5,-0.2,1000,"sd","09:56:44",3100400
27.5,-0.2,2000,"sd","09:56:31",3099400
27.5,-0.2,5000,"sd","09:56:30",3097400
27.5,-0.2,200,"sd","09:56:25",3092400
27.5,-0.2,500,"sd","09:56:22",3092200
27.5,-0.2,17600,"bu","09:56:06",3091700
27.5,-0.2,125200,"bu","09:56:06",3074100
27.5,-0.2,1000,"bu","09:55:53",2948900
27.45,-0.25,1000,"sd","09:55:45",2947900
27.45,-0.25,8000,"sd","09:55:43",2946900
27.45,-0.25,600,"sd","09:55:39",2938900
27.45,-0.25,100,"sd","09:55:36",2938300
27.45,-0.25,100,"sd","09:55:31",2938200
27.45,-0.25,400,"sd","09:55:25",2938100
27.45,-0.25,1000,"sd","09:55:19",2937700
27.45,-0.25,1000,"sd","09:55:12",2936700
27.45,-0.25,5000,"sd","09:55:03",2935700
27.45,-0.25,2000,"sd","09:55:01",2930700
27.45,-0.25,100,"sd","09:54:57",2928700
27.45,-0.25,16900,"bu","09:54:54",2928600
27.45,-0.25,20000,"bu","09:54:51",2911700
27.45,-0.25,2400,"bu","09:54:50",2891700
27.45,-0.25,10000,"bu","09:54:48",2889300
27.4,-0.3,400,"sd","09:54:47",2879300
27.45,-0.25,1300,"bu","09:54:40",2878900
27.45,-0.25,300,"bu","09:54:38",2877600
27.45,-0.25,100,"bu","09:54:36",2877300
27.45,-0.25,2600,"bu","09:54:35",2877200
27.45,-0.25,200,"bu","09:54:35",2874600
27.45,-0.25,300,"bu","09:54:33",2874400
27.45,-0.25,600,"bu","09:54:33",2874100
27.45,-0.25,100,"bu","09:54:31",2873500
27.45,-0.25,5000,"bu","09:54:26",2873400
27.4,-0.3,2100,"sd","09:54:26",2868400
27.4,-0.3,3300,"sd","09:54:25",2866300
27.45,-0.25,1000,"bu","09:54:24",2863000
27.45,-0.25,200,"bu","09:54:22",2862000
27.45,-0.25,1300,"bu","09:54:18",2861800
27.45,-0.25,100,"bu","09:54:15",2860500
27.45,-0.25,2000,"bu","09:54:13",2860400
27.45,-0.25,1000,"bu","09:54:10",2858400
27.45,-0.25,20000,"bu","09:54:09",2857400
27.4,-0.3,300,"sd","09:54:09",2837400
27.45,-0.25,500,"bu","09:54:09",2837100
27.45,-0.25,10000,"bu","09:54:04",2836600
27.45,-0.25,500,"bu","09:54:03",2826600
27.45,-0.25,1000,"bu","09:54:01",2826100
27.45,-0.25,500,"bu","09:53:59",2825100
27.45,-0.25,3000,"bu","09:53:57",2824600
27.45,-0.25,5100,"bu","09:53:55",2821600
27.45,-0.25,200,"bu","09:53:49",2816500
27.45,-0.25,3000,"bu","09:53:46",2816300
27.45,-0.25,200,"bu","09:53:39",2813300
27.45,-0.25,1200,"bu","09:53:38",2813100
27.45,-0.25,500,"bu","09:53:37",2811900
27.45,-0.25,1000,"bu","09:53:33",2811400
27.45,-0.25,10000,"bu","09:53:31",2810300
27.45,-0.25,1100,"bu","09:53:21",2800300
27.45,-0.25,600,"bu","09:53:21",2799200
27.45,-0.25,5000,"bu","09:53:20",2798600
27.45,-0.25,100,"bu","09:53:20",2793600
27.45,-0.25,500,"bu","09:53:18",2793500
27.45,-0.25,500,"bu","09:53:17",2793000
27.45,-0.25,200,"bu","09:53:13",2792500
27.45,-0.25,800,"bu","09:53:11",2792300
27.45,-0.25,500,"bu","09:53:10",2791500
27.45,-0.25,100,"bu","09:53:10",2791000
27.45,-0.25,1000,"bu","09:53:07",2790900
27.45,-0.25,2000,"bu","09:53:04",2789900
27.45,-0.25,1000,"bu","09:53:02",2787900
27.45,-0.25,100,"bu","09:52:57",2786900
27.45,-0.25,1000,"bu","09:52:54",2786800
27.45,-0.25,5000,"bu","09:52:52",2785800
27.45,-0.25,100,"bu","09:52:51",2780800
27.4,-0.3,2000,"sd","09:52:43",2780700
27.4,-0.3,200,"sd","09:52:42",2778700
27.4,-0.3,5000,"sd","09:52:39",2778500
27.45,-0.25,200,"bu","09:52:38",2773500
27.4,-0.3,100,"sd","09:52:38",2773300
27.4,-0.3,100,"sd","09:52:34",2773200
27.4,-0.3,20000,"sd","09:52:30",2773100
27.45,-0.25,500,"bu","09:52:30",2753100
27.4,-0.3,500,"sd","09:52:24",2752600
27.4,-0.3,2000,"sd","09:52:23",2752100
27.4,-0.3,3000,"sd","09:52:22",2750100
27.4,-0.3,1100,"sd","09:52:21",2747100
27.4,-0.3,1700,"sd","09:52:18",2746000
27.4,-0.3,1000,"sd","09:52:03",2744300
27.4,-0.3,1000,"sd","09:52:01",2743300
27.45,-0.25,100,"bu","09:52:00",2742300
27.4,-0.3,3800,"sd","09:52:00",2742200
27.45,-0.25,2600,"bu","09:52:00",2738400
27.45,-0.25,2000,"bu","09:51:58",2735700
27.45,-0.25,200,"bu","09:51:57",2733700
27.45,-0.25,1300,"sd","09:51:51",2733500
27.45,-0.25,200,"sd","09:51:50",2732200
27.45,-0.25,500,"sd","09:51:48",2732000
27.45,-0.25,100,"sd","09:51:44",2731500
27.45,-0.25,20000,"sd","09:51:40",2731400
27.45,-0.25,1500,"sd","09:51:39",2711400
27.45,-0.25,300,"sd","09:51:37",2709900
27.45,-0.25,1000,"sd","09:51:34",2709600
27.45,-0.25,4000,"sd","09:51:30",2708600
27.45,-0.25,400,"sd","09:51:29",2704600
27.45,-0.25,10000,"sd","09:51:28",2704200
27.45,-0.25,6200,"sd","09:51:27",2694200
27.45,-0.25,1900,"sd","09:51:25",2688000
27.45,-0.25,2000,"sd","09:51:20",2686100
27.45,-0.25,5000,"sd","09:51:16",2684100
27.45,-0.25,300,"sd","09:51:12",2679100
27.45,-0.25,1000,"sd","09:51:08",2678800
27.45,-0.25,200,"sd","09:51:03",2677800
27.45,-0.25,100,"sd","09:51:01",2677600
27.5,-0.2,100,"bu","09:50:59",2677500
27.45,-0.25,4000,"sd","09:50:58",2677400
27.45,-0.25,5400,"sd","09:50:57",2673400
27.45,-0.25,9500,"sd","09:50:56",2668000
27.45,-0.25,100,"sd","09:50:55",2658500
27.45,-0.25,500,"sd","09:50:52",2658400
27.45,-0.25,3000,"sd","09:50:49",2657900
27.45,-0.25,10000,"sd","09:50:44",2654900
27.45,-0.25,600,"sd","09:50:36",2644900
27.45,-0.25,500,"sd","09:50:36",2644300
27.45,-0.25,300,"sd","09:50:35",2643800
27.45,-0.25,100,"sd","09:50:34",2643500
27.45,-0.25,4000,"sd","09:50:31",2643400
27.45,-0.25,2000,"sd","09:50:31",2639400
27.45,-0.25,500,"sd","09:50:30",2637400
27.5,-0.2,200,"bu","09:50:29",2636900
27.45,-0.25,15700,"sd","09:50:25",2636700
27.5,-0.2,100,"bu","09:50:19",2621000
27.45,-0.25,5200,"sd","09:50:19",2620900
27.45,-0.25,10600,"sd","09:50:17",2615700
27.45,-0.25,1000,"sd","09:50:05",2605100
27.5,-0.2,100,"bu","09:50:02",2604100
27.5,-0.2,5000,"bu","09:50:00",2604000
27.45,-0.25,4500,"sd","09:49:59",2599000
27.45,-0.25,2000,"sd","09:49:54",2499000
27.45,-0.25,5000,"sd","09:49:53",2497000
27.5,-0.2,500,"bu","09:49:47",2492000
27.45,-0.25,5300,"sd","09:49:45",2491500
27.5,-0.2,1000,"bu","09:49:30",2486200
27.5,-0.2,1400,"bu","09:49:28",2485200
27.5,-0.2,247500,"sd","09:49:20",2483800
27.5,-0.2,5000,"sd","09:49:16",2236300
27.5,-0.2,1800,"sd","09:49:15",2231300
27.5,-0.2,9000,"sd","09:49:14",2229500
27.5,-0.2,26000,"sd","09:49:12",2220500
27.5,-0.2,400,"sd","09:49:11",2194500
27.5,-0.2,400,"sd","09:49:10",2194100
27.5,-0.2,5000,"sd","09:49:06",2193700
27.5,-0.2,400,"sd","09:49:04",2188700
27.5,-0.2,15800,"sd","09:48:59",2188300
27.5,-0.2,1000,"sd","09:48:56",2172500
27.5,-0.2,1500,"sd","09:48:55",2171500
27.5,-0.2,400,"sd","09:48:54",2170000
27.5,-0.2,10000,"sd","09:48:53",2169600
27.5,-0.2,500,"sd","09:48:52",2159600
27.5,-0.2,1000,"sd","09:48:46",2159100
27.5,-0.2,200,"sd","09:48:45",2158100
27.5,-0.2,1000,"sd","09:48:43",2157900
27.5,-0.2,5900,"sd","09:48:34",2156900
27.5,-0.2,100,"sd","09:48:28",2151000
27.5,-0.2,3000,"sd","09:48:23",2150900
27.5,-0.2,100,"sd","09:48:14",2147900
27.5,-0.2,2000,"sd","09:48:11",2147800
27.5,-0.2,1000,"sd","09:48:09",2145800
27.5,-0.2,100,"sd","09:48:06",2144800
27.5,-0.2,100,"sd","09:48:03",2144700
27.5,-0.2,100,"sd","09:47:56",2144600
27.5,-0.2,1000,"sd","09:47:52",2144500
27.5,-0.2,10000,"sd","09:47:51",2143500
27.5,-0.2,100,"sd","09:47:45",2133500
27.5,-0.2,10600,"sd","09:47:44",2133400
27.5,-0.2,200,"sd","09:47:39",2122800
27.5,-0.2,1500,"sd","09:47:38",2122600
27.5,-0.2,100,"sd","09:47:31",2121100
27.5,-0.2,5500,"sd","09:47:28",2121000
27.5,-0.2,3000,"sd","09:47:26",2115500
27.5,-0.2,300,"sd","09:47:25",2112500
27.5,-0.2,2000,"sd","09:47:23",2112200
27.5,-0.2,100,"sd","09:47:15",2110200
27.5,-0.2,3000,"sd","09:47:10",2110100
27.55,-0.15,700,"bu","09:47:06",2107100
27.55,-0.15,1000,"bu","09:46:55",2106400
27.5,-0.2,35000,"sd","09:46:53",2105400
27.5,-0.2,5000,"sd","09:46:51",2070400
27.5,-0.2,15000,"sd","09:46:47",2065400
27.5,-0.2,500,"sd","09:46:46",2050400
27.55,-0.15,1500,"bu","09:46:42",2049900
27.5,-0.2,600,"sd","09:46:42",2048400
27.5,-0.2,1000,"sd","09:46:41",2047800
27.5,-0.2,500,"sd","09:46:38",2046800
27.5,-0.2,3000,"sd","09:46:34",2046300
27.5,-0.2,100,"sd","09:46:34",2043300
27.5,-0.2,2000,"sd","09:46:33",2043200
27.55,-0.15,100,"bu","09:46:29",2041200
27.55,-0.15,1000,"bu","09:46:27",2041100
27.5,-0.2,100,"sd","09:46:17",2040100
27.5,-0.2,100,"sd","09:46:16",2040000
27.5,-0.2,300,"sd","09:46:14",2039900
27.5,-0.2,10600,"sd","09:46:09",2039600
27.55,-0.15,300,"bu","09:46:06",2029000
27.55,-0.15,200,"bu","09:46:03",2028700
27.5,-0.2,2000,"sd","09:46:00",2028500
27.55,-0.15,100,"bu","09:45:59",2026500
27.5,-0.2,1200,"sd","09:45:55",2026400
27.5,-0.2,2000,"sd","09:45:55",2025200
27.55,-0.15,1000,"bu","09:45:47",2023200
27.5,-0.2,10600,"sd","09:45:45",2022200
27.55,-0.15,100,"bu","09:45:45",2011600
27.55,-0.15,3500,"bu","09:45:44",2011500
27.5,-0.2,20000,"sd","09:45:32",2008000
27.55,-0.15,500,"bu","09:45:29",1988000
27.55,-0.15,4000,"bu","09:45:24",1987500
27.5,-0.2,4500,"sd","09:45:19",1983500
27.5,-0.2,14800,"sd","09:45:18",1979000
27.5,-0.2,2000,"sd","09:45:18",1964200
27.5,-0.2,4000,"sd","09:45:17",1962200
27.55,-0.15,200,"bu","09:45:15",1958200
27.5,-0.2,4000,"sd","09:45:15",1958000
27.5,-0.2,1800,"sd","09:45:15",1954000
27.55,-0.15,9000,"bu","09:45:10",1952200
27.55,-0.15,3000,"bu","09:45:06",1943200
27.55,-0.15,5900,"bu","09:44:56",1940200
27.5,-0.2,200,"sd","09:44:54",1934300
27.55,-0.15,200,"bu","09:44:49",1934100
27.5,-0.2,2000,"sd","09:44:45",1933900
27.55,-0.15,100,"bu","09:44:43",1931900
27.5,-0.2,15900,"sd","09:44:43",1931800
27.55,-0.15,200,"bu","09:44:43",1915900
27.55,-0.15,5000,"bu","09:44:35",1915700
27.5,-0.2,2500,"sd","09:44:35",1910700
27.55,-0.15,4000,"bu","09:44:30",1908200
27.55,-0.15,500,"bu","09:44:25",1904200
27.55,-0.15,100,"bu","09:44:24",1903700
27.55,-0.15,3100,"bu","09:44:19",1903600
27.55,-0.15,3800,"sd","09:44:17",1900500
27.55,-0.15,103000,"sd","09:44:13",1896700
27.55,-0.15,5200,"sd","09:44:11",1793700
27.55,-0.15,100,"sd","09:44:08",1788500
27.55,-0.15,2000,"sd","09:44:07",1788400
27.55,-0.15,4000,"sd","09:44:01",1786400
27.55,-0.15,300,"sd","09:43:57",1782400
27.55,-0.15,1000,"sd","09:43:55",1782100
27.55,-0.15,800,"sd","09:43:54",1781100
27.55,-0.15,500,"sd","09:43:52",1780300
27.55,-0.15,3100,"sd","09:43:45",1779800
27.55,-0.15,1300,"sd","09:43:42",1776700
27.55,-0.15,100,"sd","09:43:38",1775400
27.55,-0.15,200,"sd","09:43:36",1775300
27.6,-0.1,100,"bu","09:43:34",1775100
27.55,-0.15,100,"sd","09:43:34",1775000
27.55,-0.15,10000,"sd","09:43:24",1774900
27.55,-0.15,1000,"sd","09:43:20",1764900
27.55,-0.15,10600,"sd","09:43:14",1763900
27.55,-0.15,600,"sd","09:43:11",1753300
27.55,-0.15,100,"sd","09:43:00",1752700
27.55,-0.15,11800,"sd","09:42:53",1752600
27.55,-0.15,500,"sd","09:42:39",1740800
27.6,-0.1,200,"bu","09:42:21",1740300
27.55,-0.15,200,"sd","09:42:18",1740100
27.6,-0.1,100,"bu","09:42:02",1739900
27.55,-0.15,1300,"sd","09:41:59",1739800
27.55,-0.15,500,"sd","09:41:50",1738500
27.55,-0.15,2000,"sd","09:41:44",1738000
27.55,-0.15,10600,"sd","09:41:38",1736000
27.55,-0.15,200,"sd","09:41:24",1725400
27.55,-0.15,10200,"sd","09:41:09",1725200
27.55,-0.15,8000,"sd","09:40:59",1715000
27.55,-0.15,500,"sd","09:40:53",1707000
27.55,-0.15,200,"sd","09:40:49",1706500
27.6,-0.1,2000,"bu","09:40:42",1706300
27.55,-0.15,1000,"sd","09:40:36",1704300
27.6,-0.1,1000,"bu","09:40:34",1703300
27.55,-0.15,100,"sd","09:40:34",1702300
27.6,-0.1,200,"bu","09:40:21",1702200
27.6,-0.1,1400,"bu","09:40:17",1702000
27.6,-0.1,1000,"bu","09:40:05",1700600
27.6,-0.1,100,"bu","09:40:04",1699600
27.55,-0.15,500,"sd","09:40:02",1699500
27.55,-0.15,10600,"sd","09:40:01",1699000
27.6,-0.1,3500,"bu","09:39:52",1688400
27.6,-0.1,10000,"bu","09:39:47",1684900
27.6,-0.1,500,"bu","09:39:47",1674900
27.6,-0.1,100,"bu","09:39:43",1674400
27.6,-0.1,500,"bu","09:39:40",1674300
27.6,-0.1,100,"bu","09:39:39",1673800
27.6,-0.1,200,"bu","09:39:32",1673200
27.55,-0.15,15900,"sd","09:39:31",1673000
27.6,-0.1,10000,"bu","09:39:26",1657100
27.6,-0.1,200,"bu","09:39:16",1647100
27.6,-0.1,100,"bu","09:39:09",1646900
27.6,-0.1,1800,"bu","09:39:07",1646800
27.55,-0.15,200,"sd","09:39:06",1645000
27.6,-0.1,100,"bu","09:39:06",1644800
27.6,-0.1,2000,"bu","09:39:00",1644700
27.6,-0.1,1000,"bu","09:38:56",1642700
27.6,-0.1,100,"bu","09:38:55",1641700
27.6,-0.1,600,"bu","09:38:51",1641600
27.6,-0.1,1200,"bu","09:38:48",1641000
27.6,-0.1,100,"bu","09:38:40",1639800
27.6,-0.1,100,"bu","09:38:34",1639700
27.6,-0.1,200,"bu","09:38:26",1639600
27.55,-0.15,1500,"sd","09:38:22",1639400
27.6,-0.1,200,"bu","09:38:17",1637900
27.6,-0.1,600,"bu","09:38:15",1637700
27.6,-0.1,5000,"bu","09:38:15",1637100
27.6,-0.1,800,"bu","09:38:10",1632100
27.6,-0.1,100,"bu","09:38:08",1631300
27.6,-0.1,10000,"bu","09:38:06",1631200
27.6,-0.1,6000,"sd","09:37:57",1621200
27.6,-0.1,20000,"sd","09:37:52",1615200
27.6,-0.1,3000,"sd","09:37:50",1595200
27.6,-0.1,12300,"sd","09:37:48",1592200
27.6,-0.1,19900,"sd","09:37:41",1579900
27.6,-0.1,100,"sd","09:37:34",1560000
27.6,-0.1,10600,"sd","09:37:24",1559900
27.6,-0.1,4000,"sd","09:37:22",1549300
27.6,-0.1,2000,"sd","09:37:12",1545300
27.6,-0.1,1000,"sd","09:37:02",1543300
27.6,-0.1,500,"sd","09:36:59",1542300
27.6,-0.1,40000,"sd","09:36:45",1541800
27.6,-0.1,800,"sd","09:36:38",1501800
27.65,-0.05,25000,"bu","09:36:38",1501000
27.6,-0.1,100,"sd","09:36:34",1476000
27.6,-0.1,10600,"sd","09:36:32",1475900
27.65,-0.05,100,"bu","09:36:29",1465300
27.65,-0.05,1000,"bu","09:36:16",1465200
27.65,-0.05,100,"bu","09:36:14",1464200
27.65,-0.05,200,"bu","09:36:10",1464100
27.65,-0.05,100,"bu","09:36:08",1463900
27.65,-0.05,300,"bu","09:36:02",1463800
27.65,-0.05,200,"bu","09:35:56",1463500
27.65,-0.05,9800,"bu","09:35:53",1463300
27.6,-0.1,400,"sd","09:35:49",1453500
27.6,-0.1,100,"sd","09:35:42",1453100
27.6,-0.1,500,"sd","09:35:42",1453000
27.6,-0.1,10600,"sd","09:35:37",1452500
27.6,-0.1,1000,"sd","09:35:24",1441900
27.65,-0.05,11400,"bu","09:35:23",1440900
27.6,-0.1,7400,"sd","09:35:21",1429500
27.6,-0.1,3000,"sd","09:35:18",1422100
27.6,-0.1,3000,"sd","09:35:18",1419100
27.65,-0.05,50000,"bu","09:35:16",1416100
27.6,-0.1,1200,"sd","09:35:14",1366100
27.6,-0.1,10600,"sd","09:35:05",1364900
27.6,-0.1,2000,"sd","09:35:02",1354300
27.6,-0.1,100,"sd","09:35:00",1352300
27.6,-0.1,1000,"sd","09:34:47",1352200
27.6,-0.1,1500,"sd","09:34:38",1351200
27.6,-0.1,100,"bu","09:34:31",1349700
27.6,-0.1,400,"sd","09:34:30",1349600
27.65,-0.05,100,"bu","09:34:29",1349200
27.6,-0.1,600,"bu","09:34:29",1349100
27.55,-0.15,10600,"sd","09:34:27",1348500
27.55,-0.15,1000,"sd","09:34:27",1337900
27.6,-0.1,100,"bu","09:34:27",1336900
27.6,-0.1,1000,"bu","09:34:25",1336800
27.6,-0.1,3100,"bu","09:34:23",1335800
27.6,-0.1,1000,"bu","09:34:15",1332700
27.6,-0.1,1000,"bu","09:34:14",1331700
27.6,-0.1,3500,"sd","09:34:13",1330700
27.6,-0.1,6500,"bu","09:34:13",1327200
27.6,-0.1,4100,"sd","09:34:12",1320700
27.6,-0.1,10600,"sd","09:34:11",1316600
27.6,-0.1,1000,"sd","09:34:10",1306000
27.6,-0.1,500,"sd","09:34:04",1305000
27.6,-0.1,2000,"sd","09:34:03",1304500
27.6,-0.1,15900,"sd","09:33:59",1302500
27.6,-0.1,100,"sd","09:33:55",1286600
27.6,-0.1,200,"sd","09:33:54",1286500
27.6,-0.1,400,"sd","09:33:53",1286300
27.6,-0.1,5000,"sd","09:33:51",1285900
27.6,-0.1,400,"sd","09:33:46",1280900
27.65,-0.05,400,"bu","09:33:44",1280500
27.6,-0.1,2100,"sd","09:33:33",1280100
27.6,-0.1,100,"sd","09:33:25",1278000
27.6,-0.1,300,"sd","09:33:20",1277900
27.6,-0.1,1000,"sd","09:33:16",1277600
27.6,-0.1,1000,"sd","09:33:10",1276600
27.6,-0.1,1000,"sd","09:33:09",1275600
27.6,-0.1,1000,"sd","09:33:03",1274600
27.6,-0.1,1500,"sd","09:33:00",1273600
27.6,-0.1,2000,"sd","09:32:59",1272100
27.6,-0.1,500,"sd","09:32:46",1270100
27.6,-0.1,200,"sd","09:32:44",1269600
27.55,-0.15,7800,"sd","09:32:36",1269400
27.6,-0.1,200,"sd","09:32:36",1261600
27.6,-0.1,2000,"sd","09:32:32",1260400
27.6,-0.1,26800,"bu","09:32:31",1258400
27.6,-0.1,1100,"bu","09:32:29",1231600
27.6,-0.1,3000,"bu","09:32:28",1230500
27.6,-0.1,25000,"bu","09:32:24",1227500
27.6,-0.1,300,"bu","09:32:23",1202500
27.6,-0.1,1000,"bu","09:32:18",1202200
27.55,-0.15,100,"sd","09:32:14",1201200
27.6,-0.1,4500,"bu","09:32:00",1201100
27.6,-0.1,1000,"bu","09:31:44",1196600
27.55,-0.15,100,"sd","09:31:39",1195600
27.55,-0.15,40800,"bu","09:31:36",1195500
27.55,-0.15,100,"bu","09:31:35",1154700
27.55,-0.15,500,"bu","09:31:29",1154600
27.5,-0.2,100,"sd","09:31:29",1154100
27.55,-0.15,500,"bu","09:31:27",1154000
27.5,-0.2,200,"sd","09:31:25",1153500
27.55,-0.15,1000,"bu","09:31:24",1153300
27.55,-0.15,500,"bu","09:31:23",1152300
27.55,-0.15,6000,"bu","09:31:17",1151800
27.5,-0.2,12200,"sd","09:31:13",1145800
27.55,-0.15,300,"bu","09:31:11",1133600
27.55,-0.15,300,"bu","09:31:09",1133300
27.55,-0.15,600,"bu","09:31:06",1133000
27.55,-0.15,1500,"bu","09:31:01",1132400
27.55,-0.15,100,"bu","09:31:00",1130900
27.55,-0.15,4900,"bu","09:30:52",1130800
27.5,-0.2,500,"sd","09:30:47",1125900
27.55,-0.15,1600,"bu","09:30:46",1125400
27.55,-0.15,200,"bu","09:30:40",1123800
27.55,-0.15,3000,"bu","09:30:36",1123600
27.55,-0.15,500,"bu","09:30:31",1120600
27.5,-0.2,16200,"sd","09:30:25",1120100
27.5,-0.2,5300,"sd","09:30:24",1103900
27.55,-0.15,500,"bu","09:30:20",1098600
27.5,-0.2,2500,"sd","09:30:19",1098100
27.5,-0.2,5000,"sd","09:30:13",1085600
27.5,-0.2,2500,"sd","09:30:12",1080600
27.55,-0.15,300,"bu","09:30:06",1078100
27.55,-0.15,4600,"bu","09:30:02",1077800
27.5,-0.2,800,"sd","09:30:01",1073200
27.5,-0.2,2500,"sd","09:30:00",1072400
27.5,-0.2,2500,"sd","09:29:51",1069900
27.55,-0.15,200,"bu","09:29:48",1067400
27.55,-0.15,100,"bu","09:29:47",1067200
27.55,-0.15,100,"bu","09:29:46",1067100
27.5,-0.2,200,"sd","09:29:40",1067000
27.5,-0.2,10000,"sd","09:29:35",1066800
27.55,-0.15,4000,"bu","09:29:34",1056800
27.55,-0.15,10000,"bu","09:29:30",1052800
27.5,-0.2,2500,"sd","09:29:16",1042800
27.55,-0.15,3000,"bu","09:29:14",1040300
27.55,-0.15,2300,"bu","09:29:13",1037300
27.55,-0.15,100,"bu","09:29:11",1035000
27.55,-0.15,6700,"bu","09:29:10",1034900
27.55,-0.15,1000,"bu","09:29:07",1028200
27.55,-0.15,2000,"bu","09:29:06",1027200
27.5,-0.2,1100,"sd","09:29:01",1025200
27.5,-0.2,1400,"sd","09:29:01",1024100
27.55,-0.15,100,"bu","09:28:59",1022700
27.55,-0.15,1000,"bu","09:28:57",1022600
