"price","change","match_qtty","side","time","total_vol"
22.65,-0.05,101400,"","14:45:08",1078600
22.6,-0.1,1000,"bu","14:29:39",977200
22.6,-0.1,100,"bu","14:28:59",976200
22.6,-0.1,400,"bu","14:28:12",976100
22.6,-0.1,300,"bu","14:26:04",975700
22.55,-0.15,100,"sd","14:25:05",975400
22.55,-0.15,100,"sd","14:22:13",975300
22.6,-0.1,3000,"bu","14:19:41",975200
22.6,-0.1,100,"bu","14:18:33",972200
22.6,-0.1,200,"bu","14:17:36",972100
22.6,-0.1,100,"bu","14:14:29",971900
22.6,-0.1,300,"bu","14:14:18",971800
22.6,-0.1,100,"bu","14:09:17",971500
22.6,-0.1,300,"bu","14:07:38",971400
22.55,-0.15,9100,"bu","14:07:25",971100
22.55,-0.15,100,"bu","14:07:20",962000
22.55,-0.15,5000,"bu","14:07:18",961900
22.55,-0.15,100,"bu","14:07:11",956900
22.55,-0.15,5900,"bu","14:07:10",956800
22.55,-0.15,3900,"bu","14:04:12",950900
22.55,-0.15,5000,"bu","14:01:59",947000
22.5,-0.2,100,"sd","14:01:19",942000
22.5,-0.2,100,"sd","14:00:30",941900
22.55,-0.15,500,"bu","14:00:23",941800
22.55,-0.15,100,"bu","13:59:56",941300
22.55,-0.15,4600,"sd","13:59:19",941200
22.55,-0.15,5400,"bu","13:58:45",936600
22.55,-0.15,100,"bu","13:58:25",931200
22.55,-0.15,200,"bu","13:58:01",931100
22.55,-0.15,200,"bu","13:57:09",930900
22.55,-0.15,1200,"bu","13:55:22",930700
22.55,-0.15,1100,"bu","13:53:57",929500
22.55,-0.15,1000,"bu","13:53:55",928400
22.55,-0.15,5000,"bu","13:53:43",927400
22.55,-0.15,3000,"bu","13:53:36",922400
22.5,-0.2,11500,"sd","13:53:16",919400
22.55,-0.15,3200,"bu","13:51:30",907900
22.55,-0.15,1100,"bu","13:51:24",904700
22.55,-0.15,4000,"bu","13:51:02",903600
22.55,-0.15,2000,"bu","13:50:40",899600
22.55,-0.15,100,"bu","13:50:10",897600
22.55,-0.15,1200,"bu","13:49:36",897500
22.55,-0.15,4000,"bu","13:48:27",896300
22.55,-0.15,100,"bu","13:48:15",892300
22.55,-0.15,100,"bu","13:45:38",892200
22.5,-0.2,400,"sd","13:44:49",892100
22.5,-0.2,800,"sd","13:43:42",891700
22.5,-0.2,200,"sd","13:41:47",890900
22.55,-0.15,200,"bu","13:39:09",890700
22.55,-0.15,100,"bu","13:38:06",890500
22.55,-0.15,1100,"bu","13:33:15",890400
22.5,-0.2,500,"sd","13:32:13",889300
22.55,-0.15,3000,"bu","13:31:57",888800
22.55,-0.15,3000,"bu","13:31:51",885800
22.55,-0.15,2000,"bu","13:31:41",882800
22.55,-0.15,3900,"sd","13:31:29",880800
22.55,-0.15,13300,"sd","13:31:17",876900
22.55,-0.15,100,"sd","13:31:14",863600
22.55,-0.15,300,"bu","13:31:09",863500
22.55,-0.15,11900,"sd","13:30:58",863200
22.55,-0.15,3100,"bu","13:30:48",851300
22.55,-0.15,8200,"sd","13:30:41",848200
22.55,-0.15,1800,"bu","13:30:36",840000
22.5,-0.2,100,"sd","13:30:34",838200
22.5,-0.2,3100,"sd","13:30:33",838100
22.55,-0.15,10000,"bu","13:30:29",835000
22.55,-0.15,8100,"sd","13:30:22",825000
22.55,-0.15,6900,"bu","13:30:16",816900
22.55,-0.15,3000,"bu","13:30:09",810000
22.55,-0.15,3000,"bu","13:30:00",807000
22.55,-0.15,8700,"bu","13:29:54",804000
22.55,-0.15,100,"bu","13:29:46",795300
22.55,-0.15,3000,"bu","13:29:37",795200
22.55,-0.15,4000,"bu","13:29:30",792200
22.55,-0.15,3500,"sd","13:29:01",788200
22.6,-0.1,100,"bu","13:22:56",784700
22.55,-0.15,500,"sd","13:22:48",784600
22.55,-0.15,700,"bu","13:19:50",784100
22.55,-0.15,10300,"sd","13:19:41",783400
22.6,-0.1,500,"bu","13:19:03",773100
22.55,-0.15,100,"bu","13:18:48",766900
22.55,-0.15,2400,"sd","13:18:41",766800
22.55,-0.15,8900,"bu","13:18:12",764400
22.55,-0.15,500,"bu","13:17:52",755500
22.55,-0.15,3600,"sd","13:17:50",755000
22.55,-0.15,200,"sd","13:17:05",751400
22.5,-0.2,13500,"sd","13:12:20",751200
22.55,-0.15,6500,"sd","13:12:20",737700
22.55,-0.15,300,"sd","13:10:23",731200
22.55,-0.15,200,"bu","13:08:59",730900
22.55,-0.15,100,"bu","13:08:45",730700
22.55,-0.15,300,"sd","13:07:49",730600
22.55,-0.15,1000,"sd","13:07:34",730300
22.55,-0.15,2200,"bu","13:07:09",729300
22.55,-0.15,3000,"bu","13:06:59",727100
22.55,-0.15,8400,"sd","13:06:16",724100
22.55,-0.15,12000,"sd","13:05:53",715700
22.6,-0.1,3000,"bu","13:05:07",703700
22.55,-0.15,100,"sd","13:05:04",700700
22.55,-0.15,10500,"sd","13:04:54",700600
22.55,-0.15,2600,"sd","13:04:01",690100
22.55,-0.15,100,"sd","13:03:11",687500
22.55,-0.15,200,"sd","13:00:02",687400
22.55,-0.15,100,"sd","13:00:01",687200
22.6,-0.1,300,"bu","11:29:55",687100
22.6,-0.1,300,"bu","11:29:35",686800
22.55,-0.15,5900,"bu","11:29:25",686500
22.55,-0.15,3000,"bu","11:29:16",680600
22.55,-0.15,5000,"bu","11:29:10",677600
22.55,-0.15,5000,"bu","11:28:54",672600
22.5,-0.2,2000,"sd","11:28:06",667600
22.55,-0.15,5000,"bu","11:24:09",665600
22.55,-0.15,600,"bu","11:23:57",660600
22.55,-0.15,7000,"bu","11:20:45",660000
22.55,-0.15,500,"bu","11:17:04",653000
22.5,-0.2,10000,"sd","11:16:03",652500
22.5,-0.2,4500,"sd","11:13:18",642500
22.5,-0.2,4600,"sd","11:13:03",638000
22.55,-0.15,200,"sd","11:13:03",633400
22.55,-0.15,1100,"sd","11:13:02",633200
22.55,-0.15,1100,"sd","11:12:57",632100
22.6,-0.1,200,"bu","11:10:51",631000
22.6,-0.1,2500,"sd","11:05:34",630800
22.65,-0.05,600,"bu","11:04:14",628300
22.6,-0.1,5400,"bu","11:04:02",627700
22.6,-0.1,3000,"bu","11:03:56",622300
22.6,-0.1,10000,"bu","11:03:46",619300
22.6,-0.1,4000,"bu","11:03:26",609300
22.6,-0.1,1200,"sd","11:03:14",605300
22.65,-0.05,300,"bu","11:03:13",604100
22.6,-0.1,5800,"bu","11:03:04",603800
22.6,-0.1,5000,"bu","11:02:58",598000
22.6,-0.1,2000,"bu","11:02:53",593000
22.5,-0.2,2700,"sd","11:02:44",591000
22.55,-0.15,1000,"sd","11:02:44",588300
22.55,-0.15,7000,"bu","11:02:39",587300
22.55,-0.15,10000,"bu","11:02:22",580300
22.5,-0.2,13600,"sd","11:02:17",570300
22.55,-0.15,2100,"sd","11:01:06",556700
22.6,-0.1,100,"bu","10:55:24",554600
22.6,-0.1,5900,"bu","10:54:36",554500
22.55,-0.15,4400,"bu","10:54:30",548600
22.5,-0.2,3200,"sd","10:54:28",544200
22.55,-0.15,3000,"bu","10:54:19",541000
22.5,-0.2,12000,"sd","10:54:08",538000
22.55,-0.15,1200,"sd","10:53:46",526000
22.55,-0.15,800,"bu","10:53:32",524800
22.55,-0.15,9900,"sd","10:53:24",524000
22.6,-0.1,6500,"bu","10:53:07",514100
22.6,-0.1,2700,"sd","10:52:17",507600
22.6,-0.1,7300,"bu","10:52:04",504900
22.6,-0.1,3000,"bu","10:51:55",497600
22.6,-0.1,3000,"bu","10:51:44",494600
22.55,-0.15,9200,"sd","10:51:43",489600
22.6,-0.1,7900,"sd","10:51:05",480400
22.6,-0.1,4900,"bu","10:49:35",472500
22.6,-0.1,9000,"bu","10:49:24",467600
22.6,-0.1,6700,"bu","10:48:58",458600
22.5,-0.2,300,"sd","10:44:56",451900
22.55,-0.15,200,"sd","10:44:53",450800
22.6,-0.1,900,"sd","10:44:53",450600
22.6,-0.1,4700,"bu","10:42:17",449700
22.6,-0.1,6200,"bu","10:41:57",445000
22.6,-0.1,200,"sd","10:41:26",438800
22.6,-0.1,2000,"bu","10:40:24",438600
22.55,-0.15,1500,"sd","10:40:22",436600
22.6,-0.1,10000,"bu","10:40:02",435100
22.6,-0.1,1000,"sd","10:39:38",425100
22.6,-0.1,100,"sd","10:36:46",424100
22.65,-0.05,600,"bu","10:28:44",424000
22.6,-0.1,2000,"bu","10:28:36",423400
22.6,-0.1,3000,"sd","10:24:49",421400
22.65,-0.05,200,"bu","10:23:33",418400
22.6,-0.1,6300,"sd","10:23:22",418200
22.6,-0.1,2200,"bu","10:23:21",411900
22.6,-0.1,2000,"bu","10:23:16",409700
22.6,-0.1,2300,"sd","10:23:09",407700
22.6,-0.1,1800,"sd","10:23:05",405400
22.6,-0.1,5900,"bu","10:23:04",403600
22.6,-0.1,5000,"bu","10:22:57",397700
22.55,-0.15,2100,"bu","10:22:52",392700
22.55,-0.15,8300,"sd","10:22:45",390600
22.6,-0.1,4000,"bu","10:22:34",382300
22.6,-0.1,5000,"bu","10:22:17",378300
22.6,-0.1,3000,"bu","10:22:11",373300
22.6,-0.1,2000,"bu","10:22:00",370300
22.55,-0.15,1700,"bu","10:21:47",368300
22.5,-0.2,3600,"sd","10:21:42",366600
22.5,-0.2,7200,"sd","10:21:26",363000
22.5,-0.2,6100,"sd","10:20:59",355800
22.55,-0.15,1000,"bu","10:20:46",349700
22.55,-0.15,5800,"sd","10:20:21",348700
22.6,-0.1,2700,"sd","10:20:21",342900
22.6,-0.1,100,"sd","10:19:30",340200
22.6,-0.1,11000,"bu","10:18:36",340100
22.55,-0.15,4300,"bu","10:18:19",329100
22.55,-0.15,5000,"bu","10:18:12",324800
22.55,-0.15,2700,"sd","10:18:08",319800
22.6,-0.1,900,"sd","10:17:43",317100
22.65,-0.05,300,"bu","10:13:20",316200
22.65,-0.05,100,"bu","10:09:39",315900
22.6,-0.1,1100,"bu","10:07:04",315800
22.6,-0.1,1900,"sd","10:04:42",314700
22.65,-0.05,300,"bu","10:04:38",312800
22.65,-0.05,600,"bu","10:00:08",312500
22.55,-0.15,1100,"bu","09:59:51",311900
22.55,-0.15,10700,"sd","09:59:44",310800
22.6,-0.1,500,"sd","09:59:44",300100
22.6,-0.1,10300,"sd","09:59:35",299600
22.65,-0.05,300,"bu","09:58:59",289300
22.6,-0.1,6200,"bu","09:58:52",289000
22.55,-0.15,3300,"bu","09:58:44",282800
22.55,-0.15,12200,"sd","09:58:38",279500
22.6,-0.1,4100,"bu","09:57:10",267300
22.6,-0.1,200,"bu","09:56:40",263200
22.6,-0.1,300,"bu","09:56:13",263000
22.6,-0.1,300,"bu","09:55:26",262700
22.6,-0.1,2500,"sd","09:55:08",262400
22.6,-0.1,2500,"bu","09:55:03",259900
22.6,-0.1,4500,"bu","09:54:58",257400
22.6,-0.1,3000,"bu","09:54:46",252900
22.55,-0.15,7000,"bu","09:54:25",249900
22.55,-0.15,4000,"sd","09:54:16",242900
22.6,-0.1,10000,"bu","09:53:55",238900
22.6,-0.1,5000,"bu","09:53:36",228900
22.6,-0.1,500,"bu","09:53:29",223900
22.6,-0.1,6300,"sd","09:53:23",223400
22.6,-0.1,3700,"bu","09:53:14",217100
22.6,-0.1,2000,"bu","09:53:03",213400
22.6,-0.1,1100,"bu","09:53:00",211400
22.6,-0.1,2900,"sd","09:52:50",210300
22.6,-0.1,200,"sd","09:52:17",207400
22.6,-0.1,6900,"bu","09:52:12",207200
22.55,-0.15,2000,"bu","09:52:07",200300
22.55,-0.15,9200,"sd","09:52:01",198300
22.6,-0.1,3000,"bu","09:51:55",189100
22.55,-0.15,800,"bu","09:51:50",186100
22.55,-0.15,9200,"sd","09:51:45",185300
22.6,-0.1,5000,"bu","09:51:42",176100
22.6,-0.1,2000,"bu","09:51:07",171100
22.6,-0.1,3000,"bu","09:51:00",169100
22.6,-0.1,4000,"bu","09:50:46",166100
22.6,-0.1,1100,"sd","09:50:44",162100
22.65,-0.05,400,"bu","09:47:39",161000
22.65,-0.05,500,"bu","09:44:54",160600
22.6,-0.1,500,"sd","09:40:35",160100
22.65,-0.05,2000,"bu","09:37:37",159600
22.65,-0.05,100,"bu","09:37:17",157600
22.65,-0.05,300,"bu","09:32:31",157500
22.6,-0.1,1000,"bu","09:31:57",157200
22.5,-0.2,1100,"sd","09:30:19",156200
22.5,-0.2,1100,"sd","09:30:13",155100
22.5,-0.2,1100,"sd","09:29:59",154000
22.5,-0.2,1000,"sd","09:29:51",152900
22.55,-0.15,100,"sd","09:29:51",151900
22.5,-0.2,200,"sd","09:29:16",151800
22.55,-0.15,900,"sd","09:29:16",151600
22.55,-0.15,300,"sd","09:29:03",150700
22.6,-0.1,800,"sd","09:29:03",150400
22.65,-0.05,500,"bu","09:28:40",149600
22.65,-0.05,300,"bu","09:26:33",149100
22.6,-0.1,5000,"bu","09:26:27",148800
22.5,-0.2,7000,"sd","09:26:20",143800
22.6,-0.1,3000,"bu","09:26:17",136800
22.5,-0.2,600,"sd","09:25:54",133800
22.65,-0.05,500,"bu","09:25:45",133200
22.5,-0.2,11700,"sd","09:25:42",132700
22.6,-0.1,800,"sd","09:25:42",121000
22.6,-0.1,5200,"bu","09:24:08",120200
22.6,-0.1,1400,"bu","09:23:38",115000
22.6,-0.1,500,"bu","09:23:33",113600
22.6,-0.1,3000,"bu","09:23:32",113100
22.6,-0.1,1400,"sd","09:23:27",110100
22.6,-0.1,8600,"bu","09:23:08",108700
22.6,-0.1,3400,"bu","09:23:00",100100
22.65,-0.05,400,"bu","09:21:56",96700
22.7,0,600,"bu","09:20:04",96300
22.65,-0.05,800,"bu","09:20:04",95700
22.6,-0.1,600,"bu","09:20:04",94900
22.5,-0.2,1100,"sd","09:20:00",94300
22.5,-0.2,1000,"sd","09:19:52",93200
22.5,-0.2,100,"sd","09:19:52",92200
22.5,-0.2,1100,"sd","09:19:35",92100
22.5,-0.2,1100,"sd","09:19:20",91000
22.5,-0.2,1100,"sd","09:19:14",89900
22.5,-0.2,1100,"sd","09:19:10",88800
22.5,-0.2,1100,"sd","09:19:04",87700
22.5,-0.2,1100,"sd","09:19:00",86600
22.5,-0.2,1100,"sd","09:18:52",85500
22.5,-0.2,1100,"sd","09:18:49",84400
22.5,-0.2,1100,"sd","09:18:45",83300
22.5,-0.2,1100,"sd","09:18:39",82200
22.5,-0.2,1100,"sd","09:18:32",81100
22.5,-0.2,1100,"sd","09:17:28",80000
22.5,-0.2,1000,"sd","09:17:24",78900
22.6,-0.1,100,"sd","09:17:24",77900
22.65,-0.05,11000,"bu","09:17:23",77800
22.6,-0.1,1100,"sd","09:17:19",66800
22.6,-0.1,3000,"bu","09:17:16",65700
22.5,-0.2,1100,"sd","09:17:13",62700
22.5,-0.2,1100,"sd","09:17:06",61600
22.5,-0.2,1100,"sd","09:17:01",60500
22.5,-0.2,1100,"sd","09:16:57",59400
22.5,-0.2,1100,"sd","09:16:51",58300
22.5,-0.2,1100,"sd","09:16:46",57200
22.5,-0.2,1100,"sd","09:16:41",56100
22.65,-0.05,10000,"bu","09:16:39",55000
22.5,-0.2,1100,"sd","09:16:36",45000
22.65,-0.05,1000,"bu","09:16:33",43900
22.5,-0.2,700,"sd","09:16:30",42900
22.6,-0.1,400,"sd","09:16:30",42200
22.6,-0.1,200,"sd","09:16:29",41800
22.6,-0.1,400,"bu","09:16:27",41600
22.5,-0.2,1100,"sd","09:16:25",41200
22.5,-0.2,1100,"sd","09:16:21",40100
22.6,-0.1,9800,"bu","09:16:20",39000
22.5,-0.2,1100,"sd","09:16:16",29200
22.5,-0.2,1100,"sd","09:16:01",28100
22.5,-0.2,1100,"sd","09:15:57",27000
22.5,-0.2,800,"sd","09:15:51",25900
22.55,-0.15,300,"sd","09:15:51",25100
22.65,-0.05,6000,"bu","09:15:50",24800
22.6,-0.1,100,"sd","09:15:42",18800
22.65,-0.05,5000,"bu","09:15:41",18700
22.6,-0.1,13700,"","09:15:02",13700
