"price","change","match_qtty","side","time","total_vol"
84.2,-0.8,116300,"","14:45:03",1400000
84.2,-0.8,100,"sd","14:29:52",1283700
84.3,-0.7,400,"sd","14:29:52",1283600
84.3,-0.7,400,"sd","14:29:47",1283200
84.5,-0.5,100,"sd","14:29:47",1282800
84.3,-0.7,5000,"sd","14:29:40",1282700
84.3,-0.7,800,"sd","14:29:37",1277700
84.3,-0.7,200,"sd","14:29:37",1276900
84.5,-0.5,200,"sd","14:29:37",1276700
84.6,-0.4,3800,"sd","14:29:37",1276500
84.6,-0.4,600,"bu","14:29:28",1272700
84.6,-0.4,1000,"bu","14:29:15",1272100
84.6,-0.4,1000,"bu","14:29:01",1271100
84.6,-0.4,100,"bu","14:28:57",1270100
84.5,-0.5,100,"sd","14:28:37",1270000
84.6,-0.4,100,"bu","14:28:26",1269900
84.5,-0.5,200,"sd","14:28:22",1269800
84.6,-0.4,100,"bu","14:28:16",1269600
84.5,-0.5,12600,"bu","14:28:06",1269500
84.3,-0.7,4000,"sd","14:28:06",1256900
84.3,-0.7,800,"sd","14:28:02",1252900
84.3,-0.7,400,"sd","14:28:01",1252100
84.5,-0.5,100,"bu","14:27:56",1251700
84.3,-0.7,200,"sd","14:27:43",1251600
84.5,-0.5,100,"bu","14:27:32",1251400
84.5,-0.5,100,"bu","14:26:30",1251300
84.4,-0.6,2000,"sd","14:26:27",1251200
84.5,-0.5,100,"bu","14:25:37",1249200
84.4,-0.6,600,"bu","14:25:33",1249100
84.4,-0.6,1000,"bu","14:25:19",1248500
84.3,-0.7,100,"sd","14:25:19",1247500
84.4,-0.6,100,"bu","14:25:00",1247400
84.3,-0.7,1200,"sd","14:24:54",1247300
84.4,-0.6,100,"bu","14:24:43",1246100
84.3,-0.7,5000,"sd","14:24:26",1246000
84.4,-0.6,6500,"bu","14:24:21",1241000
84.4,-0.6,100,"bu","14:24:05",1234500
84.4,-0.6,1000,"bu","14:23:55",1234400
84.4,-0.6,200,"bu","14:23:46",1233400
84.4,-0.6,1000,"bu","14:23:42",1233200
84.4,-0.6,1000,"bu","14:23:14",1232200
84.4,-0.6,100,"bu","14:23:13",1231200
84.3,-0.7,1200,"sd","14:23:05",1231100
84.3,-0.7,2200,"sd","14:23:04",1229900
84.4,-0.6,100,"bu","14:22:52",1227700
84.4,-0.6,100,"bu","14:22:51",1227600
84.3,-0.7,2000,"sd","14:22:38",1227500
84.4,-0.6,100,"bu","14:22:04",1225500
84.3,-0.7,4400,"sd","14:22:03",1225400
84.3,-0.7,100,"sd","14:21:58",1221000
84.4,-0.6,100,"bu","14:21:41",1220900
84.3,-0.7,200,"sd","14:21:03",1220800
84.3,-0.7,100,"sd","14:20:50",1220600
84.4,-0.6,100,"bu","14:20:43",1220500
84.3,-0.7,1000,"sd","14:20:19",1220400
84.3,-0.7,400,"sd","14:20:13",1219400
84.3,-0.7,2700,"sd","14:20:01",1219000
84.3,-0.7,2300,"sd","14:20:01",1216300
84.3,-0.7,1700,"sd","14:19:53",1214000
84.3,-0.7,500,"sd","14:19:26",1212300
84.3,-0.7,2200,"sd","14:19:05",1211800
84.3,-0.7,2000,"sd","14:18:28",1209600
84.4,-0.6,200,"bu","14:18:24",1207600
84.4,-0.6,1000,"bu","14:17:40",1207400
84.3,-0.7,3000,"sd","14:17:30",1206400
84.3,-0.7,1000,"sd","14:17:13",1203400
84.3,-0.7,1200,"sd","14:17:12",1202400
84.3,-0.7,5000,"sd","14:16:44",1201200
84.4,-0.6,100,"bu","14:16:42",1196200
84.4,-0.6,4900,"bu","14:16:25",1196100
84.4,-0.6,200,"bu","14:16:16",1191200
84.3,-0.7,300,"sd","14:15:53",1191000
84.4,-0.6,100,"bu","14:15:23",1190700
84.4,-0.6,1000,"bu","14:15:06",1190600
84.4,-0.6,2000,"bu","14:14:53",1189600
84.4,-0.6,100,"bu","14:14:51",1187600
84.4,-0.6,300,"bu","14:14:42",1187500
84.4,-0.6,100,"bu","14:14:32",1187200
84.4,-0.6,100,"bu","14:14:28",1187100
84.4,-0.6,1300,"sd","14:14:24",1187000
84.4,-0.6,100,"sd","14:13:57",1185700
84.5,-0.5,100,"bu","14:13:01",1185600
84.4,-0.6,100,"bu","14:12:55",1185500
84.4,-0.6,100,"bu","14:12:48",1185400
84.4,-0.6,100,"bu","14:12:46",1185300
84.4,-0.6,2000,"sd","14:12:43",1185200
84.4,-0.6,500,"sd","14:12:42",1183200
84.4,-0.6,2300,"sd","14:12:33",1182700
84.4,-0.6,2200,"sd","14:11:37",1180400
84.4,-0.6,100,"sd","14:10:55",1178200
84.5,-0.5,100,"bu","14:10:46",1178100
84.5,-0.5,2000,"bu","14:10:27",1178000
84.4,-0.6,5700,"bu","14:10:19",1176000
84.4,-0.6,2000,"bu","14:10:18",1170300
84.4,-0.6,100,"bu","14:09:59",1168300
84.4,-0.6,100,"bu","14:08:56",1168200
84.3,-0.7,2300,"sd","14:08:49",1168100
84.3,-0.7,600,"sd","14:08:08",1165800
84.4,-0.6,100,"bu","14:08:07",1165200
84.3,-0.7,2200,"sd","14:07:52",1165100
84.3,-0.7,200,"bu","14:07:25",1162900
84.3,-0.7,500,"bu","14:07:23",1162700
84.3,-0.7,200,"bu","14:07:18",1162200
84.3,-0.7,200,"bu","14:07:16",1162000
84.3,-0.7,10000,"bu","14:07:15",1161800
84.3,-0.7,1000,"bu","14:07:10",1151800
84.3,-0.7,1500,"bu","14:07:09",1150800
84.2,-0.8,4800,"sd","14:06:59",1149300
84.2,-0.8,4400,"sd","14:06:58",1144500
84.3,-0.7,200,"bu","14:06:38",1140100
84.3,-0.7,4800,"bu","14:06:38",1139900
84.3,-0.7,1000,"bu","14:06:32",1135100
84.3,-0.7,200,"bu","14:06:02",1134100
84.3,-0.7,100,"bu","14:05:57",1133900
84.2,-0.8,700,"sd","14:05:54",1133800
84.3,-0.7,100,"bu","14:05:45",1133100
84.2,-0.8,2300,"sd","14:05:05",1133000
84.2,-0.8,200,"sd","14:04:53",1130700
84.3,-0.7,100,"bu","14:04:49",1130500
84.2,-0.8,500,"sd","14:04:39",1130400
84.3,-0.7,200,"bu","14:04:28",1129900
84.3,-0.7,200,"bu","14:03:37",1129700
84.3,-0.7,200,"bu","14:03:30",1129500
84.3,-0.7,1800,"bu","14:03:28",1129300
84.3,-0.7,2000,"bu","14:03:23",1127500
84.3,-0.7,100,"bu","14:03:18",1125500
84.2,-0.8,1200,"sd","14:03:15",1125400
84.3,-0.7,1000,"bu","14:03:05",1124200
84.2,-0.8,2000,"sd","14:02:57",1123200
84.2,-0.8,4600,"sd","14:02:46",1121200
84.2,-0.8,2200,"sd","14:02:46",1116600
84.3,-0.7,1000,"bu","14:01:50",1114400
84.3,-0.7,1800,"bu","14:01:05",1113400
84.3,-0.7,100,"bu","14:00:58",1111600
84.3,-0.7,2000,"bu","14:00:33",1111500
84.3,-0.7,1500,"bu","14:00:26",1109500
84.3,-0.7,800,"bu","14:00:22",1108000
84.3,-0.7,100,"bu","14:00:02",1107200
84.2,-0.8,2000,"sd","13:59:56",1107100
84.2,-0.8,8300,"sd","13:59:44",1105100
84.2,-0.8,2000,"sd","13:59:42",1096800
84.3,-0.7,300,"bu","13:59:32",1094800
84.3,-0.7,1100,"bu","13:59:28",1094500
84.3,-0.7,500,"bu","13:59:19",1093400
84.3,-0.7,100,"bu","13:59:05",1092900
84.2,-0.8,300,"sd","13:58:58",1092800
84.3,-0.7,100,"bu","13:58:57",1092500
84.3,-0.7,400,"bu","13:58:08",1092400
84.3,-0.7,1000,"bu","13:58:07",1092000
84.3,-0.7,100,"bu","13:57:52",1091000
84.3,-0.7,11000,"bu","13:57:48",1090900
84.3,-0.7,100,"bu","13:57:08",1079900
84.3,-0.7,1000,"bu","13:56:53",1079800
84.3,-0.7,1000,"bu","13:56:44",1078800
84.2,-0.8,2700,"sd","13:56:41",1077800
84.2,-0.8,1200,"sd","13:56:09",1075100
84.3,-0.7,1300,"bu","13:55:49",1073900
84.3,-0.7,100,"bu","13:55:45",1072600
84.3,-0.7,200,"bu","13:55:37",1072500
84.3,-0.7,100,"bu","13:55:28",1072300
84.3,-0.7,1000,"bu","13:55:10",1072200
84.3,-0.7,200,"bu","13:55:09",1071200
84.3,-0.7,100,"bu","13:55:06",1071000
84.3,-0.7,100,"bu","13:54:50",1070900
84.3,-0.7,100,"bu","13:54:29",1070800
84.3,-0.7,200,"bu","13:53:58",1070700
84.3,-0.7,100,"bu","13:53:55",1070500
84.3,-0.7,100,"bu","13:53:34",1070400
84.2,-0.8,200,"sd","13:53:13",1070300
84.2,-0.8,1000,"sd","13:53:09",1070100
84.2,-0.8,2000,"sd","13:53:06",1069100
84.2,-0.8,600,"sd","13:53:04",1067100
84.2,-0.8,3000,"sd","13:52:58",1066500
84.2,-0.8,1700,"sd","13:52:57",1063500
84.2,-0.8,2400,"sd","13:52:55",1061800
84.2,-0.8,1700,"sd","13:52:53",1059400
84.2,-0.8,3000,"sd","13:52:52",1057700
84.2,-0.8,16200,"sd","13:52:51",1054700
84.3,-0.7,500,"bu","13:52:48",1038500
84.3,-0.7,400,"bu","13:52:47",1038000
84.2,-0.8,1400,"sd","13:52:44",1037600
84.2,-0.8,3000,"sd","13:52:43",1036200
84.3,-0.7,100,"bu","13:52:42",1033200
84.3,-0.7,2500,"bu","13:52:35",1033100
84.3,-0.7,500,"bu","13:52:03",1030600
84.3,-0.7,500,"bu","13:52:00",1030100
84.3,-0.7,500,"bu","13:51:39",1029600
84.2,-0.8,200,"sd","13:51:35",1029100
84.2,-0.8,100,"sd","13:51:33",1028900
84.2,-0.8,700,"sd","13:51:24",1028800
84.2,-0.8,1200,"sd","13:51:23",1028100
84.2,-0.8,1000,"sd","13:51:20",1026900
84.2,-0.8,900,"sd","13:51:15",1025900
84.2,-0.8,1000,"sd","13:51:14",1025000
84.2,-0.8,100,"sd","13:51:13",1024000
84.2,-0.8,1700,"sd","13:51:05",1023900
84.2,-0.8,800,"sd","13:51:04",1022200
84.2,-0.8,200,"sd","13:51:03",1021400
84.2,-0.8,3000,"sd","13:50:59",1021200
84.3,-0.7,100,"bu","13:50:47",1018200
84.2,-0.8,100,"sd","13:50:35",1018100
84.2,-0.8,600,"sd","13:50:25",1018000
84.2,-0.8,100,"sd","13:50:23",1017400
84.2,-0.8,2000,"sd","13:50:21",1017300
84.3,-0.7,500,"bu","13:50:15",1015300
84.3,-0.7,100,"bu","13:49:59",1014800
84.3,-0.7,100,"bu","13:49:38",1014700
84.3,-0.7,100,"bu","13:49:32",1014600
84.3,-0.7,900,"bu","13:49:32",1014500
84.2,-0.8,3000,"sd","13:49:30",1013600
84.3,-0.7,1000,"bu","13:49:27",1010600
84.3,-0.7,1000,"bu","13:49:21",1009600
84.3,-0.7,300,"bu","13:49:21",1008600
84.2,-0.8,800,"sd","13:49:15",1008300
84.3,-0.7,1000,"bu","13:49:14",1007500
84.2,-0.8,200,"sd","13:49:13",1006500
84.2,-0.8,1700,"sd","13:49:12",1006300
84.2,-0.8,500,"sd","13:49:08",1004600
84.2,-0.8,100,"sd","13:49:05",1004100
84.3,-0.7,1000,"bu","13:49:04",1004000
84.2,-0.8,100,"sd","13:49:03",1003000
84.2,-0.8,600,"sd","13:48:55",1002900
84.2,-0.8,100,"sd","13:48:53",1002300
84.3,-0.7,1000,"bu","13:48:53",1002200
84.2,-0.8,1300,"sd","13:48:44",1001200
84.2,-0.8,300,"sd","13:48:43",999900
84.2,-0.8,5000,"sd","13:48:39",999600
84.3,-0.7,500,"bu","13:48:15",994600
84.3,-0.7,1000,"bu","13:48:06",994100
84.3,-0.7,1000,"bu","13:47:58",993100
84.2,-0.8,100,"sd","13:47:34",992100
84.2,-0.8,400,"sd","13:47:24",992000
84.2,-0.8,100,"sd","13:47:23",991600
84.2,-0.8,1600,"sd","13:47:22",991500
84.3,-0.7,100,"bu","13:47:22",989900
84.3,-0.7,100,"bu","13:47:21",989800
84.2,-0.8,200,"sd","13:47:05",989700
84.2,-0.8,1000,"sd","13:46:55",989500
84.2,-0.8,200,"sd","13:46:53",988500
84.2,-0.8,1000,"sd","13:46:51",988300
84.2,-0.8,3000,"sd","13:46:50",987300
84.3,-0.7,100,"bu","13:46:37",984300
84.2,-0.8,1200,"sd","13:46:35",984200
84.2,-0.8,300,"sd","13:46:33",983000
84.2,-0.8,3000,"sd","13:46:29",982700
84.2,-0.8,1800,"sd","13:46:25",979700
84.2,-0.8,500,"sd","13:46:14",977900
84.2,-0.8,100,"sd","13:46:13",977400
84.2,-0.8,2000,"sd","13:46:05",977300
84.2,-0.8,500,"sd","13:46:03",975300
84.2,-0.8,700,"bu","13:46:02",974800
84.2,-0.8,600,"bu","13:46:01",974100
84.2,-0.8,100,"bu","13:46:00",973500
84.2,-0.8,5000,"bu","13:45:59",973400
84.2,-0.8,1000,"bu","13:45:58",968400
84.2,-0.8,100,"bu","13:45:56",967400
84.2,-0.8,100,"bu","13:45:52",967300
84.2,-0.8,400,"bu","13:45:43",967200
84.2,-0.8,100,"bu","13:45:29",966800
84.2,-0.8,100,"bu","13:45:25",966700
84.2,-0.8,100,"bu","13:45:24",966600
84.2,-0.8,100,"bu","13:45:11",966500
84.2,-0.8,100,"bu","13:45:10",966400
84.2,-0.8,200,"bu","13:45:09",966300
84.2,-0.8,1000,"bu","13:45:08",966100
84.2,-0.8,1000,"bu","13:45:04",965100
84.2,-0.8,100,"bu","13:44:57",964100
84.1,-0.9,500,"sd","13:44:55",964000
84.1,-0.9,100,"sd","13:44:53",963500
84.1,-0.9,300,"sd","13:44:52",963400
84.2,-0.8,100,"bu","13:44:51",963100
84.2,-0.8,300,"bu","13:44:49",963000
84.2,-0.8,100,"bu","13:44:47",962700
84.2,-0.8,1000,"bu","13:44:46",962600
84.2,-0.8,200,"bu","13:44:45",961600
84.2,-0.8,400,"bu","13:44:43",961400
84.2,-0.8,1100,"bu","13:44:40",961000
84.2,-0.8,100,"bu","13:44:32",959900
84.2,-0.8,4000,"bu","13:44:31",959800
84.2,-0.8,500,"bu","13:44:29",955800
84.2,-0.8,400,"bu","13:44:28",955300
84.2,-0.8,300,"bu","13:44:27",954900
84.2,-0.8,2000,"bu","13:44:24",954600
84.2,-0.8,1000,"bu","13:44:23",952600
84.2,-0.8,2500,"bu","13:44:21",951600
84.2,-0.8,1000,"bu","13:44:18",949100
84.2,-0.8,200,"bu","13:44:17",948100
84.2,-0.8,1000,"bu","13:44:17",947900
84.2,-0.8,200,"bu","13:44:15",946900
84.2,-0.8,100,"bu","13:44:14",946700
84.2,-0.8,100,"bu","13:44:12",946600
84.2,-0.8,9900,"bu","13:44:11",946500
84.2,-0.8,1600,"bu","13:44:11",936600
84.2,-0.8,2000,"bu","13:44:09",935000
84.2,-0.8,4200,"bu","13:44:08",933000
84.2,-0.8,2100,"bu","13:44:07",928800
84.2,-0.8,1000,"bu","13:43:59",926700
84.2,-0.8,200,"bu","13:43:56",925700
84.2,-0.8,900,"bu","13:43:46",925500
84.2,-0.8,100,"bu","13:43:41",924600
84.2,-0.8,500,"bu","13:43:36",924500
84.2,-0.8,100,"bu","13:43:27",924000
84.2,-0.8,500,"bu","13:43:15",923900
84.2,-0.8,100,"bu","13:43:14",923400
84.2,-0.8,200,"bu","13:43:08",923300
84.2,-0.8,100,"bu","13:43:04",923100
84.2,-0.8,2500,"bu","13:42:47",923000
84.2,-0.8,100,"bu","13:42:44",920500
84.2,-0.8,2000,"bu","13:42:34",920400
84.2,-0.8,100,"bu","13:42:27",918400
84.2,-0.8,100,"bu","13:42:26",918300
84.2,-0.8,100,"bu","13:42:13",918200
84.2,-0.8,100,"bu","13:42:09",918100
84.2,-0.8,10000,"bu","13:42:01",918000
84.1,-0.9,400,"sd","13:41:55",908000
84.1,-0.9,100,"sd","13:41:53",907600
84.1,-0.9,1700,"sd","13:41:45",907500
84.1,-0.9,100,"sd","13:41:05",905800
84.1,-0.9,400,"sd","13:40:55",905700
84.1,-0.9,100,"sd","13:40:53",905300
84.1,-0.9,1700,"sd","13:40:50",905200
84.1,-0.9,200,"sd","13:40:04",903500
84.1,-0.9,400,"sd","13:39:55",903300
84.1,-0.9,1700,"sd","13:39:54",902900
84.1,-0.9,300,"sd","13:39:24",901200
84.1,-0.9,1200,"sd","13:39:14",900900
84.2,-0.8,100,"bu","13:39:01",899700
84.1,-0.9,1700,"sd","13:38:58",899600
84.1,-0.9,200,"sd","13:38:16",897900
84.1,-0.9,400,"sd","13:38:05",897700
84.1,-0.9,600,"sd","13:38:04",897300
84.2,-0.8,500,"bu","13:37:42",896700
84.2,-0.8,100,"bu","13:37:21",896200
84.2,-0.8,400,"bu","13:36:56",896100
84.2,-0.8,3000,"bu","13:36:51",895700
84.2,-0.8,100,"bu","13:36:28",892700
84.1,-0.9,1200,"sd","13:36:26",892600
84.2,-0.8,600,"bu","13:36:25",891400
84.2,-0.8,100,"bu","13:36:22",890800
84.2,-0.8,500,"bu","13:36:10",890700
84.2,-0.8,100,"bu","13:36:02",890200
84.1,-0.9,300,"sd","13:35:55",890100
84.1,-0.9,500,"sd","13:35:53",889800
84.1,-0.9,1000,"sd","13:35:46",889300
84.2,-0.8,1000,"bu","13:35:35",888300
84.2,-0.8,500,"bu","13:35:29",887300
84.1,-0.9,2000,"sd","13:35:25",886800
84.2,-0.8,300,"bu","13:35:21",884800
84.1,-0.9,300,"sd","13:35:20",884500
84.1,-0.9,1300,"sd","13:35:16",884200
84.1,-0.9,3800,"sd","13:35:13",882900
84.1,-0.9,1600,"sd","13:35:06",879100
84.1,-0.9,400,"sd","13:35:03",877500
84.1,-0.9,200,"sd","13:35:02",877100
84.1,-0.9,6000,"sd","13:34:55",876900
84.2,-0.8,700,"bu","13:34:37",870900
84.2,-0.8,400,"bu","13:34:32",870200
84.2,-0.8,200,"bu","13:34:25",869800
84.2,-0.8,500,"bu","13:34:12",869600
84.2,-0.8,2000,"bu","13:33:52",869100
84.2,-0.8,100,"bu","13:33:51",867100
84.2,-0.8,600,"bu","13:33:24",867000
84.2,-0.8,500,"bu","13:32:50",866400
84.2,-0.8,500,"bu","13:32:39",865900
84.2,-0.8,500,"bu","13:32:33",865400
84.2,-0.8,100,"bu","13:32:27",864900
84.2,-0.8,100,"bu","13:32:15",864800
84.2,-0.8,100,"bu","13:32:09",864700
84.2,-0.8,1400,"sd","13:32:09",864600
84.2,-0.8,10000,"sd","13:32:07",863200
84.2,-0.8,1500,"sd","13:32:05",853200
84.2,-0.8,400,"sd","13:32:03",851700
84.2,-0.8,2000,"sd","13:32:02",851300
84.2,-0.8,2000,"sd","13:31:56",849300
84.2,-0.8,100,"sd","13:31:55",847300
84.2,-0.8,1800,"sd","13:31:54",847200
84.2,-0.8,500,"sd","13:31:53",845400
84.2,-0.8,5800,"sd","13:31:45",844900
84.2,-0.8,500,"sd","13:31:43",838000
84.2,-0.8,5000,"sd","13:31:39",837500
84.2,-0.8,2000,"sd","13:31:39",832500
84.2,-0.8,400,"sd","13:31:34",830500
84.2,-0.8,100,"sd","13:31:33",830100
84.2,-0.8,1700,"sd","13:31:30",830000
84.2,-0.8,100,"sd","13:31:24",828300
84.3,-0.7,1000,"bu","13:31:18",828200
84.2,-0.8,500,"sd","13:31:15",827200
84.2,-0.8,100,"sd","13:31:14",826700
84.2,-0.8,2000,"sd","13:31:11",826600
84.2,-0.8,100,"sd","13:31:05",824600
84.2,-0.8,600,"sd","13:30:55",824500
84.2,-0.8,100,"sd","13:30:53",823900
84.2,-0.8,2000,"sd","13:30:47",823800
84.2,-0.8,500,"sd","13:30:45",821800
84.2,-0.8,300,"sd","13:30:43",821300
84.2,-0.8,2000,"sd","13:30:41",821000
84.3,-0.7,1000,"bu","13:30:34",819000
84.2,-0.8,1700,"sd","13:30:34",818000
84.2,-0.8,100,"sd","13:30:33",816300
84.2,-0.8,600,"sd","13:30:32",816200
84.2,-0.8,300,"sd","13:30:32",815600
84.2,-0.8,1100,"sd","13:30:31",815300
84.2,-0.8,600,"sd","13:30:25",814200
84.2,-0.8,100,"sd","13:30:23",813600
84.2,-0.8,2400,"sd","13:30:15",813500
84.3,-0.7,100,"bu","13:30:14",811100
84.2,-0.8,100,"sd","13:30:13",811000
84.2,-0.8,100,"sd","13:30:05",810900
84.2,-0.8,1700,"sd","13:30:04",810800
84.2,-0.8,400,"sd","13:30:03",809100
84.2,-0.8,900,"sd","13:30:02",808700
84.2,-0.8,1100,"sd","13:30:02",807800
84.2,-0.8,100,"sd","13:30:00",806700
84.2,-0.8,800,"sd","13:29:56",806600
84.2,-0.8,2400,"sd","13:29:56",805800
84.2,-0.8,1100,"sd","13:29:55",803400
84.2,-0.8,300,"sd","13:29:53",802300
84.2,-0.8,100,"sd","13:29:52",802000
84.2,-0.8,3200,"sd","13:29:48",801900
84.2,-0.8,100,"sd","13:29:46",798700
84.2,-0.8,800,"sd","13:29:44",798600
84.2,-0.8,200,"sd","13:29:43",797800
84.2,-0.8,3200,"sd","13:29:37",797600
84.3,-0.7,100,"bu","13:29:16",794400
84.3,-0.7,200,"bu","13:29:03",794300
84.3,-0.7,200,"bu","13:28:54",794100
84.3,-0.7,1000,"bu","13:28:28",793900
84.2,-0.8,100,"sd","13:28:27",792900
84.3,-0.7,100,"bu","13:28:22",792800
84.3,-0.7,200,"bu","13:28:10",792700
84.3,-0.7,1000,"bu","13:27:43",792500
84.2,-0.8,1200,"sd","13:27:39",791500
84.3,-0.7,400,"bu","13:27:05",790300
84.3,-0.7,2000,"bu","13:26:35",789900
84.3,-0.7,3500,"bu","13:26:20",787900
84.3,-0.7,200,"bu","13:26:14",784400
84.3,-0.7,5000,"bu","13:26:07",784200
84.3,-0.7,100,"bu","13:25:22",779200
84.3,-0.7,3000,"bu","13:25:18",779100
84.3,-0.7,3000,"bu","13:25:16",776100
84.3,-0.7,200,"bu","13:25:12",773100
84.3,-0.7,100,"bu","13:24:55",772900
84.3,-0.7,100,"bu","13:24:54",772800
84.2,-0.8,100,"sd","13:24:42",772700
84.3,-0.7,100,"bu","13:24:41",772600
84.3,-0.7,200,"bu","13:23:57",772500
84.3,-0.7,100,"bu","13:23:53",772300
84.3,-0.7,200,"bu","13:23:44",772200
84.2,-0.8,100,"sd","13:23:24",772000
84.2,-0.8,400,"sd","13:23:14",771900
84.2,-0.8,100,"sd","13:23:13",771500
84.2,-0.8,1700,"sd","13:23:06",771400
84.2,-0.8,100,"sd","13:22:52",769700
84.2,-0.8,100,"sd","13:22:47",769600
84.2,-0.8,100,"sd","13:22:25",769500
84.2,-0.8,400,"sd","13:22:15",769400
84.2,-0.8,100,"sd","13:22:13",769000
84.2,-0.8,1700,"sd","13:22:10",768900
84.2,-0.8,100,"sd","13:22:04",767200
84.3,-0.7,200,"bu","13:22:00",767100
84.3,-0.7,100,"bu","13:21:29",766900
84.3,-0.7,100,"bu","13:21:27",766800
84.2,-0.8,100,"sd","13:21:20",766700
84.3,-0.7,200,"bu","13:21:11",766600
84.2,-0.8,100,"sd","13:21:11",766400
84.2,-0.8,100,"sd","13:20:58",766300
84.3,-0.7,100,"bu","13:20:50",766200
84.3,-0.7,100,"bu","13:20:46",766100
84.3,-0.7,900,"bu","13:20:37",766000
84.3,-0.7,300,"bu","13:20:30",765100
84.3,-0.7,100,"bu","13:20:21",764800
84.3,-0.7,100,"bu","13:20:19",764700
84.2,-0.8,600,"sd","13:20:17",764600
84.2,-0.8,1100,"sd","13:20:17",764000
84.2,-0.8,3200,"sd","13:20:16",762900
84.3,-0.7,100,"bu","13:20:09",759700
84.2,-0.8,500,"sd","13:20:05",759600
84.2,-0.8,100,"sd","13:20:03",759100
84.2,-0.8,100,"sd","13:19:59",759000
84.2,-0.8,2000,"sd","13:19:57",758900
84.3,-0.7,100,"bu","13:19:38",756900
84.2,-0.8,100,"sd","13:19:35",756800
84.2,-0.8,400,"sd","13:19:24",756700
84.2,-0.8,100,"sd","13:19:23",756300
84.2,-0.8,1700,"sd","13:19:22",756200
84.2,-0.8,100,"sd","13:19:14",754500
84.3,-0.7,700,"bu","13:19:04",754400
84.3,-0.7,300,"bu","13:19:04",753700
84.3,-0.7,2000,"bu","13:18:44",753400
84.3,-0.7,100,"bu","13:18:43",751400
84.3,-0.7,100,"bu","13:18:39",751300
84.3,-0.7,400,"bu","13:18:24",751200
84.3,-0.7,500,"bu","13:18:21",750800
84.3,-0.7,500,"bu","13:18:20",750300
84.3,-0.7,5000,"bu","13:18:04",749800
84.3,-0.7,1000,"bu","13:17:54",744800
84.3,-0.7,700,"bu","13:17:51",743800
84.3,-0.7,500,"bu","13:17:48",743100
84.3,-0.7,100,"bu","13:17:45",742600
84.3,-0.7,1500,"bu","13:17:21",742500
84.3,-0.7,100,"bu","13:17:13",741000
84.3,-0.7,200,"bu","13:17:10",740900
84.3,-0.7,1000,"bu","13:17:03",740700
84.2,-0.8,500,"sd","13:16:55",739700
84.2,-0.8,100,"sd","13:16:54",739200
84.2,-0.8,2000,"sd","13:16:51",739100
84.3,-0.7,200,"bu","13:16:46",737100
84.3,-0.7,200,"bu","13:16:35",736900
84.3,-0.7,2800,"bu","13:16:34",736700
84.3,-0.7,100,"bu","13:16:21",733900
84.3,-0.7,4000,"bu","13:16:19",733800
84.3,-0.7,100,"bu","13:16:11",729800
84.3,-0.7,100,"bu","13:16:07",729700
84.2,-0.8,300,"sd","13:16:04",729600
84.2,-0.8,1200,"sd","13:16:01",729300
84.3,-0.7,1000,"bu","13:15:34",728100
84.3,-0.7,100,"bu","13:15:24",727100
84.3,-0.7,200,"bu","13:15:21",727000
84.3,-0.7,1000,"bu","13:15:16",726800
84.3,-0.7,1000,"bu","13:15:09",725800
84.3,-0.7,100,"bu","13:15:02",724800
84.3,-0.7,300,"bu","13:14:58",724700
84.3,-0.7,100,"bu","13:14:53",724400
84.3,-0.7,200,"bu","13:14:45",724300
84.3,-0.7,1000,"bu","13:14:40",724100
84.3,-0.7,1200,"bu","13:14:39",723100
84.2,-0.8,1200,"sd","13:14:37",721900
84.3,-0.7,900,"bu","13:14:34",720700
84.3,-0.7,10000,"bu","13:14:29",719800
84.3,-0.7,200,"bu","13:14:27",709800
84.3,-0.7,1000,"bu","13:14:18",709600
84.3,-0.7,100,"bu","13:14:14",708600
84.2,-0.8,100,"sd","13:14:06",708500
84.2,-0.8,500,"sd","13:13:55",708400
84.2,-0.8,1500,"sd","13:13:46",707900
84.2,-0.8,200,"sd","13:13:45",706400
84.2,-0.8,300,"sd","13:13:35",706200
84.2,-0.8,1000,"sd","13:13:26",705900
84.2,-0.8,200,"sd","13:13:25",704900
84.2,-0.8,2300,"sd","13:13:19",704700
84.2,-0.8,1700,"sd","13:13:19",702400
84.2,-0.8,200,"sd","13:13:05",700700
84.2,-0.8,1000,"sd","13:12:54",700500
84.3,-0.7,100,"bu","13:12:41",699500
84.2,-0.8,200,"sd","13:12:26",699400
84.2,-0.8,1000,"sd","13:12:14",699200
84.3,-0.7,1000,"bu","13:12:10",698200
84.2,-0.8,1000,"sd","13:11:57",697200
84.3,-0.7,800,"bu","13:11:56",696200
84.3,-0.7,500,"bu","13:11:43",695400
84.2,-0.8,1000,"sd","13:11:39",694900
84.3,-0.7,800,"bu","13:11:34",693900
84.3,-0.7,300,"bu","13:11:28",693100
84.3,-0.7,500,"bu","13:11:04",692800
84.2,-0.8,1300,"sd","13:10:58",692300
84.2,-0.8,1000,"sd","13:10:29",691000
84.2,-0.8,800,"sd","13:10:09",690000
84.2,-0.8,1400,"sd","13:10:03",689200
84.2,-0.8,6000,"sd","13:09:40",687800
84.2,-0.8,4000,"sd","13:09:23",681800
84.3,-0.7,200,"bu","13:09:22",677800
84.3,-0.7,200,"bu","13:09:08",677600
84.3,-0.7,100,"bu","13:09:00",677400
84.2,-0.8,100,"sd","13:08:54",677300
84.3,-0.7,1000,"bu","13:08:26",677200
84.2,-0.8,2000,"sd","13:08:24",676200
84.2,-0.8,1300,"sd","13:08:10",674200
84.2,-0.8,100,"sd","13:07:59",672900
84.3,-0.7,200,"bu","13:07:44",672800
84.3,-0.7,1000,"bu","13:07:28",672600
84.2,-0.8,100,"sd","13:07:27",671600
84.3,-0.7,1000,"bu","13:07:21",671500
84.2,-0.8,1300,"sd","13:07:14",670500
84.2,-0.8,500,"sd","13:07:06",669200
84.3,-0.7,1200,"bu","13:06:59",668700
84.3,-0.7,1000,"bu","13:06:46",667500
84.3,-0.7,200,"bu","13:06:39",666500
84.3,-0.7,100,"bu","13:06:38",666300
84.2,-0.8,1400,"sd","13:06:17",666200
84.2,-0.8,1000,"sd","13:05:58",664800
84.3,-0.7,200,"bu","13:05:39",663800
84.3,-0.7,100,"bu","13:05:28",663600
84.3,-0.7,2200,"bu","13:05:13",663500
84.2,-0.8,100,"sd","13:04:52",661300
84.2,-0.8,400,"sd","13:04:38",661200
84.2,-0.8,1300,"sd","13:04:25",660800
84.2,-0.8,100,"sd","13:04:01",659500
84.3,-0.7,400,"bu","13:03:45",659400
84.3,-0.7,100,"bu","13:03:40",659000
84.3,-0.7,100,"bu","13:03:38",658900
84.3,-0.7,200,"bu","13:03:35",658800
84.3,-0.7,700,"bu","13:03:33",658600
84.3,-0.7,100,"bu","13:03:06",657900
84.3,-0.7,200,"bu","13:02:59",657800
84.3,-0.7,55400,"sd","13:02:34",657600
84.4,-0.6,100,"bu","13:02:25",602200
84.3,-0.7,3000,"sd","13:02:19",602100
84.3,-0.7,1300,"sd","13:01:39",599100
84.3,-0.7,100,"sd","13:01:17",597800
84.4,-0.6,500,"bu","13:00:54",597700
84.4,-0.6,200,"sd","13:00:25",597200
84.3,-0.7,6300,"sd","13:00:22",597000
84.4,-0.6,2700,"sd","13:00:22",590700
84.4,-0.6,1000,"sd","13:00:18",588000
84.5,-0.5,500,"bu","13:00:17",587000
84.4,-0.6,600,"sd","13:00:10",586500
84.5,-0.5,500,"bu","13:00:09",585900
84.4,-0.6,2700,"bu","13:00:08",585400
84.4,-0.6,200,"bu","13:00:05",582700
84.4,-0.6,200,"bu","13:00:04",582500
84.4,-0.6,300,"bu","13:00:03",582300
84.4,-0.6,100,"bu","13:00:02",582000
84.4,-0.6,200,"bu","13:00:01",581900
84.4,-0.6,800,"bu","13:00:00",581700
84.4,-0.6,1100,"sd","11:29:42",580900
84.4,-0.6,1100,"sd","11:29:37",579800
84.4,-0.6,1300,"sd","11:28:46",578700
84.4,-0.6,2000,"sd","11:28:41",577400
84.5,-0.5,200,"bu","11:28:40",575400
84.5,-0.5,100,"bu","11:28:36",575200
84.5,-0.5,3200,"bu","11:28:06",575100
84.5,-0.5,1000,"bu","11:27:41",571900
84.5,-0.5,100,"bu","11:27:18",570900
84.5,-0.5,300,"bu","11:27:11",570800
84.5,-0.5,100,"bu","11:25:19",570500
84.4,-0.6,1300,"sd","11:25:03",570400
84.4,-0.6,1000,"sd","11:24:28",569100
84.4,-0.6,1200,"sd","11:24:24",568100
84.4,-0.6,100,"sd","11:24:13",566900
84.4,-0.6,1300,"sd","11:24:06",566800
84.4,-0.6,700,"bu","11:23:39",565500
84.4,-0.6,2500,"bu","11:23:22",564800
84.4,-0.6,200,"sd","11:23:10",562300
84.3,-0.7,200,"sd","11:22:28",562100
84.4,-0.6,1800,"sd","11:22:28",561900
84.4,-0.6,1300,"sd","11:22:14",560100
84.4,-0.6,100,"sd","11:22:00",558800
84.4,-0.6,1300,"sd","11:21:19",558700
84.4,-0.6,2000,"sd","11:21:18",557400
84.3,-0.7,100,"sd","11:21:00",555400
84.4,-0.6,2900,"sd","11:21:00",555300
84.5,-0.5,100,"bu","11:20:05",552400
84.4,-0.6,1300,"sd","11:19:26",552300
84.4,-0.6,500,"bu","11:19:23",551000
84.4,-0.6,500,"bu","11:19:03",550500
84.4,-0.6,1000,"sd","11:18:57",550000
84.5,-0.5,100,"bu","11:17:37",549000
84.3,-0.7,900,"sd","11:17:34",548900
84.4,-0.6,400,"sd","11:17:34",548000
84.3,-0.7,1300,"sd","11:16:39",547600
84.4,-0.6,100,"sd","11:16:39",546300
84.3,-0.7,700,"sd","11:16:26",546200
84.4,-0.6,700,"bu","11:16:24",545500
84.3,-0.7,100,"sd","11:16:21",544800
84.4,-0.6,100,"bu","11:16:16",544700
84.4,-0.6,500,"bu","11:16:10",544600
84.4,-0.6,100,"bu","11:16:09",544100
84.4,-0.6,200,"sd","11:15:43",544000
84.4,-0.6,1100,"sd","11:15:33",543800
84.3,-0.7,400,"sd","11:14:52",542700
84.4,-0.6,500,"bu","11:14:52",542300
84.3,-0.7,900,"sd","11:14:47",541800
84.3,-0.7,400,"sd","11:14:46",540900
84.3,-0.7,100,"sd","11:14:35",540500
84.4,-0.6,100,"bu","11:14:31",540400
84.4,-0.6,1000,"bu","11:14:28",540300
84.4,-0.6,500,"sd","11:14:19",539300
84.4,-0.6,2000,"sd","11:14:17",538800
84.4,-0.6,3000,"sd","11:14:09",536800
84.4,-0.6,3000,"sd","11:14:03",533800
84.4,-0.6,1400,"sd","11:13:50",530800
84.4,-0.6,1000,"sd","11:13:36",529400
84.4,-0.6,1800,"sd","11:13:19",528400
84.4,-0.6,500,"sd","11:13:02",526600
84.4,-0.6,2000,"sd","11:13:01",526100
84.4,-0.6,500,"sd","11:12:58",524100
84.5,-0.5,100,"bu","11:12:45",523600
84.4,-0.6,1300,"sd","11:11:59",523500
84.4,-0.6,2600,"sd","11:11:48",522200
84.4,-0.6,3900,"sd","11:11:47",519600
84.5,-0.5,100,"bu","11:11:43",515700
84.4,-0.6,5400,"sd","11:11:31",515600
84.5,-0.5,100,"bu","11:11:26",510200
84.4,-0.6,100,"sd","11:11:08",510100
84.5,-0.5,100,"bu","11:10:57",510000
84.5,-0.5,3900,"bu","11:10:56",509900
84.5,-0.5,1100,"bu","11:10:56",506000
84.4,-0.6,1000,"sd","11:10:54",504900
84.5,-0.5,100,"bu","11:10:50",503900
84.4,-0.6,100,"sd","11:10:12",503800
84.4,-0.6,2500,"sd","11:10:07",503700
84.5,-0.5,100,"bu","11:09:45",501200
84.5,-0.5,100,"bu","11:09:11",501100
84.5,-0.5,500,"bu","11:08:55",501000
84.4,-0.6,100,"sd","11:08:46",500500
84.5,-0.5,200,"bu","11:08:38",500400
84.5,-0.5,200,"bu","11:08:04",500200
84.4,-0.6,500,"sd","11:07:38",500000
84.4,-0.6,100,"sd","11:07:19",499500
84.5,-0.5,500,"bu","11:07:01",499400
84.4,-0.6,2900,"sd","11:07:00",498900
84.5,-0.5,100,"bu","11:06:56",496000
84.5,-0.5,500,"bu","11:06:50",495900
84.5,-0.5,100,"bu","11:06:05",495400
84.4,-0.6,100,"sd","11:05:55",495300
84.5,-0.5,100,"bu","11:05:48",495200
84.5,-0.5,100,"bu","11:05:31",495100
84.5,-0.5,800,"bu","11:05:23",495000
84.5,-0.5,100,"bu","11:04:44",494200
84.5,-0.5,100,"bu","11:04:39",494100
84.4,-0.6,1300,"sd","11:04:31",494000
84.4,-0.6,100,"sd","11:04:15",492700
84.5,-0.5,100,"bu","11:03:46",492600
84.5,-0.5,100,"bu","11:03:34",492500
84.4,-0.6,2000,"sd","11:03:23",492400
84.4,-0.6,1300,"sd","11:02:39",490400
84.4,-0.6,1100,"sd","11:02:30",489100
84.4,-0.6,100,"sd","11:01:45",488000
84.5,-0.5,100,"bu","11:01:41",487900
84.4,-0.6,2000,"sd","11:01:23",487800
84.4,-0.6,1400,"sd","11:00:47",485800
84.4,-0.6,100,"sd","11:00:32",484400
84.5,-0.5,100,"bu","11:00:28",484300
84.4,-0.6,1300,"sd","10:59:51",484200
84.4,-0.6,100,"sd","10:59:46",482900
84.5,-0.5,300,"bu","10:59:42",482800
84.5,-0.5,100,"bu","10:59:36",482500
84.5,-0.5,200,"bu","10:59:24",482400
84.5,-0.5,100,"bu","10:59:21",482200
84.5,-0.5,100,"bu","10:58:58",482100
84.4,-0.6,1300,"sd","10:58:56",482000
84.4,-0.6,400,"sd","10:58:47",480700
84.4,-0.6,900,"sd","10:58:00",480300
84.4,-0.6,400,"sd","10:57:59",479400
84.4,-0.6,1400,"sd","10:57:03",479000
84.4,-0.6,100,"sd","10:56:44",477600
84.5,-0.5,300,"bu","10:56:33",477500
84.5,-0.5,300,"bu","10:56:15",477200
84.4,-0.6,100,"sd","10:56:09",476900
84.5,-0.5,200,"bu","10:56:03",476800
84.4,-0.6,1300,"sd","10:55:12",476600
84.4,-0.6,1400,"sd","10:54:15",475300
84.4,-0.6,100,"sd","10:54:12",473900
84.5,-0.5,300,"sd","10:54:05",473800
84.5,-0.5,100,"bu","10:53:48",473500
84.5,-0.5,300,"sd","10:53:38",473400
84.4,-0.6,1300,"sd","10:53:19",473100
84.4,-0.6,200,"sd","10:52:31",471800
84.4,-0.6,100,"sd","10:52:30",471600
84.5,-0.5,100,"sd","10:52:30",471500
84.5,-0.5,200,"sd","10:52:29",471400
84.4,-0.6,100,"sd","10:52:25",471200
84.5,-0.5,100,"sd","10:52:25",471100
84.6,-0.4,700,"bu","10:51:57",471000
84.5,-0.5,1300,"bu","10:51:57",470300
84.4,-0.6,100,"sd","10:51:40",469000
84.5,-0.5,1000,"bu","10:51:33",468900
84.4,-0.6,1300,"sd","10:51:28",467900
84.4,-0.6,1400,"sd","10:50:32",466600
84.4,-0.6,100,"sd","10:50:19",465200
84.5,-0.5,1000,"bu","10:49:43",465100
84.4,-0.6,1100,"sd","10:49:36",464100
84.4,-0.6,100,"sd","10:49:35",463000
84.5,-0.5,300,"sd","10:49:27",462900
84.5,-0.5,1900,"bu","10:49:08",462600
84.5,-0.5,400,"bu","10:48:42",460700
84.5,-0.5,100,"bu","10:48:10",460300
84.5,-0.5,200,"bu","10:48:02",460200
84.5,-0.5,200,"bu","10:47:59",460000
84.5,-0.5,500,"sd","10:47:43",459800
84.5,-0.5,1300,"sd","10:46:47",459300
84.5,-0.5,1000,"bu","10:46:05",458000
84.4,-0.6,1300,"sd","10:45:51",457000
84.4,-0.6,1100,"sd","10:45:44",455700
84.5,-0.5,300,"bu","10:45:38",454600
84.5,-0.5,200,"bu","10:45:31",454300
84.5,-0.5,700,"sd","10:45:26",454100
84.5,-0.5,6000,"sd","10:45:16",453400
84.5,-0.5,3000,"sd","10:45:13",447400
84.5,-0.5,2000,"sd","10:45:08",444400
84.5,-0.5,500,"sd","10:44:56",442400
84.5,-0.5,1300,"sd","10:44:55",441900
84.5,-0.5,500,"sd","10:44:51",440600
84.6,-0.4,200,"bu","10:44:48",440100
84.6,-0.4,200,"bu","10:44:01",439900
84.5,-0.5,1400,"sd","10:43:59",439700
84.5,-0.5,500,"sd","10:43:41",438300
84.6,-0.4,6900,"bu","10:43:36",437800
84.5,-0.5,2000,"sd","10:43:26",430900
84.5,-0.5,1300,"sd","10:43:03",428900
84.5,-0.5,2000,"sd","10:42:58",427600
84.6,-0.4,100,"bu","10:41:10",425600
84.5,-0.5,200,"sd","10:41:06",425500
84.5,-0.5,1500,"sd","10:41:04",425300
84.5,-0.5,800,"sd","10:41:04",423800
84.5,-0.5,300,"sd","10:41:03",423000
84.6,-0.4,1000,"bu","10:40:36",422700
84.6,-0.4,700,"bu","10:40:24",421700
84.6,-0.4,3200,"bu","10:40:24",421000
84.6,-0.4,500,"bu","10:40:17",417800
84.6,-0.4,1000,"bu","10:39:58",417300
84.6,-0.4,300,"bu","10:39:41",416300
84.5,-0.5,1300,"sd","10:39:19",416000
84.5,-0.5,200,"sd","10:39:10",414700
84.6,-0.4,100,"bu","10:38:58",414500
84.5,-0.5,1300,"sd","10:38:23",414400
84.5,-0.5,1400,"sd","10:37:27",413100
84.5,-0.5,1300,"sd","10:36:31",411700
84.5,-0.5,1300,"sd","10:35:35",410400
84.5,-0.5,200,"sd","10:35:29",409100
84.6,-0.4,100,"bu","10:34:04",408900
84.5,-0.5,1400,"sd","10:33:43",408800
84.5,-0.5,200,"sd","10:33:31",407400
84.5,-0.5,1300,"sd","10:32:47",407200
84.5,-0.5,200,"sd","10:31:54",405900
84.6,-0.4,100,"bu","10:30:58",405700
84.5,-0.5,1400,"sd","10:30:55",405600
84.5,-0.5,1100,"sd","10:30:03",404200
84.6,-0.4,100,"bu","10:29:49",403100
84.6,-0.4,100,"bu","10:29:31",403000
84.5,-0.5,1300,"sd","10:29:03",402900
84.5,-0.5,100,"sd","10:28:57",401600
84.5,-0.5,1300,"sd","10:28:07",401500
84.5,-0.5,1400,"sd","10:27:12",400200
84.5,-0.5,2000,"sd","10:27:07",398800
84.5,-0.5,200,"sd","10:26:30",396800
84.5,-0.5,900,"sd","10:26:29",396600
84.5,-0.5,1300,"sd","10:26:15",395700
84.5,-0.5,1300,"sd","10:25:19",394400
84.5,-0.5,500,"sd","10:24:39",393100
84.5,-0.5,1400,"sd","10:24:23",392600
84.5,-0.5,100,"sd","10:23:40",391200
84.6,-0.4,200,"bu","10:23:37",391100
84.5,-0.5,1300,"sd","10:23:27",390900
84.5,-0.5,1000,"sd","10:23:19",389600
84.5,-0.5,100,"sd","10:23:13",388600
84.5,-0.5,2000,"sd","10:22:51",388500
84.5,-0.5,1300,"sd","10:22:31",386500
84.5,-0.5,1300,"sd","10:21:35",385200
84.5,-0.5,2000,"sd","10:21:27",383900
84.6,-0.4,300,"bu","10:20:26",381900
84.5,-0.5,100,"sd","10:19:57",381600
84.6,-0.4,100,"bu","10:19:52",381500
84.6,-0.4,100,"bu","10:19:18",381400
84.5,-0.5,1300,"sd","10:18:47",381300
84.5,-0.5,3000,"sd","10:18:16",380000
84.6,-0.4,1100,"bu","10:18:06",377000
84.5,-0.5,100,"sd","10:17:58",375900
84.6,-0.4,200,"bu","10:17:47",375800
84.5,-0.5,100,"sd","10:17:30",375600
84.6,-0.4,300,"bu","10:17:02",375500
84.5,-0.5,1300,"sd","10:16:56",375200
84.5,-0.5,100,"sd","10:16:35",373900
84.6,-0.4,100,"bu","10:16:26",373800
84.5,-0.5,1300,"sd","10:15:59",373700
84.5,-0.5,1300,"sd","10:15:03",372400
84.5,-0.5,100,"sd","10:14:37",371100
84.5,-0.5,1100,"sd","10:14:22",371000
84.6,-0.4,100,"bu","10:14:00",369900
84.6,-0.4,200,"bu","10:13:58",369800
84.6,-0.4,300,"bu","10:13:31",369600
84.6,-0.4,200,"bu","10:13:25",369300
84.6,-0.4,300,"bu","10:13:23",369100
84.6,-0.4,500,"bu","10:13:20",368800
84.6,-0.4,100,"bu","10:13:13",368300
84.6,-0.4,100,"bu","10:12:48",368200
84.6,-0.4,2100,"bu","10:12:31",368100
84.6,-0.4,100,"bu","10:12:21",366000
84.6,-0.4,1000,"bu","10:11:57",365900
84.6,-0.4,200,"bu","10:11:43",364900
84.6,-0.4,100,"bu","10:11:20",364700
84.6,-0.4,100,"bu","10:11:05",364600
84.6,-0.4,300,"bu","10:10:18",364500
84.6,-0.4,100,"bu","10:10:01",364200
84.6,-0.4,1100,"sd","10:08:09",364100
84.6,-0.4,500,"sd","10:08:06",363000
84.6,-0.4,1100,"sd","10:07:39",362500
84.6,-0.4,1400,"sd","10:07:35",361400
84.6,-0.4,2000,"sd","10:07:14",360000
84.7,-0.3,100,"bu","10:06:40",358000
84.7,-0.3,1400,"bu","10:05:21",357900
84.7,-0.3,200,"bu","10:04:39",356500
84.6,-0.4,500,"sd","10:04:28",356300
84.7,-0.3,100,"bu","10:04:13",355800
84.6,-0.4,2000,"sd","10:04:09",355700
84.7,-0.3,100,"bu","10:03:23",353700
84.6,-0.4,1300,"sd","10:02:56",353600
84.6,-0.4,1500,"bu","10:02:52",352300
84.5,-0.5,2000,"sd","10:02:26",350800
84.5,-0.5,2000,"sd","10:02:13",348800
84.5,-0.5,2000,"sd","10:02:12",346800
84.5,-0.5,2000,"sd","10:02:10",344800
84.6,-0.4,100,"bu","10:02:10",342800
84.6,-0.4,100,"bu","10:02:06",342700
84.5,-0.5,1300,"sd","10:02:01",342600
84.5,-0.5,200,"sd","10:01:52",341300
84.5,-0.5,200,"sd","10:01:34",341100
84.6,-0.4,1300,"sd","10:01:24",340900
84.6,-0.4,2000,"sd","10:01:15",339600
84.6,-0.4,100,"sd","10:01:13",337600
84.7,-0.3,500,"bu","10:01:06",337500
84.7,-0.3,100,"bu","10:00:48",337000
84.6,-0.4,1300,"sd","10:00:08",336900
84.6,-0.4,100,"sd","09:59:57",335600
84.7,-0.3,500,"bu","09:59:38",335500
84.6,-0.4,1300,"sd","09:59:12",335000
84.6,-0.4,4900,"bu","09:59:12",333700
84.5,-0.5,1000,"sd","09:58:37",328800
84.5,-0.5,1400,"sd","09:58:16",327800
84.5,-0.5,200,"sd","09:58:01",326400
84.6,-0.4,100,"sd","09:58:00",326200
84.7,-0.3,600,"bu","09:57:41",326100
84.7,-0.3,6300,"bu","09:57:41",325500
84.6,-0.4,2200,"bu","09:57:41",319200
84.6,-0.4,1100,"sd","09:57:20",317000
84.6,-0.4,200,"sd","09:57:18",315900
84.6,-0.4,3500,"sd","09:57:04",315700
84.6,-0.4,6300,"bu","09:56:34",312200
84.5,-0.5,10000,"sd","09:56:32",305900
84.6,-0.4,500,"bu","09:56:28",295900
84.5,-0.5,1300,"sd","09:56:24",295400
84.5,-0.5,100,"sd","09:56:06",294100
84.6,-0.4,500,"bu","09:55:55",294000
84.6,-0.4,100,"bu","09:55:52",293500
84.5,-0.5,1300,"sd","09:55:28",293400
84.5,-0.5,1400,"sd","09:54:32",292100
84.5,-0.5,100,"sd","09:54:01",290700
84.6,-0.4,100,"bu","09:53:43",290600
84.5,-0.5,1300,"sd","09:53:36",290500
84.5,-0.5,200,"sd","09:53:25",289200
84.6,-0.4,500,"bu","09:53:16",289000
84.6,-0.4,300,"sd","09:52:40",288500
84.6,-0.4,6400,"bu","09:52:11",288200
84.6,-0.4,3300,"bu","09:52:10",281800
84.5,-0.5,1400,"sd","09:51:44",278500
84.5,-0.5,2000,"sd","09:51:35",277100
84.5,-0.5,1400,"bu","09:51:29",275100
84.5,-0.5,1000,"bu","09:51:27",273700
84.5,-0.5,100,"bu","09:51:20",272700
84.5,-0.5,500,"sd","09:51:18",272600
84.5,-0.5,5000,"sd","09:51:13",272100
84.6,-0.4,100,"bu","09:51:08",267100
84.6,-0.4,500,"bu","09:50:50",267000
84.5,-0.5,1300,"sd","09:50:49",266500
84.5,-0.5,200,"sd","09:50:47",265200
84.6,-0.4,200,"bu","09:50:33",265000
84.5,-0.5,2000,"sd","09:50:31",264800
84.5,-0.5,2000,"sd","09:50:18",262800
84.6,-0.4,100,"bu","09:50:04",260800
84.5,-0.5,800,"sd","09:49:52",260700
84.5,-0.5,500,"sd","09:49:52",259900
84.5,-0.5,1000,"sd","09:49:45",259400
84.5,-0.5,200,"sd","09:49:27",258400
84.6,-0.4,500,"bu","09:49:17",258200
84.5,-0.5,1300,"sd","09:48:56",257700
84.5,-0.5,1100,"sd","09:48:28",256400
84.5,-0.5,200,"sd","09:48:22",255300
84.6,-0.4,100,"bu","09:48:05",255100
84.5,-0.5,1400,"sd","09:48:00",255000
84.5,-0.5,2000,"sd","09:47:44",253600
84.6,-0.4,100,"bu","09:47:42",251600
84.6,-0.4,500,"bu","09:47:34",251500
84.5,-0.5,1000,"sd","09:47:23",251000
84.5,-0.5,1300,"sd","09:47:04",250000
84.5,-0.5,1000,"sd","09:46:22",248700
84.5,-0.5,2000,"sd","09:46:09",247700
84.5,-0.5,1300,"sd","09:46:08",245700
84.5,-0.5,2000,"sd","09:45:45",244400
84.5,-0.5,200,"sd","09:45:42",242400
84.5,-0.5,100,"sd","09:45:39",242200
84.6,-0.4,1000,"bu","09:45:34",242100
84.6,-0.4,100,"bu","09:45:32",241100
84.6,-0.4,200,"bu","09:45:11",241000
84.6,-0.4,2000,"bu","09:44:52",240800
84.5,-0.5,3000,"sd","09:44:43",238800
84.6,-0.4,5700,"sd","09:44:25",235800
84.6,-0.4,1300,"sd","09:44:16",230100
84.6,-0.4,8000,"bu","09:44:12",228800
84.6,-0.4,100,"bu","09:44:09",220800
84.5,-0.5,1300,"sd","09:43:20",220700
84.5,-0.5,2000,"sd","09:43:14",219400
84.5,-0.5,1300,"sd","09:42:24",217400
84.5,-0.5,500,"sd","09:41:42",216100
84.5,-0.5,500,"sd","09:41:41",215600
84.5,-0.5,2000,"sd","09:41:39",215100
84.5,-0.5,1100,"sd","09:41:37",213100
84.6,-0.4,200,"bu","09:41:16",212000
84.6,-0.4,200,"bu","09:41:12",211800
84.6,-0.4,100,"bu","09:41:03",211600
84.6,-0.4,800,"sd","09:41:01",211500
84.6,-0.4,300,"bu","09:40:50",210700
84.6,-0.4,1000,"sd","09:40:32",210400
84.6,-0.4,2000,"sd","09:40:29",209400
84.7,-0.3,100,"bu","09:40:29",207400
84.5,-0.5,1900,"sd","09:40:02",207300
84.6,-0.4,100,"sd","09:40:02",205400
84.5,-0.5,1200,"sd","09:39:36",205300
84.6,-0.4,100,"sd","09:39:36",204100
84.5,-0.5,1400,"sd","09:39:31",204000
84.6,-0.4,1600,"sd","09:39:31",202600
84.6,-0.4,300,"bu","09:39:28",201000
84.6,-0.4,1100,"bu","09:39:13",200700
84.6,-0.4,100,"bu","09:39:12",199600
84.6,-0.4,2000,"bu","09:39:08",199500
84.6,-0.4,100,"bu","09:38:57",197500
84.6,-0.4,100,"bu","09:38:56",197400
84.6,-0.4,100,"bu","09:38:48",197300
84.6,-0.4,200,"bu","09:38:46",197200
84.6,-0.4,100,"bu","09:38:37",197000
84.6,-0.4,100,"bu","09:38:36",196900
84.6,-0.4,100,"bu","09:38:22",196800
84.6,-0.4,400,"bu","09:38:09",196700
84.6,-0.4,200,"bu","09:38:03",196300
84.6,-0.4,5000,"bu","09:37:53",196100
84.5,-0.5,2000,"sd","09:37:52",191100
84.5,-0.5,1300,"sd","09:37:44",189100
84.5,-0.5,2000,"sd","09:37:42",187800
84.6,-0.4,400,"bu","09:37:41",185800
84.6,-0.4,100,"bu","09:37:27",185400
84.5,-0.5,2000,"sd","09:37:24",185300
84.6,-0.4,300,"bu","09:37:22",183300
84.6,-0.4,100,"bu","09:37:13",183000
84.6,-0.4,1000,"bu","09:37:11",182900
84.6,-0.4,100,"bu","09:37:02",181900
84.6,-0.4,17800,"sd","09:36:59",181800
84.7,-0.3,200,"bu","09:36:40",164000
84.6,-0.4,2000,"sd","09:36:32",163800
84.7,-0.3,200,"bu","09:36:28",161800
84.7,-0.3,4100,"sd","09:36:10",161600
84.7,-0.3,1300,"sd","09:35:52",157500
84.7,-0.3,200,"sd","09:35:41",156200
84.7,-0.3,1600,"sd","09:35:38",156000
84.7,-0.3,400,"sd","09:35:37",154400
84.7,-0.3,2000,"sd","09:35:05",154000
84.7,-0.3,1400,"sd","09:34:56",152000
84.7,-0.3,1000,"sd","09:34:37",150600
84.8,-0.2,200,"bu","09:34:30",149600
84.7,-0.3,500,"sd","09:34:28",149400
84.8,-0.2,100,"bu","09:34:19",148900
84.7,-0.3,1800,"sd","09:34:15",148800
84.7,-0.3,300,"sd","09:34:14",147000
84.7,-0.3,2000,"sd","09:34:14",146700
84.8,-0.2,1000,"bu","09:34:13",144700
84.7,-0.3,2000,"sd","09:34:13",143700
84.7,-0.3,2000,"sd","09:34:12",141700
84.7,-0.3,3000,"sd","09:33:59",139700
84.8,-0.2,100,"bu","09:33:53",136700
84.8,-0.2,500,"bu","09:33:48",136600
84.8,-0.2,100,"bu","09:33:46",136100
84.8,-0.2,100,"bu","09:33:37",136000
84.8,-0.2,200,"bu","09:33:36",135900
84.8,-0.2,600,"bu","09:33:30",135700
84.8,-0.2,100,"sd","09:33:29",135100
84.9,-0.1,600,"bu","09:33:21",135000
84.8,-0.2,1100,"sd","09:33:19",134000
84.9,-0.1,100,"bu","09:33:04",132900
84.8,-0.2,500,"sd","09:33:01",132800
84.8,-0.2,3700,"bu","09:32:48",132300
84.8,-0.2,100,"bu","09:32:44",128600
84.8,-0.2,2000,"bu","09:32:43",128500
84.8,-0.2,1000,"bu","09:32:38",126500
84.8,-0.2,100,"bu","09:32:29",125500
84.8,-0.2,500,"bu","09:32:16",125400
84.8,-0.2,500,"bu","09:32:08",124900
84.8,-0.2,100,"bu","09:32:03",124400
84.8,-0.2,2300,"sd","09:32:02",124300
84.8,-0.2,1000,"bu","09:31:44",122000
84.7,-0.3,400,"sd","09:31:32",121000
84.8,-0.2,1000,"sd","09:31:24",120600
84.8,-0.2,4000,"sd","09:31:13",119600
84.8,-0.2,2100,"sd","09:30:26",115600
84.8,-0.2,2000,"sd","09:30:25",113500
84.8,-0.2,1000,"sd","09:30:24",111500
84.8,-0.2,500,"sd","09:30:20",110500
84.8,-0.2,500,"sd","09:30:13",110000
84.8,-0.2,100,"sd","09:30:03",109500
84.8,-0.2,500,"sd","09:29:59",109400
84.8,-0.2,500,"sd","09:29:52",108900
84.8,-0.2,1500,"sd","09:29:40",108400
84.8,-0.2,500,"sd","09:29:15",106900
84.8,-0.2,700,"sd","09:29:07",106400
84.8,-0.2,800,"sd","09:29:06",105700
84.9,-0.1,1000,"bu","09:29:05",104900
84.8,-0.2,500,"sd","09:29:03",103900
84.9,-0.1,200,"bu","09:28:56",103400
84.9,-0.1,1100,"bu","09:28:55",103200
84.9,-0.1,100,"bu","09:28:54",102100
84.9,-0.1,100,"bu","09:28:49",102000
84.9,-0.1,700,"bu","09:28:40",101900
84.9,-0.1,100,"bu","09:28:36",101200
84.9,-0.1,100,"bu","09:28:30",101100
84.9,-0.1,100,"bu","09:27:52",101000
84.9,-0.1,100,"bu","09:27:47",100900
84.9,-0.1,22800,"sd","09:27:44",100800
84.9,-0.1,2000,"sd","09:27:24",78000
84.9,-0.1,1000,"sd","09:27:23",76000
84.9,-0.1,1000,"sd","09:27:23",75000
84.9,-0.1,1000,"sd","09:27:20",74000
84.9,-0.1,3000,"sd","09:27:06",73000
85,0,100,"bu","09:26:38",70000
85,0,300,"bu","09:26:29",69900
85,0,200,"bu","09:26:20",69600
85,0,500,"bu","09:25:56",69400
85,0,200,"bu","09:25:26",68900
85,0,100,"bu","09:25:09",68700
85,0,100,"sd","09:24:44",68600
85,0,1000,"sd","09:23:39",68500
85,0,1000,"sd","09:23:25",67500
85,0,2000,"sd","09:22:49",66500
85,0,500,"sd","09:22:23",64500
85,0,3300,"sd","09:21:46",64000
85,0,1000,"sd","09:20:55",60700
85,0,1000,"bu","09:20:52",59700
84.9,-0.1,700,"sd","09:20:41",58700
84.9,-0.1,200,"sd","09:20:40",58000
85,0,100,"sd","09:20:26",57800
85,0,1000,"sd","09:20:24",57700
85,0,1500,"sd","09:20:23",56700
85,0,1500,"sd","09:20:20",55200
85,0,1500,"sd","09:20:15",53700
85,0,900,"sd","09:20:05",52200
85,0,100,"sd","09:20:04",51300
85,0,500,"sd","09:20:00",51200
85,0,500,"sd","09:19:52",50700
85.1,0.1,1000,"bu","09:19:45",50200
85,0,500,"sd","09:19:33",49200
85,0,1000,"sd","09:19:29",48700
85.1,0.1,2600,"bu","09:19:25",47700
85,0,1000,"sd","09:19:23",45100
85,0,500,"sd","09:19:19",44100
85,0,500,"sd","09:19:14",43600
85,0,500,"sd","09:19:09",43100
85,0,500,"sd","09:19:03",42600
85.1,0.1,3000,"bu","09:19:00",42100
85,0,500,"sd","09:18:59",39100
85,0,500,"sd","09:18:52",38600
85,0,500,"sd","09:18:49",38100
85,0,500,"sd","09:18:43",37600
85.1,0.1,100,"bu","09:18:41",37100
85,0,500,"sd","09:18:37",37000
85,0,500,"sd","09:18:33",36500
85,0,3000,"sd","09:18:05",36000
85.1,0.1,2000,"bu","09:17:54",33000
85,0,500,"sd","09:17:28",31000
85,0,500,"sd","09:17:24",30500
85,0,500,"sd","09:17:18",30000
85,0,400,"sd","09:17:14",29500
85.1,0.1,100,"sd","09:17:14",29100
85,0,500,"sd","09:17:08",29000
85,0,500,"sd","09:17:01",28500
85,0,500,"sd","09:16:57",28000
85.1,0.1,500,"sd","09:16:53",27500
85.1,0.1,1500,"bu","09:16:51",27000
85,0,500,"sd","09:16:45",25500
85,0,500,"sd","09:16:41",25000
85,0,200,"sd","09:16:39",24500
85,0,500,"sd","09:16:36",24300
85,0,500,"sd","09:16:31",23800
85,0,500,"sd","09:16:27",23300
85,0,500,"sd","09:16:22",22800
85,0,500,"sd","09:16:16",22300
85,0,500,"sd","09:16:03",21800
85,0,500,"sd","09:15:56",21300
85,0,500,"sd","09:15:50",20800
85.1,0.1,1000,"bu","09:15:48",20300
85,0,500,"sd","09:15:39",19300
85,0,100,"sd","09:15:02",18800
85.3,0.3,300,"bu","09:15:02",18700
85,0,18400,"","09:15:02",18400
