"price","change","match_qtty","side","time","total_vol"
55.2,-0.6,27000,"","14:45:08",694700
55.1,-0.7,700,"bu","14:29:55",667700
55.1,-0.7,800,"bu","14:29:46",667000
55.1,-0.7,1500,"sd","14:29:37",666200
55.1,-0.7,8200,"bu","14:29:31",664700
55.1,-0.7,1800,"bu","14:29:26",656500
55.1,-0.7,1000,"bu","14:29:17",654700
55.1,-0.7,500,"bu","14:29:16",653700
55.1,-0.7,500,"sd","14:29:10",653200
55,-0.8,4200,"sd","14:29:08",652700
55.1,-0.7,1500,"sd","14:29:08",648500
55.1,-0.7,1000,"sd","14:28:40",647000
55.1,-0.7,1900,"bu","14:28:25",646000
55.1,-0.7,4000,"bu","14:28:11",644100
55.1,-0.7,2000,"bu","14:28:01",640100
55.1,-0.7,1000,"bu","14:27:51",638100
55.1,-0.7,100,"bu","14:27:51",637100
55.2,-0.6,600,"bu","14:27:45",637000
55.1,-0.7,1400,"bu","14:27:45",636400
55.1,-0.7,600,"sd","14:27:44",635000
55.1,-0.7,1000,"sd","14:27:22",634400
55.1,-0.7,1300,"sd","14:27:16",633400
55.1,-0.7,3000,"sd","14:26:59",632100
55.1,-0.7,1800,"bu","14:26:54",629100
55,-0.8,1000,"sd","14:26:46",627300
55,-0.8,2000,"sd","14:26:28",626300
55.1,-0.7,2000,"bu","14:26:26",624300
55.1,-0.7,1000,"bu","14:26:24",622300
55,-0.8,800,"sd","14:26:23",621300
55.1,-0.7,2200,"sd","14:26:07",620500
55.2,-0.6,4800,"bu","14:26:04",618300
55.1,-0.7,3400,"sd","14:25:56",613500
55.1,-0.7,12400,"sd","14:25:35",610100
55.1,-0.7,1700,"bu","14:24:55",597700
55.1,-0.7,500,"bu","14:24:46",596000
55.1,-0.7,400,"sd","14:24:32",595500
55.1,-0.7,100,"sd","14:24:26",595100
55.1,-0.7,500,"sd","14:24:25",595000
55.2,-0.6,2100,"bu","14:24:05",594500
55.1,-0.7,1700,"bu","14:24:05",592400
55.1,-0.7,500,"bu","14:24:00",590700
55.1,-0.7,2000,"bu","14:23:56",590200
55,-0.8,1000,"sd","14:23:54",588200
55.1,-0.7,1000,"bu","14:23:53",587200
55.1,-0.7,100,"bu","14:23:52",586200
55.1,-0.7,100,"sd","14:23:44",586100
55.1,-0.7,500,"bu","14:23:36",586000
55.1,-0.7,500,"bu","14:22:49",585500
55.1,-0.7,500,"bu","14:22:37",585000
55.1,-0.7,100,"bu","14:22:20",584500
55.1,-0.7,500,"sd","14:22:19",584400
55.1,-0.7,800,"sd","14:22:17",583900
55.1,-0.7,300,"bu","14:22:13",583100
55.1,-0.7,300,"sd","14:22:09",582800
55.1,-0.7,1100,"sd","14:22:08",582500
55.1,-0.7,500,"sd","14:22:03",581400
55.2,-0.6,100,"bu","14:21:32",580900
55.1,-0.7,700,"sd","14:21:27",580800
55.1,-0.7,1700,"sd","14:21:10",580100
55.1,-0.7,500,"sd","14:21:08",578400
55.2,-0.6,200,"sd","14:20:50",577900
55.2,-0.6,1300,"bu","14:20:07",577700
55.2,-0.6,100,"bu","14:20:05",576400
55.1,-0.7,3600,"sd","14:20:04",576300
55.2,-0.6,2000,"bu","14:20:02",572700
55.1,-0.7,3700,"bu","14:19:34",570700
55,-0.8,3600,"bu","14:19:09",567000
54.9,-0.9,1700,"sd","14:19:09",563400
55,-0.8,400,"bu","14:19:07",561700
54.9,-0.9,500,"sd","14:19:06",561300
55,-0.8,1000,"bu","14:18:48",560800
54.9,-0.9,100,"sd","14:18:48",559800
55,-0.8,200,"bu","14:18:46",559700
54.9,-0.9,1700,"sd","14:18:39",559500
54.9,-0.9,500,"sd","14:18:36",557800
54.9,-0.9,1700,"sd","14:18:31",557300
54.9,-0.9,500,"sd","14:18:28",555600
55,-0.8,300,"bu","14:18:22",555100
55,-0.8,1500,"bu","14:18:20",554800
55,-0.8,500,"bu","14:18:03",553300
55,-0.8,100,"bu","14:18:00",552800
55,-0.8,1000,"bu","14:17:59",552700
55,-0.8,1000,"bu","14:17:57",551700
55,-0.8,100,"bu","14:17:50",550700
55,-0.8,100,"bu","14:17:41",550600
55,-0.8,200,"bu","14:17:39",550500
55,-0.8,1300,"bu","14:17:38",550300
55,-0.8,100,"bu","14:17:33",549000
55,-0.8,2900,"sd","14:17:27",548900
55,-0.8,7500,"sd","14:17:13",546000
55.1,-0.7,2500,"sd","14:17:13",538500
55.2,-0.6,300,"sd","14:17:07",536000
55.3,-0.5,200,"sd","14:16:37",535700
55.3,-0.5,700,"sd","14:16:14",535500
55.3,-0.5,200,"sd","14:16:12",534800
55.3,-0.5,700,"sd","14:16:05",534600
55.3,-0.5,200,"sd","14:16:00",533900
55.3,-0.5,1700,"sd","14:15:49",533700
55.3,-0.5,500,"sd","14:15:46",532000
55.3,-0.5,1700,"sd","14:15:40",531500
55.3,-0.5,500,"sd","14:15:37",529800
55.3,-0.5,700,"sd","14:15:29",529300
55.4,-0.4,500,"bu","14:15:21",528600
55.4,-0.4,11200,"sd","14:15:09",528100
55.4,-0.4,400,"sd","14:14:58",516900
55.5,-0.3,200,"sd","14:14:58",516500
55.5,-0.3,400,"bu","14:14:35",516300
55.5,-0.3,1700,"sd","14:14:32",515900
55.5,-0.3,200,"sd","14:14:30",514200
55.5,-0.3,700,"sd","14:14:20",514000
55.5,-0.3,200,"sd","14:14:17",513300
55.5,-0.3,700,"sd","14:14:06",513100
55.7,-0.1,100,"bu","14:14:04",512400
55.5,-0.3,200,"sd","14:14:02",512300
55.5,-0.3,700,"sd","14:13:58",512100
55.5,-0.3,200,"sd","14:13:55",511400
55.8,0,1900,"bu","14:13:27",511200
55.7,-0.1,100,"bu","14:13:27",509300
55.8,0,1000,"bu","14:13:10",509200
55.8,0,1200,"sd","14:12:36",508200
55.8,0,200,"sd","14:12:36",507000
55.8,0,200,"sd","14:12:25",506800
55.8,0,2000,"sd","14:12:24",506600
55.8,0,1000,"sd","14:12:10",504600
55.8,0,200,"sd","14:12:01",503600
55.8,0,100,"sd","14:12:00",503400
55.8,0,2400,"bu","14:11:55",503300
55.8,0,4100,"bu","14:11:14",500900
55.7,-0.1,4800,"bu","14:11:14",496800
55.6,-0.2,1100,"bu","14:11:14",492000
55.5,-0.3,4500,"bu","14:11:03",490900
55.5,-0.3,200,"bu","14:10:51",486400
55.5,-0.3,1000,"bu","14:10:27",486200
55.4,-0.4,1500,"sd","14:10:19",485200
55.5,-0.3,2000,"bu","14:10:19",483700
55.5,-0.3,100,"bu","14:10:01",481700
55.5,-0.3,1000,"bu","14:09:30",481600
55.4,-0.4,100,"bu","14:09:14",480600
55.4,-0.4,2000,"bu","14:09:11",480500
55.4,-0.4,700,"bu","14:08:45",478500
55.4,-0.4,300,"bu","14:08:45",477800
55.2,-0.6,200,"sd","14:07:53",477500
55.2,-0.6,700,"sd","14:07:47",477300
55.3,-0.5,100,"sd","14:07:47",476600
55.3,-0.5,2900,"bu","14:07:32",476500
55.2,-0.6,1200,"sd","14:07:20",473600
55.2,-0.6,300,"sd","14:06:09",472400
55.3,-0.5,500,"bu","14:06:04",472100
55.3,-0.5,200,"bu","14:05:10",471600
55.2,-0.6,900,"bu","14:04:36",471400
55.1,-0.7,200,"sd","14:03:58",470500
55.1,-0.7,1600,"sd","14:03:49",470300
55.1,-0.7,1000,"sd","14:03:20",468700
55.1,-0.7,200,"sd","14:02:13",467700
55.1,-0.7,100,"sd","14:00:59",467500
55.1,-0.7,200,"sd","14:00:56",467400
55.1,-0.7,700,"sd","13:58:47",467200
55.1,-0.7,200,"sd","13:58:41",466500
55.3,-0.5,500,"bu","13:58:05",466300
55.2,-0.6,1000,"sd","13:58:02",465800
55.3,-0.5,600,"sd","13:57:24",464800
55.3,-0.5,200,"sd","13:57:22",464200
55.3,-0.5,2000,"sd","13:57:06",464000
55.3,-0.5,300,"sd","13:56:24",462000
55.3,-0.5,800,"sd","13:56:19",461700
55.3,-0.5,200,"sd","13:56:16",460900
55.3,-0.5,200,"sd","13:55:49",460700
55.4,-0.4,800,"sd","13:55:14",460500
55.4,-0.4,1000,"sd","13:55:09",459700
55.4,-0.4,300,"sd","13:54:24",458700
55.4,-0.4,700,"sd","13:54:12",458400
55.4,-0.4,1000,"sd","13:53:31",457700
55.5,-0.3,800,"bu","13:53:26",456700
55.5,-0.3,2000,"bu","13:53:24",455900
55.4,-0.4,200,"bu","13:53:09",453900
55.4,-0.4,300,"bu","13:53:08",453700
55.4,-0.4,500,"bu","13:53:07",453400
55.3,-0.5,200,"sd","13:52:17",452900
55.5,-0.3,500,"bu","13:52:04",452700
55.4,-0.4,2500,"bu","13:52:04",452200
55.3,-0.5,400,"sd","13:51:56",449700
55.3,-0.5,500,"bu","13:51:45",449300
55.3,-0.5,100,"bu","13:51:42",448800
55.3,-0.5,500,"bu","13:51:40",448700
55.2,-0.6,900,"bu","13:51:22",448200
55.2,-0.6,200,"bu","13:51:21",447300
55.2,-0.6,2700,"bu","13:51:20",447100
55.2,-0.6,500,"bu","13:51:17",444400
55.2,-0.6,300,"bu","13:51:12",443900
55.2,-0.6,200,"bu","13:50:46",443600
55.2,-0.6,500,"bu","13:50:39",443400
55.1,-0.7,3700,"bu","13:49:54",442900
55.1,-0.7,3000,"bu","13:49:40",439200
55,-0.8,500,"bu","13:49:21",436200
55,-0.8,1000,"bu","13:49:17",435700
55,-0.8,100,"bu","13:49:12",434700
55,-0.8,500,"bu","13:49:11",434600
55,-0.8,3000,"bu","13:49:07",434100
55,-0.8,1000,"bu","13:48:46",431100
55,-0.8,500,"bu","13:48:17",430100
55,-0.8,100,"bu","13:48:11",429600
55,-0.8,2000,"bu","13:48:06",429500
55,-0.8,200,"sd","13:47:28",427500
55,-0.8,2400,"bu","13:47:22",427300
55,-0.8,100,"bu","13:46:08",424900
55,-0.8,1400,"sd","13:45:54",424800
55,-0.8,500,"sd","13:45:52",423400
55,-0.8,200,"sd","13:45:36",422900
55,-0.8,100,"bu","13:45:08",422700
55,-0.8,3000,"bu","13:45:01",422600
55,-0.8,100,"bu","13:44:41",419600
55,-0.8,100,"bu","13:44:08",419500
55,-0.8,2000,"bu","13:43:24",419400
55,-0.8,200,"bu","13:43:17",417400
55,-0.8,800,"sd","13:41:30",417200
55,-0.8,1700,"sd","13:41:07",416400
55,-0.8,4600,"sd","13:40:57",414700
55,-0.8,1000,"sd","13:40:55",410100
55,-0.8,1000,"sd","13:40:38",409100
55,-0.8,1000,"sd","13:40:08",408100
55,-0.8,100,"sd","13:39:55",407100
55,-0.8,1700,"sd","13:39:54",407000
55,-0.8,1700,"sd","13:39:29",405300
55,-0.8,500,"sd","13:39:27",403600
55,-0.8,200,"sd","13:39:18",403100
55,-0.8,2600,"bu","13:37:44",402900
55,-0.8,1000,"bu","13:37:20",400300
55,-0.8,300,"bu","13:36:33",399300
55,-0.8,1000,"bu","13:36:24",399000
54.9,-0.9,300,"sd","13:34:28",398000
54.9,-0.9,1000,"sd","13:32:39",397700
55,-0.8,100,"bu","13:32:37",396700
55,-0.8,100,"bu","13:32:34",396600
55,-0.8,100,"bu","13:32:20",396500
55,-0.8,1600,"sd","13:31:49",396400
55,-0.8,1000,"sd","13:31:46",394800
55,-0.8,1800,"sd","13:31:37",393800
55,-0.8,1700,"sd","13:31:03",392000
55,-0.8,500,"sd","13:31:01",390300
55,-0.8,200,"sd","13:29:07",389800
55,-0.8,3000,"sd","13:28:46",389600
55,-0.8,1700,"sd","13:28:29",386600
55,-0.8,500,"sd","13:28:26",384900
55,-0.8,1700,"sd","13:28:17",384400
55,-0.8,500,"sd","13:28:14",382700
55,-0.8,100,"sd","13:27:46",382200
55.1,-0.7,1700,"bu","13:27:43",382100
55,-0.8,600,"sd","13:27:20",380400
55.1,-0.7,400,"sd","13:26:36",379800
55.1,-0.7,500,"sd","13:26:33",379400
55.2,-0.6,6000,"bu","13:26:28",378900
55.1,-0.7,200,"bu","13:25:56",372900
55.1,-0.7,200,"bu","13:25:55",372700
55,-0.8,500,"sd","13:25:37",372500
55.1,-0.7,1000,"bu","13:25:36",372000
55.1,-0.7,500,"bu","13:25:28",371000
55,-0.8,700,"sd","13:25:23",370500
55.1,-0.7,1000,"bu","13:25:07",369800
55,-0.8,3000,"sd","13:25:04",368800
55.1,-0.7,800,"sd","13:24:42",365800
55.1,-0.7,200,"sd","13:24:40",365000
55.1,-0.7,500,"sd","13:24:37",364800
55.1,-0.7,3000,"sd","13:24:19",364300
55.2,-0.6,100,"bu","13:24:14",361300
55.2,-0.6,800,"sd","13:23:39",361200
55.3,-0.5,900,"sd","13:20:57",360400
55.3,-0.5,1000,"sd","13:20:49",359500
55.3,-0.5,2000,"sd","13:20:43",358500
55.3,-0.5,100,"sd","13:20:34",356500
55.4,-0.4,3200,"sd","13:19:22",356400
55.4,-0.4,700,"sd","13:19:18",353200
55.4,-0.4,1700,"sd","13:19:13",352500
55.4,-0.4,500,"sd","13:19:10",350800
55.4,-0.4,100,"sd","13:18:52",350300
55.4,-0.4,1700,"sd","13:18:51",350200
55.4,-0.4,500,"sd","13:18:49",348500
55.5,-0.3,500,"bu","13:18:36",348000
55.5,-0.3,300,"bu","13:18:34",347500
55.4,-0.4,200,"sd","13:17:58",347200
55.5,-0.3,1000,"bu","13:17:56",347000
55.4,-0.4,2800,"bu","13:17:28",346000
55.3,-0.5,500,"sd","13:16:57",343200
55.4,-0.4,300,"bu","13:16:14",342700
55.3,-0.5,300,"sd","13:15:55",342400
55.4,-0.4,100,"bu","13:15:53",342100
55.4,-0.4,900,"bu","13:15:45",342000
55.4,-0.4,2400,"bu","13:15:45",341100
55.4,-0.4,100,"bu","13:15:18",338700
55.3,-0.5,4700,"bu","13:15:08",338600
55.2,-0.6,2200,"bu","13:14:29",333900
55.2,-0.6,100,"bu","13:14:26",331700
55.2,-0.6,2000,"bu","13:14:09",331600
55.1,-0.7,1700,"sd","13:14:03",329600
55.1,-0.7,200,"bu","13:14:00",327900
55,-0.8,500,"sd","13:14:00",327700
55.1,-0.7,1500,"bu","13:13:57",327200
55.1,-0.7,1500,"bu","13:13:56",325700
55,-0.8,1400,"bu","13:12:53",324200
55,-0.8,1000,"bu","13:12:49",322800
55,-0.8,100,"bu","13:12:32",321800
55,-0.8,1000,"bu","13:12:30",321700
55,-0.8,100,"bu","13:11:48",320700
54.9,-0.9,300,"sd","13:11:43",320600
54.9,-0.9,1000,"bu","13:11:31",320300
54.9,-0.9,200,"sd","13:11:28",319300
54.9,-0.9,1000,"sd","13:11:25",319100
55,-0.8,3000,"bu","13:11:12",318100
54.9,-0.9,100,"bu","13:10:38",315100
54.9,-0.9,2000,"bu","13:10:36",315000
54.9,-0.9,200,"sd","13:10:25",313000
54.9,-0.9,1000,"sd","13:10:24",312800
54.9,-0.9,500,"sd","13:10:24",311800
54.9,-0.9,1000,"sd","13:10:20",311300
54.9,-0.9,300,"sd","13:10:11",310300
54.9,-0.9,1000,"sd","13:09:57",310000
54.9,-0.9,2000,"sd","13:09:13",309000
54.9,-0.9,1900,"sd","13:08:51",307000
55,-0.8,100,"sd","13:08:51",305100
55,-0.8,2600,"bu","13:08:50",305000
55,-0.8,2300,"bu","13:08:50",302400
55,-0.8,100,"sd","13:07:59",300100
55,-0.8,500,"sd","13:07:54",300000
55,-0.8,4500,"bu","13:07:46",299500
54.9,-0.9,1400,"sd","13:07:22",295000
55,-0.8,100,"bu","13:07:18",293600
55,-0.8,300,"bu","13:07:02",293500
55,-0.8,900,"sd","13:05:46",293200
55,-0.8,500,"sd","13:05:19",292300
55,-0.8,2000,"sd","13:04:56",291800
55,-0.8,1000,"sd","13:04:45",289800
55,-0.8,200,"sd","13:04:38",288800
55,-0.8,100,"sd","13:04:34",288600
55,-0.8,4100,"bu","13:03:58",288500
54.9,-0.9,100,"sd","13:03:54",284400
54.9,-0.9,100,"sd","13:03:53",284300
54.9,-0.9,1100,"sd","13:03:41",284200
54.9,-0.9,9100,"sd","13:03:09",283100
55,-0.8,400,"bu","13:01:51",274000
55,-0.8,200,"sd","13:01:07",273600
55,-0.8,500,"sd","13:01:06",273400
55,-0.8,700,"sd","13:00:51",272900
55,-0.8,2500,"sd","13:00:36",272200
55,-0.8,400,"sd","13:00:17",269700
54.9,-0.9,700,"sd","13:00:00",269300
55,-0.8,2900,"sd","13:00:00",268600
55,-0.8,100,"bu","11:29:11",265700
55,-0.8,9900,"sd","11:28:39",265600
55,-0.8,1200,"sd","11:23:51",255700
55,-0.8,500,"bu","11:22:01",254500
55,-0.8,200,"bu","11:21:55",254000
55,-0.8,100,"bu","11:20:45",253800
55,-0.8,100,"bu","11:20:29",253700
55,-0.8,100,"bu","11:19:50",253600
55,-0.8,100,"bu","11:18:50",253500
55,-0.8,100,"bu","11:18:40",253400
55,-0.8,100,"bu","11:16:44",253300
55,-0.8,100,"bu","11:16:28",253200
55,-0.8,200,"bu","11:15:52",253100
55,-0.8,500,"bu","11:15:41",252900
55,-0.8,7700,"sd","11:15:21",252400
55.1,-0.7,3000,"sd","11:13:54",244700
55.3,-0.5,700,"sd","11:12:25",241700
55.3,-0.5,2300,"bu","11:12:19",241000
55,-0.8,100,"sd","11:08:58",238700
55,-0.8,8000,"bu","11:08:56",238600
55,-0.8,1800,"sd","11:07:39",230600
55,-0.8,1300,"bu","11:07:29",228800
55,-0.8,700,"sd","11:07:24",227500
55,-0.8,1300,"bu","11:07:23",226800
55,-0.8,100,"bu","11:07:18",225500
55,-0.8,100,"bu","11:07:08",225400
55,-0.8,100,"bu","11:07:05",225300
55,-0.8,2000,"bu","11:07:02",225200
55,-0.8,300,"bu","11:07:01",223200
55,-0.8,100,"bu","11:06:24",222900
55,-0.8,1100,"bu","11:06:19",222800
55,-0.8,5000,"bu","11:06:17",221700
55,-0.8,100,"bu","11:06:05",216700
55,-0.8,100,"bu","11:05:59",216600
55,-0.8,300,"bu","11:05:51",216500
55,-0.8,500,"bu","11:05:50",216200
55,-0.8,2000,"bu","11:05:46",215700
55,-0.8,200,"bu","11:04:43",213700
55,-0.8,500,"bu","11:04:27",213500
55,-0.8,200,"bu","11:04:23",213000
55,-0.8,100,"bu","11:04:09",212800
55,-0.8,200,"bu","11:04:06",212700
55,-0.8,200,"bu","11:03:56",212500
55,-0.8,500,"bu","11:02:42",212300
55,-0.8,200,"bu","11:02:42",211800
55,-0.8,100,"bu","11:02:31",211600
55,-0.8,500,"bu","11:02:24",211500
55,-0.8,1100,"bu","11:02:21",211000
55,-0.8,200,"bu","11:02:10",209900
55,-0.8,500,"bu","11:00:56",209700
55,-0.8,3400,"sd","11:00:55",209200
55,-0.8,500,"sd","10:57:53",205800
55,-0.8,500,"bu","10:57:27",205300
55,-0.8,100,"bu","10:57:18",204800
55,-0.8,100,"bu","10:57:06",204700
55,-0.8,3000,"bu","10:57:04",204600
55,-0.8,8300,"sd","10:56:36",201600
55,-0.8,1000,"sd","10:56:28",193300
55,-0.8,1400,"sd","10:56:24",192300
55,-0.8,8600,"sd","10:56:23",190900
55.3,-0.5,200,"bu","10:56:13",182300
55,-0.8,5000,"sd","10:56:13",182100
55.1,-0.7,5000,"sd","10:56:13",177100
55.1,-0.7,10000,"sd","10:55:47",172100
55.2,-0.6,1000,"sd","10:54:45",162100
55.2,-0.6,200,"sd","10:54:20",161100
55.2,-0.6,4500,"sd","10:51:51",160900
55.2,-0.6,700,"sd","10:51:43",156400
55.3,-0.5,200,"sd","10:50:25",155700
55.3,-0.5,2000,"bu","10:49:55",155500
55.3,-0.5,500,"bu","10:49:00",153500
55.3,-0.5,100,"sd","10:45:37",153000
55.3,-0.5,200,"bu","10:43:46",152900
55.3,-0.5,100,"bu","10:43:34",152700
55.3,-0.5,100,"sd","10:43:22",152600
55.3,-0.5,2900,"sd","10:41:34",152500
55.3,-0.5,100,"sd","10:39:49",149600
55.3,-0.5,500,"sd","10:39:47",149500
55.3,-0.5,100,"sd","10:38:35",149000
55.3,-0.5,300,"sd","10:37:43",148900
55.4,-0.4,100,"sd","10:35:09",148600
55.3,-0.5,100,"sd","10:34:29",148500
55.3,-0.5,200,"sd","10:32:25",148400
55.3,-0.5,500,"sd","10:31:24",148200
55.3,-0.5,1100,"sd","10:30:18",147700
55.3,-0.5,700,"sd","10:30:02",146600
55.3,-0.5,1000,"sd","10:29:58",145900
55.3,-0.5,1500,"sd","10:29:10",144900
55.3,-0.5,100,"sd","10:28:39",143400
55.3,-0.5,3400,"bu","10:27:35",143300
55.3,-0.5,300,"bu","10:27:19",139900
55.3,-0.5,1500,"bu","10:27:17",139600
55.3,-0.5,500,"bu","10:26:52",138100
55.3,-0.5,1500,"sd","10:26:33",137600
55.3,-0.5,100,"sd","10:26:18",136100
55.3,-0.5,5800,"sd","10:22:48",136000
55.4,-0.4,500,"sd","10:22:48",130200
55.4,-0.4,3100,"sd","10:22:48",129700
55.5,-0.3,5200,"sd","10:22:48",126600
55.6,-0.2,4100,"sd","10:22:48",121400
55.7,-0.1,2900,"sd","10:22:22",117300
55.7,-0.1,200,"sd","10:22:11",114400
55.7,-0.1,100,"sd","10:22:08",114200
55.7,-0.1,2000,"sd","10:20:24",114100
55.8,0,2300,"sd","10:17:17",112100
55.9,0.1,100,"bu","10:17:10",109800
55.9,0.1,100,"bu","10:13:18",109700
56,0.2,900,"bu","10:11:46",109600
55.9,0.1,2100,"bu","10:11:46",108700
55.8,0,200,"sd","10:09:42",106600
56,0.2,3400,"sd","10:06:27",106400
56,0.2,200,"sd","10:06:09",103000
56,0.2,1000,"sd","10:05:41",102800
56,0.2,600,"bu","10:05:02",101800
56,0.2,5000,"bu","10:04:40",101200
56,0.2,500,"bu","10:04:36",96200
56,0.2,1000,"bu","10:04:12",95700
56,0.2,10000,"bu","10:03:46",94700
56,0.2,5200,"bu","10:03:11",84700
55.9,0.1,800,"bu","10:03:11",79500
55.9,0.1,2000,"bu","10:02:59",78700
55.8,0,100,"bu","10:02:13",76700
55.8,0,1100,"bu","10:01:20",76600
55.8,0,100,"bu","10:00:42",75500
55.8,0,2000,"bu","09:58:36",75400
55.8,0,500,"bu","09:57:27",73400
55.8,0,2000,"bu","09:57:22",72900
55.7,-0.1,2000,"sd","09:56:58",70900
55.7,-0.1,400,"sd","09:56:31",68900
55.7,-0.1,100,"sd","09:55:31",68500
55.7,-0.1,2400,"bu","09:54:57",68400
55.6,-0.2,500,"bu","09:54:57",66000
55.6,-0.2,100,"sd","09:54:53",65500
55.7,-0.1,600,"bu","09:53:50",65400
55.7,-0.1,300,"bu","09:53:00",64800
55.6,-0.2,100,"bu","09:53:00",64500
55.5,-0.3,2000,"sd","09:51:37",64400
55.5,-0.3,1500,"sd","09:50:23",62400
55.6,-0.2,3000,"sd","09:50:23",60900
55.5,-0.3,2900,"sd","09:50:16",57900
55.5,-0.3,1600,"sd","09:49:38",55000
55.6,-0.2,1400,"sd","09:49:38",53400
55.8,0,2000,"bu","09:47:24",52000
55.8,0,100,"bu","09:46:42",50000
55.8,0,600,"bu","09:45:03",49900
55.7,-0.1,1300,"bu","09:45:03",49300
55.6,-0.2,100,"bu","09:45:03",48000
55.7,-0.1,200,"sd","09:43:51",47900
55.7,-0.1,100,"bu","09:43:12",47700
55.5,-0.3,300,"sd","09:41:49",47600
55.8,0,400,"bu","09:40:45",47300
55.7,-0.1,300,"bu","09:40:38",46900
55.6,-0.2,300,"bu","09:40:25",46600
55.6,-0.2,100,"bu","09:39:05",46300
55.6,-0.2,700,"sd","09:38:40",46200
55.7,-0.1,400,"sd","09:38:30",45500
55.7,-0.1,2000,"sd","09:38:12",45100
55.8,0,100,"bu","09:38:11",43100
55.8,0,500,"sd","09:37:56",43000
55.8,0,500,"bu","09:37:40",42500
55.8,0,100,"bu","09:37:22",42000
55.8,0,100,"bu","09:36:54",41900
55.8,0,2300,"bu","09:36:40",41800
55.7,-0.1,500,"sd","09:34:12",39500
55.7,-0.1,100,"sd","09:33:20",39000
55.5,-0.3,400,"sd","09:28:29",38900
55.5,-0.3,3000,"sd","09:26:00",38500
55.8,0,1000,"bu","09:25:46",35500
55.8,0,6100,"sd","09:24:00",34500
55.9,0.1,100,"sd","09:22:19",27500
55.9,0.1,900,"sd","09:22:18",27400
55.9,0.1,100,"sd","09:21:24",26500
56,0.2,9400,"sd","09:21:08",26400
56.1,0.3,300,"sd","09:21:08",17000
56.1,0.3,500,"sd","09:21:01",16700
56.1,0.3,100,"sd","09:20:44",16200
56.2,0.4,2000,"bu","09:20:37",16100
56.1,0.3,700,"sd","09:20:27",14100
56.5,0.7,200,"bu","09:19:34",13400
56.5,0.7,1700,"bu","09:19:29",13200
56.5,0.7,2000,"bu","09:18:22",11200
56.5,0.7,3700,"bu","09:18:16",9200
56.4,0.6,900,"bu","09:18:16",5500
56.2,0.4,300,"bu","09:18:16",4600
56.2,0.4,700,"sd","09:17:38",4300
56.2,0.4,100,"bu","09:17:31",3600
56.2,0.4,100,"bu","09:17:20",3500
56,0.2,2000,"bu","09:16:08",3400
56,0.2,100,"bu","09:15:50",1400
55.9,0.1,100,"sd","09:15:42",1300
55.9,0.1,1200,"","09:15:02",1200
