"price","change","match_qtty","side","time","total_vol"
41.3,-0.15,43000,"","14:45:05",489500
41.35,-0.1,1500,"bu","14:29:19",446500
41.35,-0.1,4000,"bu","14:29:10",445000
41.3,-0.15,1000,"bu","14:29:10",441000
41.35,-0.1,2000,"bu","14:29:00",440000
41.35,-0.1,1000,"bu","14:28:55",438000
41.35,-0.1,900,"bu","14:28:34",437000
41.3,-0.15,100,"bu","14:28:34",436100
40.75,-0.7,7200,"sd","14:28:12",436000
41,-0.45,300,"sd","14:28:12",428800
41.2,-0.25,400,"sd","14:28:12",428500
41.3,-0.15,100,"sd","14:28:12",428100
41.3,-0.15,900,"bu","14:28:11",428000
41.3,-0.15,100,"bu","14:28:01",427100
41.3,-0.15,100,"bu","14:27:43",427000
41.25,-0.2,400,"bu","14:27:43",426900
41.25,-0.2,200,"bu","14:27:37",426500
41.2,-0.25,1100,"bu","14:27:31",426300
41.2,-0.25,800,"bu","14:27:22",425200
41.2,-0.25,1000,"bu","14:27:16",424400
41.2,-0.25,500,"bu","14:27:11",423400
41.2,-0.25,1500,"bu","14:27:05",422900
41.2,-0.25,2000,"bu","14:27:00",421400
41.2,-0.25,10000,"bu","14:26:52",419400
41.2,-0.25,200,"bu","14:26:42",409400
41.1,-0.35,200,"bu","14:25:50",409200
41.1,-0.35,100,"bu","14:25:20",409000
41.1,-0.35,100,"sd","14:25:16",408900
41.1,-0.35,900,"bu","14:25:01",408800
41.1,-0.35,200,"bu","14:24:45",407900
41.1,-0.35,300,"bu","14:24:38",407700
41.1,-0.35,200,"bu","14:24:31",407400
41.1,-0.35,1000,"bu","14:24:21",407200
41.1,-0.35,2200,"bu","14:23:35",406200
41.1,-0.35,200,"bu","14:23:29",404000
41.1,-0.35,700,"bu","14:23:22",403800
41.1,-0.35,1000,"bu","14:23:15",403100
41.1,-0.35,500,"bu","14:23:01",402100
41.1,-0.35,300,"bu","14:22:55",401600
41.1,-0.35,600,"bu","14:22:52",401300
41.1,-0.35,800,"bu","14:22:47",400700
41.1,-0.35,2000,"bu","14:22:39",399900
41.1,-0.35,1500,"bu","14:22:32",397900
41.1,-0.35,100,"bu","14:22:02",396400
41.1,-0.35,200,"bu","14:21:34",396300
41,-0.45,1700,"bu","14:21:27",396100
41,-0.45,400,"bu","14:21:17",394400
41,-0.45,500,"bu","14:21:10",394000
41,-0.45,100,"bu","14:20:38",393500
40.7,-0.75,100,"bu","14:20:38",393400
40.65,-0.8,5000,"sd","14:20:36",393300
40.7,-0.75,300,"bu","14:20:26",388300
40.7,-0.75,200,"bu","14:20:22",388000
40.7,-0.75,200,"bu","14:20:13",387800
40.7,-0.75,300,"bu","14:20:07",387600
40.7,-0.75,1000,"bu","14:20:04",387300
40.7,-0.75,500,"bu","14:19:58",386300
40.7,-0.75,300,"bu","14:19:55",385800
40.65,-0.8,500,"bu","14:19:41",385500
40.65,-0.8,500,"bu","14:19:40",385000
40.65,-0.8,200,"bu","14:19:36",384500
40.65,-0.8,100,"bu","14:19:17",384300
40.65,-0.8,100,"bu","14:19:12",384200
40.65,-0.8,1900,"bu","14:19:05",384100
40.65,-0.8,12700,"sd","14:19:03",382200
40.7,-0.75,100,"bu","14:18:55",369500
40.7,-0.75,17000,"sd","14:18:45",369400
40.7,-0.75,3400,"sd","14:18:33",352400
40.75,-0.7,1400,"sd","14:18:33",349000
40.9,-0.55,200,"sd","14:18:33",347600
41,-0.45,300,"bu","14:18:22",347400
41,-0.45,200,"bu","14:18:09",347100
41,-0.45,100,"bu","14:18:00",346900
40.75,-0.7,800,"sd","14:17:52",346800
41,-0.45,100,"bu","14:17:41",346000
40.95,-0.5,300,"bu","14:17:41",345900
40.95,-0.5,300,"bu","14:17:36",345600
40.95,-0.5,200,"bu","14:17:31",345300
41,-0.45,300,"bu","14:17:06",345100
41,-0.45,200,"bu","14:16:31",344800
41,-0.45,100,"bu","14:16:22",344600
41,-0.45,200,"bu","14:16:07",344500
41,-0.45,100,"bu","14:16:03",344300
41,-0.45,200,"bu","14:15:55",344200
40.8,-0.65,100,"sd","14:15:55",344000
41,-0.45,600,"bu","14:15:47",343900
41,-0.45,200,"bu","14:15:42",343300
41,-0.45,500,"bu","14:15:38",343100
41,-0.45,300,"bu","14:15:29",342600
41,-0.45,1000,"bu","14:15:23",342300
41,-0.45,100,"sd","14:14:52",341300
41.1,-0.35,200,"bu","14:07:53",341200
41,-0.45,500,"bu","14:07:45",341000
41,-0.45,500,"bu","14:07:41",340500
40.75,-0.7,4000,"sd","14:07:14",340000
40.8,-0.65,1500,"sd","14:07:00",336000
41,-0.45,1300,"bu","14:04:28",334500
41,-0.45,100,"bu","13:54:30",333200
41,-0.45,200,"bu","13:51:50",333100
41,-0.45,100,"bu","13:50:50",332900
41,-0.45,200,"bu","13:50:44",332800
41,-0.45,300,"bu","13:50:36",332600
41,-0.45,200,"bu","13:49:57",332300
41,-0.45,100,"bu","13:49:39",332100
41,-0.45,200,"bu","13:49:33",332000
41,-0.45,500,"bu","13:49:27",331800
41,-0.45,300,"bu","13:49:14",331300
41,-0.45,300,"bu","13:47:57",331000
41,-0.45,500,"bu","13:47:51",330700
41,-0.45,300,"bu","13:46:09",330200
41,-0.45,500,"bu","13:46:03",329900
41,-0.45,1000,"bu","13:45:54",329400
40.75,-0.7,3600,"sd","13:45:19",328400
41,-0.45,200,"sd","13:45:04",324800
41.1,-0.35,200,"bu","13:43:52",324600
41.1,-0.35,100,"bu","13:42:32",324400
41.1,-0.35,100,"bu","13:40:15",324300
41.1,-0.35,200,"bu","13:40:06",324200
41.1,-0.35,100,"bu","13:39:48",324000
41.1,-0.35,200,"bu","13:39:41",323900
41.1,-0.35,300,"bu","13:39:35",323700
41.1,-0.35,200,"bu","13:39:27",323400
41,-0.45,400,"bu","13:39:20",323200
41,-0.45,1000,"bu","13:39:02",322800
41,-0.45,500,"bu","13:38:54",321800
41,-0.45,1500,"bu","13:38:34",321300
41,-0.45,1200,"bu","13:38:26",319800
41,-0.45,300,"bu","13:37:35",318600
41,-0.45,200,"bu","13:37:25",318300
41,-0.45,100,"bu","13:37:19",318100
41,-0.45,200,"bu","13:36:25",318000
41,-0.45,300,"bu","13:36:20",317800
41,-0.45,500,"bu","13:36:03",317500
41,-0.45,1500,"bu","13:35:56",317000
41,-0.45,300,"bu","13:35:50",315500
41,-0.45,200,"bu","13:35:43",315200
40.75,-0.7,4000,"sd","13:35:36",315000
41,-0.45,1000,"bu","13:35:36",311000
41,-0.45,500,"bu","13:35:26",310000
41,-0.45,300,"bu","13:35:00",309500
41,-0.45,200,"bu","13:34:53",309200
41,-0.45,100,"bu","13:34:43",309000
40.75,-0.7,2000,"sd","13:34:35",308900
41,-0.45,400,"bu","13:34:15",306900
41,-0.45,500,"bu","13:34:00",306500
41,-0.45,300,"bu","13:33:40",306000
40.75,-0.7,4000,"sd","13:33:39",305700
41,-0.45,200,"bu","13:33:09",301700
41,-0.45,100,"bu","13:32:59",301500
40.75,-0.7,3300,"sd","13:31:52",301400
40.8,-0.65,1800,"sd","13:31:52",298100
40.85,-0.6,900,"sd","13:31:52",296300
41,-0.45,200,"bu","13:30:41",295400
41,-0.45,1500,"bu","13:30:00",295200
41,-0.45,1000,"bu","13:29:34",293700
41,-0.45,300,"bu","13:29:16",292700
41,-0.45,2500,"bu","13:28:34",292400
41,-0.45,1000,"bu","13:26:42",289900
41,-0.45,500,"bu","13:26:31",288900
41,-0.45,200,"bu","13:26:07",288400
41,-0.45,1500,"bu","13:25:01",288200
41,-0.45,200,"bu","13:24:57",286700
41,-0.45,300,"bu","13:24:06",286500
41,-0.45,1000,"bu","13:23:58",286200
41,-0.45,500,"bu","13:23:14",285200
41,-0.45,300,"bu","13:23:06",284700
40.85,-0.6,1000,"sd","13:21:05",284400
41,-0.45,1000,"bu","13:20:42",283400
41,-0.45,400,"bu","13:20:40",282400
41,-0.45,200,"bu","13:20:38",282000
41,-0.45,600,"bu","13:20:36",281800
41,-0.45,2600,"bu","13:20:30",281200
41,-0.45,1500,"bu","13:18:44",278600
41,-0.45,1000,"bu","13:18:32",277100
41,-0.45,3000,"bu","13:17:20",276100
41,-0.45,300,"bu","13:16:52",273100
41,-0.45,200,"bu","13:16:45",272800
41,-0.45,100,"bu","13:16:43",272600
41,-0.45,500,"bu","13:16:31",272500
41,-0.45,400,"bu","13:16:28",272000
41,-0.45,1000,"bu","13:14:13",271600
41,-0.45,1000,"bu","13:13:58",270600
41,-0.45,300,"bu","13:13:53",269600
41,-0.45,1500,"bu","13:09:51",269300
41,-0.45,500,"bu","13:08:54",267800
41,-0.45,400,"bu","13:08:52",267300
41,-0.45,1000,"bu","13:08:21",266900
41,-0.45,1000,"bu","13:08:12",265900
41.1,-0.35,200,"bu","13:05:28",264900
41.1,-0.35,500,"bu","11:29:54",264700
41.1,-0.35,200,"bu","11:29:48",264200
41.1,-0.35,1000,"bu","11:29:40",264000
41.1,-0.35,500,"bu","11:29:38",263000
41.1,-0.35,3000,"bu","11:29:27",262500
41.1,-0.35,300,"bu","11:29:20",259500
41.1,-0.35,300,"bu","11:29:04",259200
41,-0.45,700,"bu","11:29:04",258900
41.1,-0.35,800,"bu","11:28:55",258200
41.1,-0.35,500,"bu","11:28:47",257400
41.1,-0.35,400,"bu","11:28:44",256900
41.1,-0.35,900,"bu","11:28:39",256500
41.1,-0.35,1000,"bu","11:28:33",255600
41.1,-0.35,600,"bu","11:27:51",254600
41.1,-0.35,500,"bu","11:27:48",254000
41.1,-0.35,3200,"bu","11:27:39",253500
41.1,-0.35,300,"bu","11:27:25",250300
41.1,-0.35,200,"bu","11:27:24",250000
41.1,-0.35,1000,"bu","11:27:12",249800
41.1,-0.35,800,"bu","11:27:01",248800
41.1,-0.35,700,"bu","11:27:00",248000
41.1,-0.35,600,"bu","11:26:55",247300
41.1,-0.35,1800,"bu","11:26:44",246700
41.1,-0.35,500,"bu","11:26:34",244900
41,-0.45,1700,"bu","11:26:34",244400
41.1,-0.35,600,"bu","11:26:23",242700
41.1,-0.35,100,"bu","11:26:20",242100
41.1,-0.35,300,"bu","11:26:18",242000
41.1,-0.35,2000,"bu","11:26:10",241700
41.1,-0.35,1600,"bu","11:26:03",239700
41.1,-0.35,1300,"bu","11:25:53",238100
41.1,-0.35,300,"bu","11:25:37",236800
41.1,-0.35,1000,"bu","11:25:28",236500
41.1,-0.35,500,"bu","11:22:54",235500
41.1,-0.35,300,"bu","11:22:48",235000
41.1,-0.35,1600,"bu","11:22:37",234700
41.1,-0.35,400,"bu","11:22:30",233100
41.1,-0.35,300,"bu","11:22:18",232700
41.1,-0.35,200,"bu","11:22:02",232400
41.1,-0.35,600,"bu","11:21:57",232200
41.1,-0.35,500,"bu","11:21:55",231600
41.1,-0.35,1200,"bu","11:21:44",231100
41.1,-0.35,200,"bu","11:20:54",229900
41.1,-0.35,100,"bu","11:20:46",229700
41.1,-0.35,200,"bu","11:20:44",229600
41.1,-0.35,300,"bu","11:20:28",229400
41.1,-0.35,500,"bu","11:20:26",229100
41.1,-0.35,1000,"bu","11:20:13",228600
41.1,-0.35,700,"bu","11:20:06",227600
41.1,-0.35,500,"bu","11:20:04",226900
41.1,-0.35,300,"bu","11:19:49",226400
41.1,-0.35,200,"bu","11:19:47",226100
41.1,-0.35,500,"bu","11:19:40",225900
41.1,-0.35,1600,"bu","11:19:31",225400
41.1,-0.35,500,"bu","11:18:47",223800
41.1,-0.35,300,"bu","11:18:44",223300
41.1,-0.35,1000,"bu","11:18:20",223000
41.1,-0.35,400,"bu","11:18:11",222000
41.1,-0.35,800,"bu","11:18:04",221600
41.1,-0.35,300,"bu","11:17:45",220800
41.1,-0.35,600,"bu","11:17:39",220500
41.1,-0.35,2000,"bu","11:17:20",219900
41.1,-0.35,3200,"bu","11:17:11",217900
41.1,-0.35,300,"bu","11:16:15",214700
41.1,-0.35,200,"bu","11:15:57",214400
41.1,-0.35,400,"bu","11:15:52",214200
41.1,-0.35,600,"bu","11:15:39",213800
41.1,-0.35,1000,"bu","11:15:18",213200
41.1,-0.35,500,"bu","11:15:07",212200
41.1,-0.35,300,"bu","11:15:01",211700
41.1,-0.35,200,"bu","11:14:57",211400
41.1,-0.35,500,"bu","11:14:30",211200
41.1,-0.35,400,"bu","11:12:47",210700
41.1,-0.35,200,"bu","11:12:41",210300
41.1,-0.35,600,"bu","11:12:35",210100
41.1,-0.35,500,"bu","11:12:32",209500
41.1,-0.35,1600,"bu","11:12:20",209000
41.1,-0.35,600,"bu","11:11:15",207400
41.1,-0.35,500,"bu","11:11:12",206800
41.1,-0.35,1000,"bu","11:10:43",206300
41.1,-0.35,200,"bu","11:10:33",205300
41.1,-0.35,600,"bu","11:10:30",205100
41.1,-0.35,1500,"bu","11:10:26",204500
41.1,-0.35,3000,"bu","11:10:16",203000
41.1,-0.35,300,"bu","11:09:55",200000
41.1,-0.35,5500,"bu","11:09:47",199700
41.1,-0.35,2000,"bu","11:09:39",194200
41.1,-0.35,1000,"bu","11:09:19",192200
41.1,-0.35,400,"bu","11:08:15",191200
41.1,-0.35,800,"bu","11:08:06",190800
41.1,-0.35,1000,"bu","11:08:00",190000
41.1,-0.35,600,"bu","11:07:49",189000
40.8,-0.65,1000,"sd","11:07:46",188400
41.1,-0.35,500,"bu","11:07:42",187400
41.1,-0.35,1000,"bu","11:07:36",186900
41.1,-0.35,4900,"bu","11:07:30",185900
41,-0.45,100,"bu","11:07:30",181000
41,-0.45,700,"sd","11:07:04",180900
41.1,-0.35,10000,"bu","11:06:30",180200
41.1,-0.35,100,"bu","11:06:23",170200
41.1,-0.35,500,"bu","11:06:05",170100
41.1,-0.35,300,"bu","11:05:58",169600
41.1,-0.35,300,"bu","11:05:30",169300
41.1,-0.35,400,"bu","11:05:20",169000
41.1,-0.35,300,"bu","11:05:16",168600
40.9,-0.55,400,"bu","11:03:40",168300
40.9,-0.55,300,"bu","11:03:02",167900
40.8,-0.65,700,"sd","11:02:45",167600
40.8,-0.65,2000,"sd","10:59:14",166900
40.9,-0.55,100,"sd","10:52:00",164900
41,-0.45,200,"bu","10:44:01",164800
41,-0.45,100,"bu","10:43:56",164600
40.9,-0.55,100,"bu","10:43:48",164500
40.9,-0.55,300,"bu","10:43:35",164400
40.9,-0.55,200,"sd","10:43:23",164100
41.1,-0.35,600,"bu","10:41:14",163900
41.1,-0.35,500,"bu","10:40:15",163300
41.1,-0.35,1500,"bu","10:39:14",162800
41.1,-0.35,300,"bu","10:37:15",161300
41.1,-0.35,200,"bu","10:37:00",161000
41.1,-0.35,500,"bu","10:36:48",160800
41.1,-0.35,300,"bu","10:36:08",160300
41.1,-0.35,200,"bu","10:35:44",160000
41.1,-0.35,300,"bu","10:35:39",159800
41.1,-0.35,500,"bu","10:35:29",159500
41.1,-0.35,1000,"bu","10:35:21",159000
41,-0.45,200,"sd","10:35:06",158000
41.1,-0.35,300,"bu","10:34:45",157800
41.1,-0.35,200,"bu","10:34:39",157500
41,-0.45,100,"bu","10:34:33",157300
41,-0.45,300,"bu","10:34:29",157200
41,-0.45,200,"bu","10:34:24",156900
40.75,-0.7,3400,"sd","10:33:14",156700
40.8,-0.65,700,"sd","10:32:32",153300
40.8,-0.65,500,"sd","10:32:32",152600
41,-0.45,100,"sd","10:23:30",152100
41.1,-0.35,400,"bu","10:23:17",152000
41.1,-0.35,300,"bu","10:23:10",151600
41.1,-0.35,200,"bu","10:22:42",151300
41.1,-0.35,1000,"bu","10:22:33",151100
41.1,-0.35,500,"bu","10:22:12",150100
41.1,-0.35,300,"bu","10:22:03",149600
41.1,-0.35,1000,"bu","10:20:49",149300
41.1,-0.35,1500,"bu","10:20:40",148300
41.1,-0.35,1500,"bu","10:12:54",146800
41.1,-0.35,1000,"bu","10:11:28",145300
41.1,-0.35,1000,"bu","10:07:49",144300
41.1,-0.35,100,"sd","10:07:10",143300
41.2,-0.25,1000,"bu","10:06:34",143200
41.1,-0.35,500,"bu","10:06:23",142200
40.8,-0.65,5000,"sd","10:05:55",141700
41.2,-0.25,5000,"bu","09:58:47",136700
40.8,-0.65,600,"sd","09:57:13",131700
41.2,-0.25,100,"bu","09:55:40",131000
41.2,-0.25,2500,"bu","09:54:54",130900
41.2,-0.25,3000,"bu","09:54:33",128400
41.2,-0.25,10000,"bu","09:54:04",125400
40.8,-0.65,3000,"sd","09:53:36",115400
41.2,-0.25,3000,"bu","09:51:18",112400
40.8,-0.65,600,"sd","09:50:49",109400
40.8,-0.65,1600,"bu","09:49:42",108800
40.8,-0.65,2000,"bu","09:49:37",107200
40.8,-0.65,1000,"bu","09:49:32",105200
40.8,-0.65,3000,"bu","09:49:17",104200
40.8,-0.65,11600,"sd","09:49:08",101200
40.85,-0.6,300,"sd","09:49:08",89600
40.9,-0.55,400,"sd","09:49:08",89300
41,-0.45,100,"sd","09:49:08",88900
41.2,-0.25,100,"bu","09:46:50",88800
41.2,-0.25,3000,"bu","09:45:52",88700
40.85,-0.6,3000,"sd","09:45:47",85700
41.2,-0.25,3000,"bu","09:44:47",82700
41.2,-0.25,10000,"bu","09:44:04",79700
41.2,-0.25,2000,"bu","09:43:05",69700
40.85,-0.6,600,"sd","09:42:17",67700
41.2,-0.25,3000,"bu","09:38:05",67000
41.2,-0.25,5000,"bu","09:36:05",64000
41.2,-0.25,1000,"bu","09:35:02",59000
40.85,-0.6,6000,"sd","09:34:52",58000
41,-0.45,1000,"sd","09:34:52",52000
41.2,-0.25,2000,"bu","09:34:38",51000
41.2,-0.25,3000,"bu","09:34:23",49000
41.2,-0.25,5000,"bu","09:32:08",46000
41.2,-0.25,3000,"bu","09:31:54",41000
41.2,-0.25,2000,"bu","09:31:44",38000
41.2,-0.25,4000,"bu","09:31:07",36000
41.2,-0.25,3000,"bu","09:30:58",32000
41.2,-0.25,6000,"bu","09:30:48",29000
41.25,-0.2,300,"bu","09:28:13",23000
41.25,-0.2,400,"bu","09:28:06",22700
41.25,-0.2,200,"bu","09:27:33",22300
41.25,-0.2,400,"bu","09:27:30",22100
41.25,-0.2,1000,"bu","09:27:17",21700
40.85,-0.6,5000,"sd","09:27:07",20700
41.25,-0.2,600,"bu","09:25:19",15700
41.25,-0.2,1000,"bu","09:25:16",15100
41.25,-0.2,300,"bu","09:22:56",14100
41.25,-0.2,200,"bu","09:22:50",13800
41.25,-0.2,300,"bu","09:22:47",13600
41.25,-0.2,400,"bu","09:22:35",13300
41.25,-0.2,600,"bu","09:22:29",12900
41.25,-0.2,500,"bu","09:22:15",12300
41.3,-0.15,1000,"bu","09:19:44",11800
41.3,-0.15,1500,"bu","09:19:34",10800
41.3,-0.15,2000,"bu","09:19:20",9300
41.3,-0.15,1000,"bu","09:18:18",7300
41.3,-0.15,400,"bu","09:18:13",6300
41.3,-0.15,1500,"bu","09:17:53",5900
41.3,-0.15,100,"bu","09:17:46",4400
41.35,-0.1,100,"bu","09:17:27",4300
40.8,-0.65,1200,"sd","09:16:59",4200
41.4,-0.05,300,"bu","09:16:52",3000
41.4,-0.05,200,"bu","09:16:40",2700
41.4,-0.05,400,"bu","09:16:33",2500
41.4,-0.05,500,"bu","09:15:46",2100
41.4,-0.05,300,"bu","09:15:38",1600
41.4,-0.05,200,"bu","09:15:27",1300
41.4,-0.05,100,"bu","09:15:23",1100
40.75,-0.7,1000,"","09:15:01",1000
