"symbol","time","price","change","vol","total","side"
"ASM","14:45:00",10.4,0.2,180900,4264800,
"ASM","14:29:53",10.3,0.1,500,4083900,"B"
"ASM","14:29:48",10.35,0.15,700,4083400,"S"
"ASM","14:29:47",10.3,0.1,10500,4082700,"B"
"ASM","14:29:41",10.3,0.1,400,4072200,"B"
"ASM","14:29:38",10.3,0.1,3000,4071800,"B"
"ASM","14:29:30",10.35,0.15,100,4068800,"S"
"ASM","14:29:17",10.3,0.1,100,4068700,"B"
"ASM","14:29:13",10.3,0.1,5000,4068600,"B"
"ASM","14:28:50",10.3,0.1,1900,4063600,"B"
"ASM","14:28:43",10.3,0.1,200,4061700,"B"
"ASM","14:28:22",10.3,0.1,5000,4061500,"B"
"ASM","14:28:10",10.35,0.15,1000,4056500,"S"
"ASM","14:28:01",10.35,0.15,11600,4055500,"B"
"ASM","14:27:58",10.35,0.15,10800,4043900,"B"
"ASM","14:27:52",10.35,0.15,5000,4033100,"B"
"ASM","14:27:49",10.35,0.15,7000,4028100,"B"
"ASM","14:27:42",10.4,0.2,1000,4021100,"S"
"ASM","14:27:38",10.35,0.15,100,4020100,"B"
"ASM","14:27:37",10.35,0.15,1500,4020000,"B"
"ASM","14:27:29",10.4,0.2,2000,4018500,"S"
"ASM","14:27:26",10.35,0.15,100,4016500,"B"
"ASM","14:27:16",10.35,0.15,200,4016400,"B"
"ASM","14:26:59",10.4,0.2,400,4016200,"S"
"ASM","14:26:45",10.4,0.2,900,4015800,"S"
"ASM","14:26:40",10.4,0.2,100,4014900,"S"
"ASM","14:26:39",10.4,0.2,100,4014800,"S"
"ASM","14:26:17",10.4,0.2,800,4014700,"S"
"ASM","14:26:10",10.4,0.2,600,4013900,"S"
"ASM","14:26:02",10.4,0.2,1300,4013300,"S"
"ASM","14:25:55",10.4,0.2,2700,4012000,"S"
"ASM","14:25:42",10.4,0.2,10000,4009300,"S"
"ASM","14:24:59",10.4,0.2,2000,3999300,"S"
"ASM","14:24:51",10.4,0.2,300,3997300,"S"
"ASM","14:24:36",10.4,0.2,500,3997000,"S"
"ASM","14:24:36",10.35,0.15,5000,3996500,"B"
"ASM","14:24:03",10.4,0.2,10000,3991500,"S"
"ASM","14:23:40",10.4,0.2,20000,3981500,"S"
"ASM","14:23:25",10.4,0.2,400,3961500,"S"
"ASM","14:23:22",10.35,0.15,2100,3961100,"B"
"ASM","14:23:18",10.4,0.2,200,3959000,"S"
"ASM","14:22:57",10.35,0.15,500,3958800,"B"
"ASM","14:22:51",10.35,0.15,2700,3958300,"B"
"ASM","14:22:40",10.35,0.15,1300,3955600,"B"
"ASM","14:22:35",10.35,0.15,1000,3954300,"B"
"ASM","14:22:32",10.35,0.15,2500,3953300,"B"
"ASM","14:22:14",10.35,0.15,700,3950800,"B"
"ASM","14:22:06",10.4,0.2,100,3950100,"S"
"ASM","14:22:01",10.4,0.2,19200,3950000,"B"
"ASM","14:21:55",10.4,0.2,2000,3930800,"B"
"ASM","14:21:54",10.4,0.2,10000,3928800,"B"
"ASM","14:21:53",10.4,0.2,500,3918800,"B"
"ASM","14:21:53",10.4,0.2,10100,3918300,"B"
"ASM","14:21:52",10.4,0.2,100,3908200,"B"
"ASM","14:21:45",10.4,0.2,30000,3908100,"B"
"ASM","14:21:34",10.4,0.2,300,3878100,"B"
"ASM","14:21:30",10.4,0.2,7000,3877800,"B"
"ASM","14:21:14",10.4,0.2,19800,3870800,"B"
"ASM","14:21:05",10.45,0.25,700,3851000,"S"
"ASM","14:20:54",10.45,0.25,500,3850300,"S"
"ASM","14:20:51",10.4,0.2,1000,3849800,"B"
"ASM","14:20:39",10.4,0.2,1000,3848800,"B"
"ASM","14:20:35",10.4,0.2,2000,3847800,"B"
"ASM","14:20:33",10.4,0.2,3100,3845800,"B"
"ASM","14:20:21",10.4,0.2,2900,3842700,"B"
"ASM","14:20:14",10.4,0.2,300,3839800,"B"
"ASM","14:20:14",10.4,0.2,4000,3839500,"B"
"ASM","14:20:07",10.4,0.2,5000,3835500,"B"
"ASM","14:19:59",10.45,0.25,17500,3830500,"S"
"ASM","14:19:57",10.4,0.2,500,3813000,"B"
"ASM","14:19:54",10.4,0.2,4000,3812500,"B"
"ASM","14:19:52",10.45,0.25,1000,3808500,"S"
"ASM","14:19:43",10.45,0.25,300,3807500,"S"
"ASM","14:19:25",10.45,0.25,1000,3807200,"S"
"ASM","14:19:04",10.4,0.2,200,3806200,"B"
"ASM","14:18:49",10.45,0.25,50000,3806000,"S"
"ASM","14:18:49",10.4,0.2,700,3756000,"B"
"ASM","14:18:18",10.45,0.25,2300,3755300,"S"
"ASM","14:17:54",10.45,0.25,100,3753000,"S"
"ASM","14:17:15",10.45,0.25,400,3752900,"S"
"ASM","14:17:14",10.4,0.2,600,3752500,"B"
"ASM","14:16:30",10.45,0.25,2000,3751900,"S"
"ASM","14:16:25",10.45,0.25,3800,3749900,"S"
"ASM","14:16:22",10.45,0.25,1900,3746100,"B"
"ASM","14:16:21",10.45,0.25,1400,3744200,"B"
"ASM","14:16:18",10.45,0.25,200,3742800,"B"
"ASM","14:16:18",10.45,0.25,500,3742600,"B"
"ASM","14:16:15",10.45,0.25,100,3742100,"B"
"ASM","14:16:10",10.45,0.25,500,3742000,"B"
"ASM","14:15:58",10.45,0.25,500,3741500,"B"
"ASM","14:15:57",10.45,0.25,500,3741000,"B"
"ASM","14:15:51",10.45,0.25,14400,3740500,"B"
"ASM","14:15:49",10.45,0.25,1200,3726100,"B"
"ASM","14:15:44",10.45,0.25,2000,3724900,"B"
"ASM","14:15:35",10.45,0.25,2200,3722900,"B"
"ASM","14:15:31",10.45,0.25,2500,3720700,"B"
"ASM","14:15:30",10.45,0.25,300,3718200,"B"
"ASM","14:15:22",10.45,0.25,2000,3717900,"B"
"ASM","14:15:22",10.45,0.25,100,3715900,"B"
"ASM","14:15:20",10.45,0.25,2000,3715800,"B"
"ASM","14:15:13",10.45,0.25,100,3713800,"B"
"ASM","14:15:07",10.45,0.25,3800,3713700,"B"
"ASM","14:15:01",10.45,0.25,5000,3709900,"B"
"ASM","14:14:57",10.45,0.25,20000,3704900,"B"
"ASM","14:14:48",10.45,0.25,5000,3684900,"B"
"ASM","14:14:36",10.45,0.25,3000,3679900,"B"
"ASM","14:14:27",10.45,0.25,200,3676900,"B"
"ASM","14:14:25",10.45,0.25,500,3676700,"B"
"ASM","14:14:19",10.45,0.25,100,3676200,"B"
"ASM","14:14:13",10.45,0.25,2000,3676100,"B"
"ASM","14:14:11",10.45,0.25,5000,3674100,"B"
"ASM","14:14:02",10.45,0.25,7800,3669100,"S"
"ASM","14:14:01",10.45,0.25,5000,3661300,"S"
"ASM","14:14:00",10.45,0.25,300,3656300,"S"
"ASM","14:13:47",10.45,0.25,100,3656000,"S"
"ASM","14:13:41",10.45,0.25,500,3655900,"S"
"ASM","14:13:37",10.45,0.25,1000,3655400,"S"
"ASM","14:13:32",10.45,0.25,5000,3654400,"S"
"ASM","14:13:29",10.45,0.25,1500,3649400,"S"
"ASM","14:13:27",10.45,0.25,500,3647900,"S"
"ASM","14:13:22",10.45,0.25,3000,3647400,"S"
"ASM","14:13:19",10.45,0.25,50000,3644400,"S"
"ASM","14:13:15",10.45,0.25,2000,3594400,"S"
"ASM","14:13:04",10.45,0.25,500,3592400,"S"
"ASM","14:13:00",10.45,0.25,600,3591900,"S"
"ASM","14:12:54",10.45,0.25,100,3591300,"S"
"ASM","14:12:48",10.45,0.25,14900,3591200,"B"
"ASM","14:12:46",10.45,0.25,1300,3576300,"B"
"ASM","14:12:42",10.45,0.25,800,3575000,"B"
"ASM","14:12:40",10.45,0.25,6000,3574200,"B"
"ASM","14:12:38",10.45,0.25,1000,3568200,"B"
"ASM","14:12:32",10.45,0.25,200,3567200,"B"
"ASM","14:12:31",10.45,0.25,5000,3567000,"B"
"ASM","14:12:27",10.45,0.25,200,3562000,"B"
"ASM","14:12:22",10.45,0.25,15000,3561800,"B"
"ASM","14:12:12",10.45,0.25,5000,3546800,"B"
"ASM","14:12:05",10.5,0.3,500,3541800,"S"
"ASM","14:12:02",10.45,0.25,3100,3541300,"S"
"ASM","14:12:00",10.45,0.25,10000,3538200,"S"
"ASM","14:11:55",10.45,0.25,100000,3528200,"S"
"ASM","14:11:53",10.45,0.25,16000,3428200,"S"
"ASM","14:11:32",10.45,0.25,100,3412200,"S"
"ASM","14:11:27",10.45,0.25,3000,3412100,"S"
"ASM","14:11:23",10.45,0.25,100,3409100,"S"
"ASM","14:11:12",10.45,0.25,6600,3409000,"S"
"ASM","14:11:02",10.45,0.25,100,3402400,"S"
"ASM","14:10:58",10.45,0.25,2000,3402300,"S"
"ASM","14:10:56",10.45,0.25,100,3400300,"S"
"ASM","14:10:46",10.45,0.25,1900,3400200,"S"
"ASM","14:10:40",10.45,0.25,3600,3398300,"S"
"ASM","14:10:32",10.45,0.25,1700,3394700,"S"
"ASM","14:10:31",10.45,0.25,400,3393000,"S"
"ASM","14:10:29",10.45,0.25,5000,3392600,"S"
"ASM","14:10:27",10.4,0.2,500,3387600,"B"
"ASM","14:10:26",10.45,0.25,500,3387100,"S"
"ASM","14:10:20",10.45,0.25,1000,3386600,"S"
"ASM","14:10:08",10.4,0.2,200,3385600,"B"
"ASM","14:10:00",10.4,0.2,100,3385400,"B"
"ASM","14:09:54",10.4,0.2,100,3385300,"B"
"ASM","14:09:50",10.45,0.25,2000,3385200,"S"
"ASM","14:09:47",10.4,0.2,100,3383200,"B"
"ASM","14:09:46",10.45,0.25,10000,3383100,"S"
"ASM","14:09:31",10.45,0.25,1500,3373100,"S"
"ASM","14:09:31",10.45,0.25,2600,3371600,"S"
"ASM","14:09:20",10.45,0.25,3000,3369000,"S"
"ASM","14:09:18",10.4,0.2,500,3366000,"B"
"ASM","14:08:54",10.45,0.25,10000,3365500,"S"
"ASM","14:08:48",10.45,0.25,10000,3355500,"S"
"ASM","14:08:46",10.45,0.25,400,3345500,"S"
"ASM","14:08:38",10.4,0.2,200,3345100,"B"
"ASM","14:08:24",10.45,0.25,5000,3344900,"S"
"ASM","14:08:20",10.45,0.25,200,3339900,"S"
"ASM","14:08:14",10.45,0.25,2300,3339700,"S"
"ASM","14:08:05",10.45,0.25,300,3337400,"S"
"ASM","14:08:02",10.45,0.25,19300,3337100,"S"
"ASM","14:07:51",10.45,0.25,3000,3317800,"S"
"ASM","14:07:46",10.45,0.25,3200,3314800,"S"
"ASM","14:07:45",10.45,0.25,5000,3311600,"S"
"ASM","14:07:38",10.45,0.25,9000,3306600,"S"
"ASM","14:07:34",10.45,0.25,10000,3297600,"S"
"ASM","14:07:31",10.45,0.25,20000,3287600,"S"
"ASM","14:07:28",10.45,0.25,3000,3267600,"S"
"ASM","14:07:12",10.45,0.25,800,3264600,"S"
"ASM","14:07:11",10.45,0.25,1100,3263800,"S"
"ASM","14:06:59",10.45,0.25,3200,3262700,"S"
"ASM","14:06:51",10.4,0.2,200,3259500,"B"
"ASM","14:06:48",10.4,0.2,300,3259300,"B"
"ASM","14:06:28",10.45,0.25,2300,3259000,"S"
"ASM","14:06:26",10.4,0.2,3000,3256700,"B"
"ASM","14:06:22",10.4,0.2,100,3253700,"B"
"ASM","14:06:20",10.45,0.25,1000,3253600,"S"
"ASM","14:06:13",10.45,0.25,300,3252600,"S"
"ASM","14:05:57",10.45,0.25,200,3252300,"S"
"ASM","14:05:43",10.4,0.2,100,3252100,"B"
"ASM","14:05:17",10.4,0.2,1000,3252000,"B"
"ASM","14:05:10",10.4,0.2,10500,3251000,"S"
"ASM","14:05:09",10.35,0.15,3000,3240500,"B"
"ASM","14:05:08",10.4,0.2,2000,3237500,"S"
"ASM","14:05:04",10.4,0.2,100,3235500,"S"
"ASM","14:05:03",10.4,0.2,5000,3235400,"S"
"ASM","14:05:01",10.4,0.2,800,3230400,"S"
"ASM","14:04:57",10.4,0.2,2000,3229600,"S"
"ASM","14:04:56",10.4,0.2,3000,3227600,"S"
"ASM","14:04:53",10.4,0.2,2000,3224600,"S"
"ASM","14:04:45",10.4,0.2,100,3222600,"S"
"ASM","14:04:44",10.4,0.2,1000,3222500,"S"
"ASM","14:04:43",10.4,0.2,300,3221500,"S"
"ASM","14:04:37",10.4,0.2,200,3221200,"S"
"ASM","14:04:36",10.4,0.2,1000,3221000,"S"
"ASM","14:04:36",10.4,0.2,5000,3220000,"S"
"ASM","14:04:33",10.4,0.2,100,3215000,"S"
"ASM","14:04:12",10.4,0.2,10000,3214900,"S"
"ASM","14:03:50",10.4,0.2,3000,3204900,"S"
"ASM","14:03:42",10.4,0.2,11000,3201900,"S"
"ASM","14:03:42",10.35,0.15,15000,3190900,"B"
"ASM","14:03:37",10.4,0.2,4300,3175900,"S"
"ASM","14:03:36",10.35,0.15,200,3171600,"B"
"ASM","14:03:33",10.35,0.15,100,3171400,"B"
"ASM","14:03:32",10.4,0.2,3000,3171300,"S"
"ASM","14:03:29",10.35,0.15,15000,3168300,"B"
"ASM","14:03:15",10.4,0.2,100,3153300,"S"
"ASM","14:03:13",10.4,0.2,2000,3153200,"S"
"ASM","14:03:12",10.35,0.15,100,3151200,"B"
"ASM","14:02:59",10.4,0.2,300,3151100,"S"
"ASM","14:02:59",10.4,0.2,500,3150800,"S"
"ASM","14:02:56",10.4,0.2,9000,3150300,"S"
"ASM","14:02:48",10.4,0.2,2000,3141300,"S"
"ASM","14:02:37",10.4,0.2,1000,3139300,"S"
"ASM","14:02:36",10.4,0.2,2000,3138300,"S"
"ASM","14:02:34",10.4,0.2,2000,3136300,"S"
"ASM","14:02:31",10.4,0.2,300,3134300,"S"
"ASM","14:02:25",10.4,0.2,300,3134000,"S"
"ASM","14:02:23",10.4,0.2,600,3133700,"S"
"ASM","14:02:18",10.4,0.2,300,3133100,"S"
"ASM","14:02:15",10.4,0.2,400,3132800,"S"
"ASM","14:02:10",10.4,0.2,200,3132400,"S"
"ASM","14:02:09",10.4,0.2,10800,3132200,"B"
"ASM","14:02:09",10.4,0.2,6600,3121400,"B"
"ASM","14:02:06",10.4,0.2,6000,3114800,"B"
"ASM","14:02:03",10.4,0.2,1000,3108800,"B"
"ASM","14:02:02",10.45,0.25,100,3107800,"S"
"ASM","14:01:59",10.4,0.2,200,3107700,"B"
"ASM","14:01:53",10.45,0.25,5000,3107500,"S"
"ASM","14:01:44",10.4,0.2,7400,3102500,"B"
"ASM","14:01:34",10.45,0.25,400,3095100,"S"
"ASM","14:01:20",10.45,0.25,5000,3094700,"S"
"ASM","14:01:18",10.45,0.25,3100,3089700,"S"
"ASM","14:01:16",10.45,0.25,500,3086600,"S"
"ASM","14:01:15",10.45,0.25,5000,3086100,"S"
"ASM","14:01:14",10.45,0.25,4900,3081100,"B"
"ASM","14:01:13",10.45,0.25,2000,3076200,"B"
"ASM","14:01:10",10.45,0.25,10000,3074200,"B"
"ASM","14:01:09",10.45,0.25,4000,3064200,"S"
"ASM","14:01:08",10.45,0.25,10000,3060200,"S"
"ASM","14:01:07",10.45,0.25,5200,3050200,"S"
"ASM","14:01:06",10.45,0.25,100,3045000,"S"
"ASM","14:01:03",10.45,0.25,10000,3044900,"S"
"ASM","14:01:00",10.45,0.25,200,3034900,"S"
"ASM","14:00:59",10.45,0.25,13000,3034700,"B"
"ASM","14:00:47",10.5,0.3,300,3021700,"S"
"ASM","14:00:42",10.45,0.25,200,3021400,"B"
"ASM","14:00:41",10.45,0.25,1000,3021200,"B"
"ASM","14:00:41",10.5,0.3,1000,3020200,"S"
"ASM","14:00:39",10.45,0.25,1000,3019200,"B"
"ASM","14:00:38",10.45,0.25,10000,3018200,"B"
"ASM","14:00:31",10.5,0.3,100,3008200,"S"
"ASM","14:00:29",10.5,0.3,400,3008100,"S"
"ASM","14:00:28",10.5,0.3,2000,3007700,"S"
"ASM","14:00:27",10.5,0.3,1000,3005700,"S"
"ASM","14:00:21",10.45,0.25,3000,3004700,"B"
"ASM","14:00:18",10.45,0.25,20000,3001700,"B"
"ASM","14:00:17",10.45,0.25,1000,2981700,"B"
"ASM","14:00:15",10.45,0.25,6000,2980700,"B"
"ASM","14:00:13",10.5,0.3,8000,2974700,"S"
"ASM","14:00:11",10.45,0.25,100,2966700,"B"
"ASM","14:00:07",10.45,0.25,10000,2966600,"B"
"ASM","13:59:52",10.45,0.25,1000,2956600,"B"
"ASM","13:59:50",10.5,0.3,5000,2955600,"S"
"ASM","13:59:50",10.45,0.25,20000,2950600,"B"
"ASM","13:59:49",10.5,0.3,2300,2930600,"S"
"ASM","13:59:48",10.5,0.3,9500,2928300,"S"
"ASM","13:59:48",10.45,0.25,100,2918800,"B"
"ASM","13:59:45",10.45,0.25,1200,2918700,"S"
"ASM","13:59:44",10.45,0.25,24100,2917500,"B"
"ASM","13:59:43",10.45,0.25,500,2893400,"B"
"ASM","13:59:42",10.45,0.25,2700,2892900,"B"
"ASM","13:59:42",10.5,0.3,700,2890200,"S"
"ASM","13:59:41",10.45,0.25,100,2889500,"B"
"ASM","13:59:40",10.5,0.3,10100,2889400,"S"
"ASM","13:59:37",10.45,0.25,10000,2859800,"S"
"ASM","13:59:36",10.45,0.25,100,2849800,"S"
"ASM","13:59:35",10.45,0.25,8200,2849700,"B"
"ASM","13:59:32",10.45,0.25,100,2841500,"B"
"ASM","13:59:31",10.45,0.25,1000,2841400,"B"
"ASM","13:59:29",10.45,0.25,47800,2840400,"B"
"ASM","13:59:28",10.45,0.25,2200,2792600,"B"
"ASM","13:59:28",10.5,0.3,1400,2790400,"S"
"ASM","13:59:27",10.45,0.25,11500,2789000,"B"
"ASM","13:59:23",10.45,0.25,3000,2777500,"B"
"ASM","13:59:19",10.45,0.25,100,2774500,"B"
"ASM","13:59:18",10.5,0.3,10000,2774400,"S"
"ASM","13:59:17",10.45,0.25,3100,2764400,"S"
"ASM","13:59:16",10.45,0.25,6900,2761300,"B"
"ASM","13:59:15",10.5,0.3,600,2754400,"S"
"ASM","13:59:15",10.45,0.25,23100,2753800,"S"
"ASM","13:59:11",10.45,0.25,8900,2730700,"S"
"ASM","13:59:11",10.45,0.25,500,2721800,"S"
"ASM","13:59:10",10.45,0.25,200,2721300,"S"
"ASM","13:59:07",10.45,0.25,4000,2721100,"S"
"ASM","13:59:03",10.45,0.25,5100,2717100,"B"
"ASM","13:58:57",10.45,0.25,100,2712000,"B"
"ASM","13:58:55",10.45,0.25,200,2711900,"S"
"ASM","13:58:55",10.45,0.25,900,2711700,"B"
"ASM","13:58:54",10.5,0.3,5600,2710800,"S"
"ASM","13:58:52",10.45,0.25,100,2705200,"B"
"ASM","13:58:51",10.45,0.25,100,2705100,"B"
"ASM","13:58:50",10.45,0.25,5000,2705000,"B"
"ASM","13:58:46",10.5,0.3,100,2700000,"S"
"ASM","13:58:44",10.45,0.25,1000,2699900,"B"
"ASM","13:58:43",10.45,0.25,100,2698900,"B"
"ASM","13:58:43",10.5,0.3,18700,2698800,"S"
"ASM","13:58:42",10.5,0.3,1700,2680100,"S"
"ASM","13:58:39",10.45,0.25,1000,2678400,"B"
"ASM","13:58:34",10.45,0.25,93700,2677400,"S"
"ASM","13:58:26",10.4,0.2,5000,2583700,"B"
"ASM","13:58:22",10.4,0.2,5000,2578700,"B"
"ASM","13:58:22",10.4,0.2,10000,2573700,"B"
"ASM","13:58:18",10.4,0.2,1900,2563700,"B"
"ASM","13:58:12",10.4,0.2,4200,2561800,"S"
"ASM","13:58:11",10.4,0.2,1000,2557600,"S"
"ASM","13:58:11",10.4,0.2,1200,2556600,"S"
"ASM","13:58:10",10.4,0.2,13000,2555400,"S"
"ASM","13:58:09",10.4,0.2,20700,2542400,"S"
"ASM","13:58:08",10.4,0.2,32800,2521700,"S"
"ASM","13:58:07",10.4,0.2,60200,2488900,"S"
"ASM","13:58:07",10.4,0.2,500,2428700,"S"
"ASM","13:58:05",10.4,0.2,5000,2428200,"S"
"ASM","13:58:04",10.4,0.2,3500,2423200,"S"
"ASM","13:58:03",10.4,0.2,1000,2419700,"S"
"ASM","13:58:02",10.4,0.2,3000,2418700,"S"
"ASM","13:58:01",10.4,0.2,2500,2415700,"S"
"ASM","13:58:00",10.4,0.2,2000,2413200,"S"
"ASM","13:57:59",10.4,0.2,500,2411200,"S"
"ASM","13:57:57",10.4,0.2,10600,2410700,"S"
"ASM","13:57:56",10.4,0.2,10300,2400100,"S"
"ASM","13:57:55",10.4,0.2,5000,2389800,"S"
"ASM","13:57:48",10.4,0.2,30900,2384800,"S"
"ASM","13:57:45",10.4,0.2,3000,2353900,"S"
"ASM","13:57:43",10.4,0.2,100,2350900,"S"
"ASM","13:57:40",10.4,0.2,7600,2350800,"S"
"ASM","13:57:35",10.4,0.2,1000,2343200,"S"
"ASM","13:57:31",10.4,0.2,1400,2342200,"S"
"ASM","13:57:27",10.4,0.2,10200,2340800,"S"
"ASM","13:57:26",10.4,0.2,2500,2330600,"S"
"ASM","13:57:24",10.4,0.2,7900,2328100,"S"
"ASM","13:57:22",10.4,0.2,100,2320200,"S"
"ASM","13:57:14",10.4,0.2,700,2320100,"S"
"ASM","13:57:14",10.35,0.15,900,2319400,"B"
"ASM","13:57:13",10.4,0.2,200,2318500,"S"
"ASM","13:57:11",10.35,0.15,200,2318300,"B"
"ASM","13:57:09",10.35,0.15,100,2318100,"B"
"ASM","13:57:05",10.35,0.15,15600,2318000,"S"
"ASM","13:57:02",10.35,0.15,4000,2302400,"S"
"ASM","13:56:59",10.35,0.15,37700,2298400,"S"
"ASM","13:56:58",10.35,0.15,800,2260700,"S"
"ASM","13:56:57",10.35,0.15,14200,2259900,"S"
"ASM","13:56:51",10.35,0.15,100,2245700,"S"
"ASM","13:56:51",10.35,0.15,100,2245600,"S"
"ASM","13:56:48",10.35,0.15,7100,2245500,"S"
"ASM","13:56:41",10.35,0.15,100,2238400,"S"
"ASM","13:56:40",10.3,0.1,5000,2238300,"B"
"ASM","13:56:38",10.3,0.1,500,2233300,"B"
"ASM","13:56:37",10.35,0.15,2000,2232800,"S"
"ASM","13:56:34",10.35,0.15,100,2230800,"S"
"ASM","13:56:33",10.3,0.1,2000,2230700,"B"
"ASM","13:56:28",10.3,0.1,100,2228700,"B"
"ASM","13:56:26",10.3,0.1,3200,2228600,"S"
"ASM","13:56:26",10.3,0.1,5000,2225400,"S"
"ASM","13:56:25",10.3,0.1,10000,2220400,"S"
"ASM","13:56:25",10.3,0.1,5000,2210400,"S"
"ASM","13:56:24",10.3,0.1,10000,2205400,"S"
"ASM","13:56:24",10.3,0.1,6000,2195400,"S"
"ASM","13:56:22",10.3,0.1,10000,2189400,"S"
"ASM","13:56:22",10.3,0.1,5000,2179400,"S"
"ASM","13:56:20",10.3,0.1,10000,2174400,"S"
"ASM","13:56:18",10.3,0.1,6000,2164400,"S"
"ASM","13:56:13",10.3,0.1,4000,2158400,"S"
"ASM","13:56:11",10.3,0.1,1000,2154400,"S"
"ASM","13:56:07",10.3,0.1,1000,2153400,"S"
"ASM","13:56:03",10.25,0.05,43100,2152400,"S"
"ASM","13:55:57",10.25,0.05,2000,2109300,"S"
"ASM","13:55:47",10.2,0,500,2107300,"B"
"ASM","13:55:47",10.25,0.05,65600,2106800,"S"
"ASM","13:55:43",10.2,0,7900,2041200,"S"
"ASM","13:55:42",10.2,0,16000,2033300,"S"
"ASM","13:55:41",10.2,0,1000,2017300,"S"
"ASM","13:55:40",10.2,0,2100,2016300,"S"
"ASM","13:55:39",10.2,0,5500,2014200,"S"
"ASM","13:55:38",10.2,0,100,2008700,"S"
"ASM","13:55:37",10.2,0,5000,2008600,"S"
"ASM","13:55:37",10.2,0,500,2003600,"S"
"ASM","13:55:36",10.2,0,5000,2003100,"S"
"ASM","13:55:35",10.2,0,6000,1998100,"S"
"ASM","13:55:35",10.2,0,1000,1992100,"S"
"ASM","13:55:31",10.2,0,7000,1991100,"S"
"ASM","13:55:30",10.2,0,200,1984100,"S"
"ASM","13:55:29",10.2,0,300,1983900,"S"
"ASM","13:55:28",10.2,0,30000,1983600,"S"
"ASM","13:55:27",10.2,0,2000,1953600,"S"
"ASM","13:55:25",10.2,0,500,1951600,"S"
"ASM","13:55:24",10.2,0,100,1951100,"S"
"ASM","13:55:19",10.2,0,2000,1951000,"S"
"ASM","13:55:17",10.2,0,10000,1949000,"S"
"ASM","13:55:16",10.2,0,3000,1939000,"S"
"ASM","13:55:16",10.2,0,10000,1936000,"S"
"ASM","13:55:15",10.2,0,5200,1926000,"S"
"ASM","13:55:13",10.2,0,200,1920800,"S"
"ASM","13:55:11",10.2,0,5000,1920600,"S"
"ASM","13:55:10",10.2,0,70600,1915600,"S"
"ASM","13:55:09",10.2,0,29400,1845000,"S"
"ASM","13:55:04",10.2,0,100,1815600,"S"
"ASM","13:55:00",10.2,0,4900,1815500,"S"
"ASM","13:54:52",10.2,0,100,1810600,"S"
"ASM","13:54:47",10.15,-0.05,200,1810500,"B"
"ASM","13:54:25",10.15,-0.05,6000,1810300,"B"
"ASM","13:54:13",10.15,-0.05,1500,1804300,"B"
"ASM","13:54:09",10.15,-0.05,300,1802800,"S"
"ASM","13:54:06",10.15,-0.05,3000,1802500,"S"
"ASM","13:54:04",10.15,-0.05,1000,1799500,"S"
"ASM","13:54:03",10.15,-0.05,100,1798500,"S"
"ASM","13:54:02",10.15,-0.05,1300,1798400,"S"
"ASM","13:54:01",10.15,-0.05,2000,1797100,"S"
"ASM","13:53:59",10.15,-0.05,5000,1795100,"S"
"ASM","13:53:58",10.15,-0.05,2000,1790100,"S"
"ASM","13:53:56",10.15,-0.05,1000,1788100,"S"
"ASM","13:53:54",10.15,-0.05,100,1787100,"S"
"ASM","13:53:53",10.15,-0.05,9900,1787000,"S"
"ASM","13:53:52",10.15,-0.05,10000,1777100,"S"
"ASM","13:53:51",10.15,-0.05,6000,1767100,"S"
"ASM","13:53:48",10.15,-0.05,4600,1761100,"S"
"ASM","13:53:47",10.15,-0.05,20000,1756500,"S"
"ASM","13:53:46",10.15,-0.05,1000,1736500,"S"
"ASM","13:53:44",10.15,-0.05,1000,1735500,"S"
"ASM","13:53:40",10.15,-0.05,5000,1734500,"S"
"ASM","13:53:40",10.15,-0.05,2000,1729500,"S"
"ASM","13:53:38",10.15,-0.05,7100,1727500,"S"
"ASM","13:53:36",10.15,-0.05,20000,1720400,"S"
"ASM","13:53:26",10.15,-0.05,50000,1700400,"S"
"ASM","13:53:16",10.15,-0.05,100,1650400,"S"
"ASM","13:53:14",10.15,-0.05,600,1650300,"S"
"ASM","13:53:13",10.15,-0.05,10000,1649700,"S"
"ASM","13:53:12",10.15,-0.05,100,1639700,"S"
"ASM","13:53:04",10.15,-0.05,600,1639600,"S"
"ASM","13:53:02",10.15,-0.05,400,1639000,"S"
"ASM","13:52:58",10.15,-0.05,200,1638600,"S"
"ASM","13:52:53",10.15,-0.05,3000,1638400,"S"
"ASM","13:52:37",10.15,-0.05,2000,1635400,"S"
"ASM","13:52:22",10.15,-0.05,100,1633400,"S"
"ASM","13:51:37",10.15,-0.05,1000,1633300,"S"
"ASM","13:51:34",10.15,-0.05,100,1632300,"S"
"ASM","13:50:51",10.1,-0.1,200,1632200,"B"
"ASM","13:50:11",10.1,-0.1,400,1632000,"B"
"ASM","13:49:56",10.1,-0.1,500,1631600,"B"
"ASM","13:49:49",10.1,-0.1,200,1631100,"B"
"ASM","13:49:28",10.1,-0.1,24700,1630900,"B"
"ASM","13:49:28",10.1,-0.1,15300,1606200,"B"
"ASM","13:48:25",10.1,-0.1,5000,1590900,"B"
"ASM","13:48:18",10.1,-0.1,400,1585900,"B"
"ASM","13:47:18",10.15,-0.05,200,1585500,"S"
"ASM","13:47:16",10.15,-0.05,4800,1585300,"S"
"ASM","13:46:57",10.15,-0.05,200,1580500,"S"
"ASM","13:45:53",10.1,-0.1,100,1580300,"B"
"ASM","13:45:46",10.1,-0.1,300,1580200,"B"
"ASM","13:45:34",10.1,-0.1,200,1579900,"B"
"ASM","13:44:59",10.1,-0.1,300,1579700,"S"
"ASM","13:44:56",10.1,-0.1,1000,1579400,"S"
"ASM","13:44:55",10.1,-0.1,1000,1578400,"S"
"ASM","13:44:36",10.1,-0.1,1000,1577400,"S"
"ASM","13:44:31",10.1,-0.1,1000,1576400,"S"
"ASM","13:44:25",10.1,-0.1,100,1575400,"S"
"ASM","13:44:14",10.1,-0.1,100,1575300,"S"
"ASM","13:44:11",10.1,-0.1,600,1575200,"S"
"ASM","13:43:59",10.1,-0.1,100,1574600,"S"
"ASM","13:43:39",10.1,-0.1,100,1574500,"S"
"ASM","13:43:31",10.1,-0.1,100,1574400,"S"
"ASM","13:43:16",10.1,-0.1,3000,1574300,"B"
"ASM","13:43:09",10.1,-0.1,4000,1571300,"B"
"ASM","13:42:52",10.1,-0.1,57800,1567300,"B"
"ASM","13:42:29",10.1,-0.1,200,1509500,"B"
"ASM","13:41:40",10.1,-0.1,100,1509300,"B"
"ASM","13:40:53",10.1,-0.1,100,1509200,"B"
"ASM","13:40:50",10.1,-0.1,100,1509100,"B"
"ASM","13:39:43",10.1,-0.1,500,1509000,"B"
"ASM","13:38:49",10.15,-0.05,100,1508500,"S"
"ASM","13:38:39",10.1,-0.1,1000,1508400,"B"
"ASM","13:37:47",10.1,-0.1,10000,1507400,"B"
"ASM","13:37:27",10.15,-0.05,200,1497400,"S"
"ASM","13:37:22",10.1,-0.1,50000,1497200,"B"
"ASM","13:35:36",10.15,-0.05,100,1447200,"S"
"ASM","13:35:12",10.15,-0.05,200,1447100,"S"
"ASM","13:32:34",10.15,-0.05,200,1446900,"S"
"ASM","13:32:33",10.1,-0.1,8000,1446700,"B"
"ASM","13:31:37",10.1,-0.1,2700,1438700,"B"
"ASM","13:30:43",10.1,-0.1,10900,1436000,"B"
"ASM","13:30:42",10.1,-0.1,9100,1425100,"B"
"ASM","13:30:30",10.1,-0.1,30000,1416000,"B"
"ASM","13:30:24",10.15,-0.05,200,1386000,"S"
"ASM","13:29:26",10.1,-0.1,300,1385800,"B"
"ASM","13:29:17",10.1,-0.1,3300,1385500,"S"
"ASM","13:29:16",10.1,-0.1,50000,1382200,"S"
"ASM","13:29:10",10.1,-0.1,600,1332200,"S"
"ASM","13:29:07",10.1,-0.1,9000,1331600,"S"
"ASM","13:29:06",10.1,-0.1,200,1322600,"S"
"ASM","13:28:59",10.1,-0.1,3000,1322400,"S"
"ASM","13:28:58",10.1,-0.1,200,1319400,"S"
"ASM","13:28:55",10.1,-0.1,100,1319200,"S"
"ASM","13:28:49",10.1,-0.1,400,1319100,"S"
"ASM","13:28:38",10.1,-0.1,100,1318700,"S"
"ASM","13:28:33",10.1,-0.1,1000,1318600,"S"
"ASM","13:28:27",10.1,-0.1,5000,1317600,"S"
"ASM","13:28:25",10.1,-0.1,100,1312600,"S"
"ASM","13:28:24",10.1,-0.1,400,1312500,"S"
"ASM","13:28:08",10.1,-0.1,100,1312100,"S"
"ASM","13:28:06",10.1,-0.1,100,1312000,"S"
"ASM","13:28:05",10.1,-0.1,1000,1311900,"S"
"ASM","13:28:00",10.1,-0.1,10000,1310900,"S"
"ASM","13:27:47",10.1,-0.1,100,1300900,"S"
"ASM","13:27:40",10.1,-0.1,9000,1300800,"S"
"ASM","13:27:36",10.1,-0.1,1100,1291800,"S"
"ASM","13:27:34",10.1,-0.1,1000,1290700,"S"
"ASM","13:27:31",10.1,-0.1,3000,1289700,"S"
"ASM","13:27:23",10.1,-0.1,500,1286700,"S"
"ASM","13:27:18",10.1,-0.1,200,1286200,"S"
"ASM","13:27:18",10.05,-0.15,4000,1286000,"B"
"ASM","13:27:09",10.1,-0.1,500,1282000,"S"
"ASM","13:27:05",10.1,-0.1,20000,1281500,"S"
"ASM","13:27:02",10.1,-0.1,100,1261500,"S"
"ASM","13:26:59",10.05,-0.15,7000,1261400,"B"
"ASM","13:26:52",10.1,-0.1,2000,1254400,"S"
"ASM","13:26:51",10.1,-0.1,44200,1252400,"B"
"ASM","13:26:26",10.1,-0.1,100000,1208200,"B"
"ASM","13:25:08",10.1,-0.1,8000,1108200,"B"
"ASM","13:25:03",10.15,-0.05,5000,1100200,"S"
"ASM","13:24:21",10.15,-0.05,400,1095200,"S"
"ASM","13:24:16",10.15,-0.05,1000,1094800,"S"
"ASM","13:24:08",10.15,-0.05,200,1093800,"S"
"ASM","13:24:03",10.15,-0.05,400,1093600,"S"
"ASM","13:24:02",10.15,-0.05,400,1093200,"S"
"ASM","13:24:00",10.15,-0.05,5400,1092800,"S"
"ASM","13:23:59",10.15,-0.05,400,1087400,"S"
"ASM","13:23:39",10.1,-0.1,100,1087000,"B"
"ASM","13:23:16",10.15,-0.05,1000,1086900,"S"
"ASM","13:23:06",10.15,-0.05,1000,1085900,"S"
"ASM","13:23:01",10.15,-0.05,200,1084900,"S"
"ASM","13:22:50",10.15,-0.05,35300,1084700,"S"
"ASM","13:22:31",10.1,-0.1,100,1049400,"B"
"ASM","13:22:05",10.1,-0.1,11000,1049300,"B"
"ASM","13:21:55",10.1,-0.1,1000,1038300,"B"
"ASM","13:21:17",10.1,-0.1,1000,1037300,"B"
"ASM","13:21:08",10.1,-0.1,1000,1036300,"B"
"ASM","13:20:33",10.1,-0.1,18700,1035300,"B"
"ASM","13:20:14",10.1,-0.1,100,1016600,"B"
"ASM","13:19:13",10.1,-0.1,1300,1016500,"B"
"ASM","13:19:10",10.15,-0.05,400,1015200,"S"
"ASM","13:19:07",10.1,-0.1,600,1014800,"B"
"ASM","13:18:54",10.1,-0.1,8600,1014200,"B"
"ASM","13:18:04",10.15,-0.05,300,1005600,"S"
"ASM","13:17:57",10.1,-0.1,1000,1005300,"B"
"ASM","13:16:50",10.1,-0.1,600,1004300,"B"
"ASM","13:16:08",10.15,-0.05,1000,1003700,"S"
"ASM","13:16:03",10.15,-0.05,5000,1002700,"S"
"ASM","13:15:48",10.1,-0.1,5100,997700,"B"
"ASM","13:15:17",10.15,-0.05,1000,992600,"S"
"ASM","13:14:58",10.15,-0.05,500,991600,"S"
"ASM","13:13:43",10.15,-0.05,200,991100,"S"
"ASM","13:12:15",10.15,-0.05,10000,990900,"S"
"ASM","13:11:58",10.15,-0.05,1000,980900,"S"
"ASM","13:11:18",10.15,-0.05,200,979900,"S"
"ASM","13:10:24",10.1,-0.1,100,979700,"B"
"ASM","13:09:52",10.1,-0.1,8000,979600,"B"
"ASM","13:09:46",10.15,-0.05,200,971600,"S"
"ASM","13:09:38",10.1,-0.1,3000,971400,"B"
"ASM","13:08:55",10.1,-0.1,1800,968400,"B"
"ASM","13:08:41",10.1,-0.1,800,966600,"B"
"ASM","13:07:29",10.1,-0.1,1000,965800,"B"
"ASM","13:04:51",10.1,-0.1,18000,964800,"B"
"ASM","13:04:44",10.15,-0.05,1300,946800,"S"
"ASM","13:02:46",10.15,-0.05,1200,945500,"S"
"ASM","13:02:36",10.1,-0.1,500,944300,"B"
"ASM","13:01:54",10.1,-0.1,1000,943800,"B"
"ASM","13:01:30",10.15,-0.05,400,942800,"S"
"ASM","13:01:20",10.1,-0.1,8900,942400,"B"
"ASM","13:01:11",10.15,-0.05,5000,933500,"S"
"ASM","13:01:07",10.15,-0.05,800,928500,"S"
"ASM","13:00:55",10.15,-0.05,100,927700,"S"
"ASM","13:00:51",10.15,-0.05,400,927600,"S"
"ASM","13:00:34",10.15,-0.05,500,927200,"S"
"ASM","13:00:22",10.15,-0.05,500,926700,"S"
"ASM","13:00:17",10.15,-0.05,35000,926200,"S"
"ASM","13:00:14",10.15,-0.05,10000,891200,"S"
"ASM","13:00:09",10.15,-0.05,1000,881200,"S"
"ASM","13:00:06",10.15,-0.05,2600,880200,"S"
"ASM","13:00:05",10.1,-0.1,500,877600,"B"
"ASM","13:00:04",10.15,-0.05,500,877100,"S"
"ASM","13:00:03",10.15,-0.05,5300,876600,"S"
"ASM","13:00:01",10.15,-0.05,500,871300,"S"
"ASM","13:00:00",10.15,-0.05,1000,870800,"S"
"ASM","13:00:00",10.1,-0.1,13500,869800,"B"
"ASM","13:00:00",10.15,-0.05,15000,856300,"S"
"ASM","13:00:00",10.15,-0.05,100,841300,"S"
"ASM","11:29:53",10.15,-0.05,400,841200,"S"
"ASM","11:29:51",10.1,-0.1,100,840800,"B"
"ASM","11:29:25",10.15,-0.05,400,840700,"S"
"ASM","11:28:57",10.1,-0.1,5000,840300,"B"
"ASM","11:28:44",10.15,-0.05,400,835300,"S"
"ASM","11:27:50",10.1,-0.1,10000,834900,"B"
"ASM","11:27:02",10.1,-0.1,10000,824900,"B"
"ASM","11:26:58",10.15,-0.05,400,814900,"S"
"ASM","11:26:11",10.15,-0.05,400,814500,"S"
"ASM","11:24:53",10.15,-0.05,400,814100,"S"
"ASM","11:23:34",10.1,-0.1,200,813700,"B"
"ASM","11:23:20",10.15,-0.05,400,813500,"S"
"ASM","11:22:43",10.15,-0.05,400,813100,"S"
"ASM","11:21:19",10.15,-0.05,400,812700,"S"
"ASM","11:20:19",10.15,-0.05,400,812300,"S"
"ASM","11:19:44",10.15,-0.05,400,811900,"S"
"ASM","11:17:19",10.1,-0.1,150000,811500,"B"
"ASM","11:17:09",10.15,-0.05,400,661500,"S"
"ASM","11:14:28",10.15,-0.05,300,661100,"S"
"ASM","11:14:01",10.15,-0.05,400,660800,"S"
"ASM","11:13:51",10.1,-0.1,200,660400,"B"
"ASM","11:13:35",10.1,-0.1,200,660200,"B"
"ASM","11:12:00",10.1,-0.1,100,660000,"B"
"ASM","11:10:48",10.1,-0.1,300,659900,"B"
"ASM","11:08:58",10.1,-0.1,500,659600,"B"
"ASM","11:08:37",10.1,-0.1,1000,659100,"B"
"ASM","11:07:57",10.1,-0.1,6200,658100,"B"
"ASM","11:07:57",10.1,-0.1,13800,651900,"B"
"ASM","11:07:39",10.1,-0.1,10800,638100,"B"
"ASM","11:06:24",10.1,-0.1,10000,627300,"B"
"ASM","11:05:32",10.1,-0.1,5000,617300,"B"
"ASM","11:05:22",10.1,-0.1,5000,612300,"B"
"ASM","11:05:09",10.15,-0.05,2000,607300,"S"
"ASM","11:05:06",10.15,-0.05,100,605300,"S"
"ASM","11:04:17",10.15,-0.05,4000,605200,"S"
"ASM","11:01:26",10.15,-0.05,400,601200,"S"
"ASM","10:58:27",10.1,-0.1,500,600800,"B"
"ASM","10:58:18",10.15,-0.05,700,600300,"S"
"ASM","10:55:23",10.15,-0.05,800,599600,"S"
"ASM","10:55:00",10.15,-0.05,400,598800,"S"
"ASM","10:53:13",10.15,-0.05,2500,598400,"S"
"ASM","10:52:49",10.15,-0.05,15000,595900,"S"
"ASM","10:52:29",10.15,-0.05,100,580900,"S"
"ASM","10:52:03",10.15,-0.05,500,580800,"S"
"ASM","10:46:52",10.15,-0.05,10000,580300,"S"
"ASM","10:45:58",10.15,-0.05,100,570300,"S"
"ASM","10:45:38",10.15,-0.05,6500,570200,"B"
"ASM","10:45:07",10.15,-0.05,1500,563700,"B"
"ASM","10:44:07",10.15,-0.05,1200,562200,"S"
"ASM","10:43:49",10.15,-0.05,300,561000,"S"
"ASM","10:42:53",10.15,-0.05,2000,560700,"S"
"ASM","10:42:05",10.15,-0.05,47300,558700,"B"
"ASM","10:40:11",10.15,-0.05,1000,511400,"B"
"ASM","10:39:37",10.15,-0.05,2100,510400,"B"
"ASM","10:37:55",10.15,-0.05,100,508300,"B"
"ASM","10:36:08",10.15,-0.05,7000,508200,"B"
"ASM","10:35:11",10.15,-0.05,1000,501200,"B"
"ASM","10:30:40",10.2,0,1000,500200,"S"
"ASM","10:27:36",10.15,-0.05,200,499200,"B"
"ASM","10:27:31",10.15,-0.05,500,499000,"B"
"ASM","10:27:21",10.15,-0.05,1200,498500,"B"
"ASM","10:26:28",10.15,-0.05,1000,497300,"B"
"ASM","10:25:33",10.15,-0.05,2800,496300,"B"
"ASM","10:24:53",10.15,-0.05,100,493500,"B"
"ASM","10:24:26",10.15,-0.05,100,493400,"B"
"ASM","10:23:50",10.15,-0.05,1000,493300,"B"
"ASM","10:23:29",10.15,-0.05,1200,492300,"B"
"ASM","10:23:14",10.15,-0.05,500,491100,"B"
"ASM","10:22:58",10.15,-0.05,8200,490600,"S"
"ASM","10:22:54",10.15,-0.05,900,482400,"S"
"ASM","10:22:43",10.15,-0.05,10900,481500,"B"
"ASM","10:21:33",10.15,-0.05,200,470600,"B"
"ASM","10:21:30",10.15,-0.05,5000,470400,"B"
"ASM","10:21:07",10.15,-0.05,11000,465400,"B"
"ASM","10:18:58",10.15,-0.05,6000,454400,"B"
"ASM","10:17:48",10.15,-0.05,10000,448400,"B"
"ASM","10:17:08",10.15,-0.05,55400,438400,"S"
"ASM","10:17:03",10.15,-0.05,100,383000,"S"
"ASM","10:16:57",10.15,-0.05,100,382900,"S"
"ASM","10:16:37",10.15,-0.05,100,382800,"S"
"ASM","10:16:36",10.15,-0.05,100,382700,"S"
"ASM","10:16:10",10.15,-0.05,100,382600,"S"
"ASM","10:14:23",10.15,-0.05,10000,382500,"S"
"ASM","10:14:04",10.1,-0.1,100,372500,"B"
"ASM","10:13:35",10.15,-0.05,800,372400,"S"
"ASM","10:12:54",10.1,-0.1,1000,371600,"B"
"ASM","10:12:38",10.1,-0.1,2000,370600,"B"
"ASM","10:11:22",10.15,-0.05,500,368600,"S"
"ASM","10:11:05",10.15,-0.05,900,368100,"S"
"ASM","10:10:40",10.1,-0.1,4000,367200,"B"
"ASM","10:08:26",10.15,-0.05,400,363200,"S"
"ASM","10:07:06",10.15,-0.05,2000,362800,"S"
"ASM","10:06:21",10.15,-0.05,100,360800,"S"
"ASM","10:05:42",10.15,-0.05,100,360700,"S"
"ASM","10:04:52",10.15,-0.05,500,360600,"S"
"ASM","10:04:31",10.15,-0.05,5000,360100,"S"
"ASM","10:04:16",10.15,-0.05,500,355100,"S"
"ASM","10:03:52",10.15,-0.05,200,354600,"S"
"ASM","10:03:49",10.15,-0.05,100,354400,"S"
"ASM","10:03:43",10.15,-0.05,6900,354300,"B"
"ASM","10:03:42",10.2,0,1500,347400,"S"
"ASM","10:01:36",10.2,0,2000,345900,"S"
"ASM","10:01:29",10.15,-0.05,1000,343900,"B"
"ASM","10:00:58",10.15,-0.05,1000,342900,"B"
"ASM","10:00:26",10.15,-0.05,4100,341900,"B"
"ASM","10:00:05",10.15,-0.05,1000,337800,"B"
"ASM","09:59:16",10.2,0,100,336800,"S"
"ASM","09:59:09",10.15,-0.05,50000,336700,"B"
"ASM","09:58:40",10.2,0,100,286700,"S"
"ASM","09:52:14",10.15,-0.05,100,286600,"S"
"ASM","09:52:10",10.15,-0.05,500,286500,"B"
"ASM","09:51:23",10.15,-0.05,500,286000,"S"
"ASM","09:51:20",10.15,-0.05,300,285500,"S"
"ASM","09:51:01",10.15,-0.05,9200,285200,"B"
"ASM","09:48:19",10.15,-0.05,30800,276000,"S"
"ASM","09:48:06",10.1,-0.1,7500,245200,"B"
"ASM","09:46:11",10.1,-0.1,400,237700,"B"
"ASM","09:44:09",10.1,-0.1,3900,237300,"B"
"ASM","09:43:57",10.15,-0.05,500,233400,"B"
"ASM","09:43:55",10.15,-0.05,500,232900,"S"
"ASM","09:43:41",10.1,-0.1,300,232400,"B"
"ASM","09:43:38",10.15,-0.05,100,232100,"B"
"ASM","09:43:28",10.15,-0.05,200,232000,"B"
"ASM","09:43:07",10.1,-0.1,51300,231800,"B"
"ASM","09:43:07",10.15,-0.05,6400,180500,"B"
"ASM","09:43:07",10.15,-0.05,42300,174100,"B"
"ASM","09:42:58",10.15,-0.05,3000,131800,"B"
"ASM","09:42:40",10.15,-0.05,700,128800,"B"
"ASM","09:41:41",10.15,-0.05,1000,128100,"B"
"ASM","09:40:56",10.15,-0.05,3000,127100,"B"
"ASM","09:40:22",10.15,-0.05,5000,124100,"B"
"ASM","09:40:15",10.15,-0.05,3000,119100,"B"
"ASM","09:40:14",10.15,-0.05,3000,116100,"B"
"ASM","09:40:10",10.15,-0.05,3000,113100,"B"
"ASM","09:39:51",10.15,-0.05,100,110100,"B"
"ASM","09:39:06",10.15,-0.05,5000,110000,"B"
"ASM","09:37:51",10.15,-0.05,1000,105000,"B"
"ASM","09:37:35",10.15,-0.05,10000,104000,"B"
"ASM","09:37:11",10.15,-0.05,100,94000,"B"
"ASM","09:37:04",10.15,-0.05,200,93900,"B"
"ASM","09:37:02",10.15,-0.05,6900,93700,"B"
"ASM","09:34:18",10.2,0,500,86800,"S"
"ASM","09:33:09",10.2,0,500,86300,"S"
"ASM","09:32:20",10.2,0,1000,85800,"S"
"ASM","09:31:28",10.2,0,5000,84800,"S"
"ASM","09:29:38",10.2,0,100,79800,"S"
"ASM","09:29:16",10.2,0,14700,79700,"S"
"ASM","09:29:14",10.15,-0.05,1000,65000,"B"
"ASM","09:28:51",10.2,0,100,64000,"S"
"ASM","09:28:32",10.2,0,100,63900,"S"
"ASM","09:26:37",10.15,-0.05,5000,63800,"B"
"ASM","09:26:06",10.2,0,200,58800,"S"
"ASM","09:24:48",10.2,0,800,58600,"S"
"ASM","09:24:39",10.2,0,1000,57800,"S"
"ASM","09:22:28",10.15,-0.05,3000,56800,"B"
"ASM","09:20:33",10.15,-0.05,500,53800,"B"
"ASM","09:19:49",10.15,-0.05,5000,53300,"B"
"ASM","09:19:27",10.15,-0.05,10000,48300,"B"
"ASM","09:19:26",10.15,-0.05,5000,38300,"B"
"ASM","09:18:57",10.2,0,1700,33300,"S"
"ASM","09:18:01",10.2,0,1000,31600,"S"
"ASM","09:17:05",10.2,0,2800,30600,"S"
"ASM","09:16:58",10.2,0,1000,27800,"S"
"ASM","09:16:52",10.2,0,100,26800,"S"
"ASM","09:16:38",10.2,0,100,26700,"B"
"ASM","09:16:28",10.2,0,800,26600,"S"
"ASM","09:16:19",10.2,0,200,25800,"B"
"ASM","09:15:20",10.2,0,18700,25600,"S"
"ASM","09:15:00",10.2,0,6900,6900,
