"symbol","time","price","change","vol","total","side"
"NVL","14:45:01",16.7,-0.1,843800,11521900,
"NVL","14:29:58",16.7,-0.1,35000,10678100,"B"
"NVL","14:29:57",16.75,-0.05,200,10643100,"S"
"NVL","14:29:57",16.7,-0.1,6300,10642900,"B"
"NVL","14:29:57",16.75,-0.05,23000,10636600,"S"
"NVL","14:29:56",16.7,-0.1,5000,10613600,"B"
"NVL","14:29:55",16.75,-0.05,500,10608600,"S"
"NVL","14:29:53",16.7,-0.1,1000,10608100,"B"
"NVL","14:29:52",16.7,-0.1,2800,10607100,"B"
"NVL","14:29:50",16.75,-0.05,600,10604300,"S"
"NVL","14:29:50",16.7,-0.1,1000,10603700,"B"
"NVL","14:29:49",16.7,-0.1,10000,10602700,"B"
"NVL","14:29:48",16.7,-0.1,30000,10592700,"B"
"NVL","14:29:47",16.7,-0.1,2500,10562700,"B"
"NVL","14:29:46",16.75,-0.05,1000,10560200,"S"
"NVL","14:29:44",16.7,-0.1,9600,10559200,"B"
"NVL","14:29:41",16.7,-0.1,52100,10549600,"B"
"NVL","14:29:40",16.7,-0.1,11900,10497500,"B"
"NVL","14:29:40",16.75,-0.05,3300,10485600,"S"
"NVL","14:29:40",16.7,-0.1,9000,10482300,"B"
"NVL","14:29:37",16.75,-0.05,100,10473300,"S"
"NVL","14:29:37",16.7,-0.1,150000,10473200,"B"
"NVL","14:29:36",16.75,-0.05,100,10323200,"S"
"NVL","14:29:36",16.7,-0.1,3000,10323100,"B"
"NVL","14:29:35",16.7,-0.1,19000,10320100,"B"
"NVL","14:29:35",16.75,-0.05,20000,10301100,"S"
"NVL","14:29:34",16.7,-0.1,50000,10281100,"B"
"NVL","14:29:34",16.75,-0.05,1800,10231100,"S"
"NVL","14:29:33",16.75,-0.05,700,10229300,"S"
"NVL","14:29:32",16.75,-0.05,2100,10228600,"S"
"NVL","14:29:31",16.75,-0.05,5200,10226500,"S"
"NVL","14:29:30",16.75,-0.05,300,10221300,"S"
"NVL","14:29:26",16.75,-0.05,1100,10221000,"S"
"NVL","14:29:25",16.75,-0.05,200,10219900,"S"
"NVL","14:29:24",16.75,-0.05,20000,10219700,"S"
"NVL","14:29:24",16.7,-0.1,800,10199700,"B"
"NVL","14:29:24",16.75,-0.05,500,10198900,"S"
"NVL","14:29:23",16.75,-0.05,300,10198400,"S"
"NVL","14:29:21",16.75,-0.05,100,10198100,"S"
"NVL","14:29:21",16.75,-0.05,10000,10198000,"S"
"NVL","14:29:20",16.75,-0.05,100,10188000,"S"
"NVL","14:29:19",16.75,-0.05,20000,10187900,"S"
"NVL","14:29:17",16.75,-0.05,2800,10167900,"S"
"NVL","14:29:16",16.75,-0.05,10000,10165100,"S"
"NVL","14:29:15",16.75,-0.05,200,10155100,"S"
"NVL","14:29:14",16.75,-0.05,300,10154900,"S"
"NVL","14:29:13",16.75,-0.05,2000,10154600,"S"
"NVL","14:29:12",16.75,-0.05,1400,10152600,"S"
"NVL","14:29:11",16.75,-0.05,100,10151200,"S"
"NVL","14:29:11",16.75,-0.05,5000,10151100,"S"
"NVL","14:29:09",16.75,-0.05,2600,10146100,"S"
"NVL","14:29:07",16.75,-0.05,300,10143500,"S"
"NVL","14:29:05",16.75,-0.05,500,10143200,"S"
"NVL","14:29:05",16.7,-0.1,5000,10142700,"B"
"NVL","14:29:05",16.75,-0.05,5100,10137700,"S"
"NVL","14:29:04",16.75,-0.05,200,10132600,"S"
"NVL","14:29:03",16.75,-0.05,600,10132400,"S"
"NVL","14:29:02",16.75,-0.05,1500,10131800,"B"
"NVL","14:29:01",16.75,-0.05,500,10130300,"S"
"NVL","14:28:59",16.75,-0.05,200,10129800,"S"
"NVL","14:28:59",16.75,-0.05,500,10129600,"S"
"NVL","14:28:58",16.7,-0.1,87300,10129100,"B"
"NVL","14:28:58",16.75,-0.05,12700,10041800,"B"
"NVL","14:28:56",16.75,-0.05,6300,10029100,"S"
"NVL","14:28:55",16.75,-0.05,10000,10022800,"S"
"NVL","14:28:55",16.75,-0.05,9000,10012800,"S"
"NVL","14:28:54",16.75,-0.05,100,10003800,"S"
"NVL","14:28:53",16.75,-0.05,30100,10003700,"S"
"NVL","14:28:50",16.75,-0.05,500,9973600,"S"
"NVL","14:28:49",16.75,-0.05,1000,9973100,"S"
"NVL","14:28:49",16.75,-0.05,100,9972100,"S"
"NVL","14:28:48",16.75,-0.05,1200,9972000,"S"
"NVL","14:28:48",16.75,-0.05,600,9970800,"S"
"NVL","14:28:47",16.75,-0.05,2000,9970200,"S"
"NVL","14:28:47",16.75,-0.05,102200,9968200,"S"
"NVL","14:28:46",16.7,-0.1,3900,9866000,"B"
"NVL","14:28:46",16.75,-0.05,1000,9862100,"S"
"NVL","14:28:45",16.75,-0.05,1500,9861100,"S"
"NVL","14:28:43",16.75,-0.05,600,9859600,"S"
"NVL","14:28:41",16.75,-0.05,400,9859000,"S"
"NVL","14:28:40",16.75,-0.05,200,9858600,"S"
"NVL","14:28:39",16.75,-0.05,100,9858400,"S"
"NVL","14:28:39",16.75,-0.05,500,9858300,"S"
"NVL","14:28:37",16.75,-0.05,3300,9857800,"S"
"NVL","14:28:37",16.75,-0.05,1000,9854500,"S"
"NVL","14:28:35",16.75,-0.05,9000,9853500,"S"
"NVL","14:28:34",16.75,-0.05,5000,9844500,"S"
"NVL","14:28:34",16.75,-0.05,500,9839500,"S"
"NVL","14:28:33",16.75,-0.05,500,9839000,"S"
"NVL","14:28:33",16.75,-0.05,200,9838500,"S"
"NVL","14:28:32",16.75,-0.05,300,9838300,"S"
"NVL","14:28:30",16.75,-0.05,200,9838000,"S"
"NVL","14:28:27",16.75,-0.05,1200,9837800,"S"
"NVL","14:28:27",16.75,-0.05,1000,9836600,"S"
"NVL","14:28:26",16.75,-0.05,100,9835600,"S"
"NVL","14:28:25",16.75,-0.05,1000,9835500,"S"
"NVL","14:28:23",16.75,-0.05,1000,9834500,"S"
"NVL","14:28:19",16.7,-0.1,3200,9833500,"B"
"NVL","14:28:16",16.75,-0.05,100,9830300,"S"
"NVL","14:28:15",16.75,-0.05,300,9830200,"S"
"NVL","14:28:15",16.75,-0.05,10000,9829900,"S"
"NVL","14:28:14",16.75,-0.05,500,9819900,"S"
"NVL","14:28:13",16.7,-0.1,1400,9819400,"B"
"NVL","14:28:13",16.75,-0.05,100,9818000,"S"
"NVL","14:28:12",16.75,-0.05,1000,9817900,"S"
"NVL","14:28:12",16.7,-0.1,1500,9816900,"B"
"NVL","14:28:11",16.75,-0.05,100,9815400,"S"
"NVL","14:28:11",16.7,-0.1,8500,9815300,"B"
"NVL","14:28:10",16.75,-0.05,400,9806800,"S"
"NVL","14:28:09",16.75,-0.05,500,9806400,"S"
"NVL","14:28:04",16.75,-0.05,4500,9805900,"S"
"NVL","14:28:03",16.75,-0.05,10000,9801400,"B"
"NVL","14:28:01",16.75,-0.05,800,9791400,"B"
"NVL","14:28:01",16.8,0,300,9790600,"S"
"NVL","14:28:01",16.75,-0.05,171000,9790300,"B"
"NVL","14:28:00",16.75,-0.05,12800,9619300,"B"
"NVL","14:27:59",16.75,-0.05,2200,9606500,"B"
"NVL","14:27:58",16.75,-0.05,5000,9604300,"B"
"NVL","14:27:55",16.75,-0.05,20200,9599300,"B"
"NVL","14:27:55",16.8,0,6000,9579100,"S"
"NVL","14:27:54",16.75,-0.05,1000,9573100,"B"
"NVL","14:27:53",16.75,-0.05,2000,9572100,"B"
"NVL","14:27:51",16.75,-0.05,100000,9570100,"B"
"NVL","14:27:50",16.75,-0.05,3000,9470100,"B"
"NVL","14:27:49",16.75,-0.05,300,9467100,"B"
"NVL","14:27:47",16.75,-0.05,100,9466800,"B"
"NVL","14:27:44",16.75,-0.05,200,9466700,"B"
"NVL","14:27:43",16.75,-0.05,50000,9466500,"B"
"NVL","14:27:42",16.8,0,100,9416500,"S"
"NVL","14:27:36",16.75,-0.05,1000,9416400,"B"
"NVL","14:27:35",16.75,-0.05,1000,9415400,"B"
"NVL","14:27:34",16.8,0,200,9414400,"S"
"NVL","14:27:33",16.75,-0.05,400,9414200,"B"
"NVL","14:27:31",16.8,0,400,9413800,"S"
"NVL","14:27:29",16.75,-0.05,11200,9413400,"B"
"NVL","14:27:28",16.75,-0.05,18400,9402200,"B"
"NVL","14:27:27",16.75,-0.05,1000,9383800,"B"
"NVL","14:27:23",16.75,-0.05,3000,9382800,"B"
"NVL","14:27:22",16.75,-0.05,6500,9379800,"B"
"NVL","14:27:21",16.75,-0.05,9900,9373300,"B"
"NVL","14:27:19",16.8,0,500,9363400,"S"
"NVL","14:27:16",16.8,0,5000,9362900,"S"
"NVL","14:27:14",16.8,0,100,9357900,"S"
"NVL","14:27:11",16.75,-0.05,20000,9357800,"B"
"NVL","14:27:10",16.75,-0.05,200,9337800,"B"
"NVL","14:26:56",16.8,0,500,9337600,"S"
"NVL","14:26:51",16.75,-0.05,1000,9337100,"B"
"NVL","14:26:50",16.75,-0.05,1000,9336100,"B"
"NVL","14:26:49",16.75,-0.05,1500,9335100,"B"
"NVL","14:26:47",16.75,-0.05,100,9333600,"B"
"NVL","14:26:44",16.75,-0.05,200,9333500,"B"
"NVL","14:26:42",16.8,0,200,9333300,"S"
"NVL","14:26:42",16.75,-0.05,1200,9333100,"B"
"NVL","14:26:40",16.75,-0.05,1500,9331900,"B"
"NVL","14:26:36",16.8,0,1000,9330400,"S"
"NVL","14:26:31",16.75,-0.05,300,9329400,"B"
"NVL","14:26:28",16.8,0,800,9329100,"S"
"NVL","14:26:26",16.8,0,2000,9328300,"S"
"NVL","14:26:23",16.75,-0.05,1000,9326300,"B"
"NVL","14:26:08",16.8,0,200,9325300,"S"
"NVL","14:26:06",16.8,0,300,9325100,"S"
"NVL","14:26:03",16.8,0,100,9324800,"S"
"NVL","14:26:00",16.8,0,200,9324700,"S"
"NVL","14:25:59",16.8,0,200,9324500,"S"
"NVL","14:25:53",16.75,-0.05,100,9324300,"B"
"NVL","14:25:52",16.75,-0.05,4000,9324200,"B"
"NVL","14:25:49",16.8,0,100,9320200,"S"
"NVL","14:25:41",16.8,0,300,9320100,"S"
"NVL","14:25:40",16.8,0,1000,9319800,"S"
"NVL","14:25:30",16.8,0,200,9318800,"S"
"NVL","14:25:27",16.75,-0.05,700,9318600,"B"
"NVL","14:25:26",16.8,0,500,9317900,"S"
"NVL","14:25:25",16.8,0,100,9317400,"S"
"NVL","14:25:23",16.75,-0.05,1000,9317300,"B"
"NVL","14:25:22",16.8,0,2000,9316300,"S"
"NVL","14:25:12",16.8,0,100,9314300,"S"
"NVL","14:25:10",16.75,-0.05,100,9314200,"B"
"NVL","14:25:10",16.75,-0.05,1300,9314100,"B"
"NVL","14:25:08",16.8,0,100,9312800,"S"
"NVL","14:25:02",16.8,0,2000,9312700,"S"
"NVL","14:24:55",16.8,0,2000,9310700,"S"
"NVL","14:24:53",16.8,0,8600,9308700,"S"
"NVL","14:24:49",16.75,-0.05,1000,9300100,"B"
"NVL","14:24:41",16.8,0,100,9299100,"S"
"NVL","14:24:36",16.8,0,5000,9299000,"S"
"NVL","14:24:27",16.8,0,100,9294000,"S"
"NVL","14:24:21",16.8,0,500,9293900,"S"
"NVL","14:24:20",16.8,0,300,9293400,"S"
"NVL","14:24:16",16.75,-0.05,600,9293100,"B"
"NVL","14:24:13",16.75,-0.05,300,9292500,"B"
"NVL","14:23:53",16.75,-0.05,4800,9292200,"B"
"NVL","14:23:53",16.8,0,100,9287400,"S"
"NVL","14:23:43",16.75,-0.05,1100,9287300,"B"
"NVL","14:23:41",16.8,0,100,9286200,"S"
"NVL","14:23:41",16.75,-0.05,6000,9286100,"B"
"NVL","14:23:30",16.75,-0.05,2300,9280100,"B"
"NVL","14:23:29",16.75,-0.05,1000,9277800,"B"
"NVL","14:23:27",16.8,0,500,9276800,"S"
"NVL","14:23:26",16.75,-0.05,5000,9276300,"B"
"NVL","14:23:21",16.75,-0.05,600,9271300,"B"
"NVL","14:23:20",16.75,-0.05,100,9270700,"B"
"NVL","14:23:19",16.75,-0.05,4000,9270600,"B"
"NVL","14:23:14",16.75,-0.05,10000,9266600,"B"
"NVL","14:23:13",16.75,-0.05,1000,9256600,"B"
"NVL","14:23:12",16.75,-0.05,1000,9255600,"B"
"NVL","14:23:11",16.8,0,1000,9254600,"S"
"NVL","14:23:04",16.75,-0.05,100,9253600,"B"
"NVL","14:22:56",16.75,-0.05,19400,9253500,"B"
"NVL","14:22:54",16.8,0,200,9234100,"S"
"NVL","14:22:53",16.75,-0.05,3500,9233900,"B"
"NVL","14:22:52",16.75,-0.05,46500,9230400,"B"
"NVL","14:22:51",16.75,-0.05,1500,9183900,"B"
"NVL","14:22:49",16.75,-0.05,1000,9182400,"B"
"NVL","14:22:33",16.75,-0.05,400,9181400,"B"
"NVL","14:22:31",16.75,-0.05,31700,9181000,"B"
"NVL","14:22:31",16.8,0,800,9149300,"S"
"NVL","14:22:24",16.8,0,600,9148500,"S"
"NVL","14:22:21",16.75,-0.05,500,9147900,"B"
"NVL","14:22:18",16.8,0,2000,9147400,"S"
"NVL","14:22:18",16.75,-0.05,500,9145400,"B"
"NVL","14:22:14",16.8,0,600,9144900,"S"
"NVL","14:22:10",16.75,-0.05,1000,9144300,"B"
"NVL","14:22:09",16.8,0,10000,9143300,"S"
"NVL","14:22:07",16.8,0,600,9133300,"S"
"NVL","14:22:04",16.75,-0.05,5200,9132700,"B"
"NVL","14:22:02",16.75,-0.05,100,9127500,"B"
"NVL","14:21:59",16.75,-0.05,1800,9127400,"B"
"NVL","14:21:58",16.8,0,200,9125600,"S"
"NVL","14:21:51",16.8,0,500,9125400,"S"
"NVL","14:21:50",16.8,0,1000,9124900,"S"
"NVL","14:21:45",16.8,0,500,9123900,"S"
"NVL","14:21:41",16.8,0,600,9123400,"S"
"NVL","14:21:40",16.8,0,300,9122800,"S"
"NVL","14:21:39",16.8,0,100,9122500,"S"
"NVL","14:21:36",16.8,0,1000,9122400,"S"
"NVL","14:21:31",16.8,0,900,9121400,"S"
"NVL","14:21:28",16.8,0,300,9120500,"S"
"NVL","14:21:20",16.8,0,200,9120200,"S"
"NVL","14:21:19",16.8,0,1300,9120000,"S"
"NVL","14:21:14",16.75,-0.05,100,9118700,"B"
"NVL","14:21:12",16.8,0,100,9118600,"S"
"NVL","14:21:07",16.75,-0.05,900,9118500,"B"
"NVL","14:21:02",16.8,0,12200,9117600,"B"
"NVL","14:21:00",16.8,0,91500,9105400,"B"
"NVL","14:20:59",16.8,0,1800,9013900,"B"
"NVL","14:20:57",16.8,0,5000,9012100,"B"
"NVL","14:20:54",16.8,0,1000,9007100,"B"
"NVL","14:20:51",16.8,0,500000,9006100,"B"
"NVL","14:20:38",16.8,0,300,8506100,"B"
"NVL","14:20:24",16.8,0,1500,8505800,"B"
"NVL","14:20:23",16.8,0,2000,8504300,"B"
"NVL","14:20:19",16.8,0,6700,8502300,"B"
"NVL","14:20:17",16.8,0,10000,8495600,"B"
"NVL","14:20:14",16.85,0.05,100,8485600,"S"
"NVL","14:20:08",16.85,0.05,500,8485500,"S"
"NVL","14:19:56",16.85,0.05,300,8485000,"S"
"NVL","14:19:51",16.85,0.05,2000,8484700,"S"
"NVL","14:19:47",16.85,0.05,200,8482700,"S"
"NVL","14:19:46",16.8,0,100,8482500,"B"
"NVL","14:19:44",16.8,0,1500,8482400,"B"
"NVL","14:19:38",16.8,0,100,8480900,"B"
"NVL","14:19:36",16.8,0,8000,8480800,"B"
"NVL","14:19:30",16.8,0,400,8472800,"B"
"NVL","14:19:29",16.85,0.05,100,8472400,"S"
"NVL","14:19:22",16.85,0.05,10000,8472300,"S"
"NVL","14:19:08",16.85,0.05,1000,8462300,"S"
"NVL","14:19:01",16.85,0.05,1000,8461300,"S"
"NVL","14:18:57",16.85,0.05,1000,8460300,"S"
"NVL","14:18:57",16.8,0,100,8459300,"B"
"NVL","14:18:56",16.8,0,12000,8459200,"B"
"NVL","14:18:54",16.85,0.05,1000,8447200,"S"
"NVL","14:18:53",16.8,0,10000,8446200,"B"
"NVL","14:18:51",16.8,0,2000,8436200,"B"
"NVL","14:18:49",16.85,0.05,300,8434200,"S"
"NVL","14:18:48",16.8,0,200,8433900,"B"
"NVL","14:18:44",16.8,0,900,8433700,"B"
"NVL","14:18:42",16.8,0,3000,8432800,"B"
"NVL","14:18:40",16.8,0,400,8429800,"B"
"NVL","14:18:35",16.85,0.05,100,8429400,"S"
"NVL","14:18:33",16.8,0,300,8429300,"B"
"NVL","14:18:21",16.85,0.05,100,8429000,"S"
"NVL","14:18:15",16.85,0.05,1000,8428900,"S"
"NVL","14:18:14",16.85,0.05,100,8427900,"S"
"NVL","14:18:08",16.85,0.05,10000,8427800,"S"
"NVL","14:18:08",16.85,0.05,100,8417800,"S"
"NVL","14:18:05",16.8,0,21300,8417700,"B"
"NVL","14:18:05",16.8,0,8700,8396400,"B"
"NVL","14:18:02",16.85,0.05,200,8387700,"S"
"NVL","14:17:54",16.85,0.05,200,8387500,"S"
"NVL","14:17:52",16.8,0,3000,8387300,"B"
"NVL","14:17:48",16.8,0,4000,8384300,"B"
"NVL","14:17:48",16.85,0.05,100,8380300,"S"
"NVL","14:17:46",16.85,0.05,100,8380200,"S"
"NVL","14:17:39",16.85,0.05,1800,8380100,"S"
"NVL","14:17:37",16.8,0,3000,8378300,"B"
"NVL","14:17:32",16.8,0,600,8375300,"B"
"NVL","14:17:14",16.8,0,6000,8374700,"B"
"NVL","14:17:10",16.85,0.05,11000,8368700,"S"
"NVL","14:17:08",16.8,0,2000,8357700,"B"
"NVL","14:17:07",16.8,0,100,8355700,"B"
"NVL","14:17:07",16.85,0.05,1500,8355600,"S"
"NVL","14:17:04",16.85,0.05,5000,8354100,"S"
"NVL","14:17:03",16.85,0.05,5000,8349100,"S"
"NVL","14:17:01",16.85,0.05,100,8344100,"S"
"NVL","14:16:57",16.85,0.05,500,8344000,"S"
"NVL","14:16:57",16.8,0,1000,8343500,"B"
"NVL","14:16:54",16.8,0,500,8342500,"B"
"NVL","14:16:53",16.8,0,1100,8342000,"B"
"NVL","14:16:50",16.85,0.05,3000,8340900,"S"
"NVL","14:16:46",16.85,0.05,100,8337900,"S"
"NVL","14:16:41",16.85,0.05,200,8337800,"S"
"NVL","14:16:39",16.85,0.05,16000,8337600,"S"
"NVL","14:16:39",16.8,0,1800,8321600,"B"
"NVL","14:16:36",16.85,0.05,200,8319800,"S"
"NVL","14:16:24",16.85,0.05,300,8319600,"S"
"NVL","14:16:20",16.8,0,2000,8319300,"B"
"NVL","14:16:18",16.8,0,500,8317300,"B"
"NVL","14:16:13",16.8,0,300,8316800,"B"
"NVL","14:15:55",16.8,0,300,8316500,"B"
"NVL","14:15:47",16.85,0.05,1000,8316200,"S"
"NVL","14:15:46",16.8,0,100,8315200,"B"
"NVL","14:15:42",16.85,0.05,300,8315100,"S"
"NVL","14:15:42",16.8,0,100,8314800,"B"
"NVL","14:15:34",16.85,0.05,300,8314700,"S"
"NVL","14:15:32",16.8,0,13000,8314400,"B"
"NVL","14:15:32",16.8,0,100,8301400,"B"
"NVL","14:15:31",16.8,0,2900,8301300,"B"
"NVL","14:15:24",16.8,0,1200,8298400,"B"
"NVL","14:15:19",16.8,0,4000,8297200,"B"
"NVL","14:15:13",16.85,0.05,10000,8293200,"S"
"NVL","14:15:12",16.85,0.05,300,8283200,"S"
"NVL","14:15:07",16.85,0.05,200,8282900,"S"
"NVL","14:15:04",16.85,0.05,1100,8282700,"S"
"NVL","14:15:03",16.85,0.05,100,8281600,"S"
"NVL","14:14:57",16.85,0.05,1100,8281500,"S"
"NVL","14:14:56",16.85,0.05,1000,8280400,"S"
"NVL","14:14:55",16.85,0.05,500,8279400,"S"
"NVL","14:14:48",16.85,0.05,17000,8278900,"S"
"NVL","14:14:43",16.85,0.05,500,8261900,"S"
"NVL","14:14:41",16.85,0.05,100,8261400,"S"
"NVL","14:14:37",16.8,0,200,8261300,"B"
"NVL","14:14:36",16.8,0,7700,8261100,"B"
"NVL","14:14:35",16.85,0.05,500,8253400,"S"
"NVL","14:14:30",16.85,0.05,2000,8252900,"S"
"NVL","14:14:27",16.85,0.05,1000,8250900,"S"
"NVL","14:14:25",16.85,0.05,5000,8249900,"S"
"NVL","14:14:17",16.85,0.05,500,8244900,"S"
"NVL","14:14:16",16.85,0.05,2000,8244400,"S"
"NVL","14:14:03",16.85,0.05,400,8242400,"S"
"NVL","14:14:01",16.85,0.05,300,8242000,"S"
"NVL","14:14:00",16.85,0.05,1500,8241700,"S"
"NVL","14:13:55",16.8,0,3000,8240200,"B"
"NVL","14:13:50",16.85,0.05,200,8237200,"S"
"NVL","14:13:44",16.85,0.05,100,8237000,"S"
"NVL","14:13:43",16.85,0.05,1000,8236900,"S"
"NVL","14:13:40",16.85,0.05,200,8235900,"S"
"NVL","14:13:34",16.85,0.05,200,8235700,"S"
"NVL","14:13:33",16.85,0.05,4800,8235500,"S"
"NVL","14:13:31",16.85,0.05,3000,8230700,"S"
"NVL","14:13:26",16.85,0.05,8300,8227700,"B"
"NVL","14:13:25",16.85,0.05,16300,8219400,"B"
"NVL","14:13:20",16.85,0.05,45000,8203100,"B"
"NVL","14:13:18",16.85,0.05,1500,8158100,"B"
"NVL","14:13:12",16.85,0.05,100,8156600,"B"
"NVL","14:13:08",16.85,0.05,1000,8156500,"B"
"NVL","14:13:03",16.85,0.05,8000,8155500,"B"
"NVL","14:12:59",16.85,0.05,155000,8147500,"B"
"NVL","14:12:55",16.85,0.05,2100,7992500,"B"
"NVL","14:12:54",16.85,0.05,1800,7990400,"B"
"NVL","14:12:50",16.9,0.1,18000,7988600,"S"
"NVL","14:12:47",16.85,0.05,200,7970600,"B"
"NVL","14:12:44",16.85,0.05,300,7970400,"B"
"NVL","14:12:41",16.9,0.1,700,7970100,"S"
"NVL","14:12:40",16.85,0.05,3500,7969400,"B"
"NVL","14:12:38",16.9,0.1,600,7965900,"S"
"NVL","14:12:33",16.9,0.1,600,7965300,"S"
"NVL","14:12:20",16.9,0.1,3000,7964700,"S"
"NVL","14:12:03",16.85,0.05,1000,7961700,"B"
"NVL","14:12:01",16.9,0.1,200,7960700,"S"
"NVL","14:12:00",16.85,0.05,6000,7960500,"B"
"NVL","14:11:44",16.9,0.1,1000,7954500,"S"
"NVL","14:11:37",16.9,0.1,1600,7953500,"S"
"NVL","14:11:28",16.9,0.1,2000,7951900,"S"
"NVL","14:11:23",16.9,0.1,1000,7949900,"S"
"NVL","14:11:20",16.9,0.1,2000,7948900,"S"
"NVL","14:11:16",16.9,0.1,2000,7946900,"S"
"NVL","14:11:14",16.9,0.1,400,7944900,"S"
"NVL","14:11:10",16.9,0.1,2000,7944500,"S"
"NVL","14:10:55",16.9,0.1,4800,7942500,"S"
"NVL","14:10:53",16.9,0.1,1000,7937700,"S"
"NVL","14:10:52",16.9,0.1,500,7936700,"S"
"NVL","14:10:45",16.9,0.1,1000,7936200,"S"
"NVL","14:10:43",16.9,0.1,4000,7935200,"S"
"NVL","14:10:39",16.9,0.1,100,7931200,"S"
"NVL","14:10:37",16.9,0.1,100,7931100,"S"
"NVL","14:10:35",16.9,0.1,100,7931000,"S"
"NVL","14:10:34",16.9,0.1,600,7930900,"S"
"NVL","14:10:33",16.9,0.1,100,7930300,"S"
"NVL","14:10:29",16.9,0.1,3000,7930200,"S"
"NVL","14:10:28",16.9,0.1,200,7927200,"S"
"NVL","14:10:16",16.9,0.1,400,7927000,"S"
"NVL","14:10:14",16.85,0.05,7000,7926600,"B"
"NVL","14:10:10",16.9,0.1,24000,7919600,"S"
"NVL","14:09:46",16.85,0.05,1300,7895600,"B"
"NVL","14:09:31",16.85,0.05,1000,7894300,"B"
"NVL","14:09:22",16.85,0.05,5000,7893300,"B"
"NVL","14:09:20",16.9,0.1,5000,7888300,"S"
"NVL","14:09:18",16.85,0.05,500,7883300,"B"
"NVL","14:09:04",16.9,0.1,1000,7882800,"S"
"NVL","14:08:56",16.9,0.1,200,7881800,"S"
"NVL","14:08:45",16.85,0.05,900,7881600,"B"
"NVL","14:08:41",16.85,0.05,1000,7880700,"B"
"NVL","14:08:34",16.85,0.05,60000,7879700,"B"
"NVL","14:08:22",16.85,0.05,2000,7819700,"B"
"NVL","14:08:21",16.85,0.05,100,7817700,"B"
"NVL","14:08:10",16.85,0.05,70700,7817600,"S"
"NVL","14:08:08",16.85,0.05,100000,7746900,"S"
"NVL","14:08:05",16.85,0.05,5000,7646900,"S"
"NVL","14:08:04",16.85,0.05,11100,7641900,"S"
"NVL","14:08:03",16.85,0.05,3000,7630800,"S"
"NVL","14:07:59",16.85,0.05,11700,7627800,"S"
"NVL","14:07:54",16.85,0.05,1500,7616100,"S"
"NVL","14:07:53",16.85,0.05,1000,7614600,"S"
"NVL","14:07:51",16.85,0.05,200,7613600,"S"
"NVL","14:07:50",16.85,0.05,20000,7613400,"S"
"NVL","14:07:49",16.85,0.05,500,7593400,"S"
"NVL","14:07:45",16.85,0.05,1000,7592900,"S"
"NVL","14:07:41",16.85,0.05,3700,7591900,"S"
"NVL","14:07:37",16.85,0.05,300,7588200,"S"
"NVL","14:07:36",16.85,0.05,29500,7587900,"S"
"NVL","14:07:29",16.85,0.05,100,7558400,"S"
"NVL","14:07:24",16.8,0,100,7558300,"B"
"NVL","14:07:21",16.85,0.05,200,7558200,"S"
"NVL","14:07:20",16.85,0.05,300,7558000,"S"
"NVL","14:07:16",16.85,0.05,500,7557700,"S"
"NVL","14:07:14",16.85,0.05,100,7556200,"S"
"NVL","14:07:09",16.8,0,200,7556100,"B"
"NVL","14:07:03",16.85,0.05,5000,7555900,"S"
"NVL","14:06:45",16.85,0.05,200,7550900,"S"
"NVL","14:06:36",16.85,0.05,1000,7550700,"S"
"NVL","14:06:35",16.85,0.05,8700,7549700,"S"
"NVL","14:06:31",16.85,0.05,700,7541000,"S"
"NVL","14:06:26",16.85,0.05,5000,7540300,"S"
"NVL","14:06:08",16.85,0.05,1900,7535300,"S"
"NVL","14:06:02",16.85,0.05,100,7533400,"S"
"NVL","14:05:48",16.85,0.05,100,7533300,"S"
"NVL","14:05:47",16.85,0.05,500,7533200,"S"
"NVL","14:05:37",16.85,0.05,100,7532700,"S"
"NVL","14:05:29",16.8,0,1500,7532600,"B"
"NVL","14:05:26",16.8,0,5200,7531100,"B"
"NVL","14:05:23",16.8,0,12100,7525900,"B"
"NVL","14:05:18",16.8,0,500,7513800,"B"
"NVL","14:05:15",16.8,0,2000,7513300,"B"
"NVL","14:05:11",16.8,0,500,7511300,"B"
"NVL","14:05:11",16.85,0.05,2000,7510800,"S"
"NVL","14:05:00",16.8,0,100,7508800,"B"
"NVL","14:04:57",16.85,0.05,300,7508700,"S"
"NVL","14:04:27",16.8,0,7000,7508400,"B"
"NVL","14:04:24",16.8,0,400,7501400,"B"
"NVL","14:04:22",16.8,0,6000,7501000,"B"
"NVL","14:04:15",16.8,0,2400,7495000,"B"
"NVL","14:04:15",16.85,0.05,200,7492600,"S"
"NVL","14:04:05",16.8,0,2000,7492400,"B"
"NVL","14:04:04",16.85,0.05,10000,7490400,"S"
"NVL","14:03:58",16.85,0.05,2700,7480400,"S"
"NVL","14:03:47",16.85,0.05,100,7477700,"S"
"NVL","14:03:37",16.85,0.05,1500,7477600,"S"
"NVL","14:03:36",16.85,0.05,2000,7476100,"S"
"NVL","14:03:24",16.85,0.05,400,7474100,"S"
"NVL","14:03:05",16.85,0.05,5000,7473700,"S"
"NVL","14:03:02",16.85,0.05,1000,7468700,"S"
"NVL","14:03:01",16.85,0.05,200,7467700,"S"
"NVL","14:02:48",16.85,0.05,100,7467500,"S"
"NVL","14:02:42",16.85,0.05,200,7467400,"S"
"NVL","14:02:31",16.85,0.05,1000,7467200,"S"
"NVL","14:02:29",16.85,0.05,100,7466200,"S"
"NVL","14:02:23",16.85,0.05,500,7466100,"S"
"NVL","14:02:12",16.85,0.05,10300,7465600,"S"
"NVL","14:02:09",16.8,0,2000,7455300,"B"
"NVL","14:02:05",16.85,0.05,10000,7453300,"S"
"NVL","14:01:52",16.85,0.05,500,7443300,"S"
"NVL","14:01:51",16.85,0.05,5000,7442800,"S"
"NVL","14:01:44",16.85,0.05,100,7437800,"S"
"NVL","14:01:42",16.85,0.05,1000,7437700,"S"
"NVL","14:01:37",16.85,0.05,10000,7436700,"S"
"NVL","14:01:33",16.85,0.05,1500,7426700,"S"
"NVL","14:01:32",16.85,0.05,1700,7425200,"S"
"NVL","14:01:31",16.85,0.05,20000,7423500,"S"
"NVL","14:01:25",16.85,0.05,1200,7403500,"S"
"NVL","14:01:16",16.85,0.05,100,7402300,"S"
"NVL","14:01:12",16.85,0.05,100,7402200,"S"
"NVL","14:01:08",16.85,0.05,200,7402100,"S"
"NVL","14:00:55",16.85,0.05,53300,7401900,"S"
"NVL","14:00:46",16.8,0,6000,7348600,"B"
"NVL","14:00:17",16.85,0.05,700,7342600,"S"
"NVL","14:00:01",16.8,0,100,7341900,"B"
"NVL","13:59:54",16.85,0.05,10000,7341800,"S"
"NVL","13:59:49",16.8,0,2100,7331800,"B"
"NVL","13:59:47",16.85,0.05,100,7329700,"S"
"NVL","13:59:38",16.8,0,2000,7329600,"B"
"NVL","13:59:38",16.85,0.05,1700,7327600,"S"
"NVL","13:59:35",16.85,0.05,200,7325900,"S"
"NVL","13:59:32",16.85,0.05,2500,7325700,"S"
"NVL","13:59:27",16.85,0.05,600,7323200,"S"
"NVL","13:59:26",16.8,0,6000,7322600,"B"
"NVL","13:58:56",16.85,0.05,100,7316600,"S"
"NVL","13:58:50",16.85,0.05,800,7316500,"S"
"NVL","13:58:34",16.8,0,400,7315700,"B"
"NVL","13:58:33",16.8,0,4100,7315300,"B"
"NVL","13:58:30",16.8,0,100,7311200,"B"
"NVL","13:58:07",16.8,0,5000,7311100,"B"
"NVL","13:58:02",16.85,0.05,200,7306100,"S"
"NVL","13:58:00",16.8,0,5400,7305900,"B"
"NVL","13:57:57",16.85,0.05,1000,7300500,"S"
"NVL","13:57:56",16.8,0,200000,7299500,"B"
"NVL","13:57:37",16.8,0,5000,7099500,"B"
"NVL","13:57:35",16.85,0.05,200,7094500,"S"
"NVL","13:57:33",16.8,0,100,7094300,"B"
"NVL","13:57:32",16.8,0,2500,7094200,"B"
"NVL","13:57:25",16.8,0,5600,7091700,"B"
"NVL","13:57:20",16.85,0.05,1000,7086100,"S"
"NVL","13:57:20",16.8,0,200,7085100,"B"
"NVL","13:57:12",16.8,0,100,7084900,"B"
"NVL","13:57:07",16.8,0,100,7084800,"B"
"NVL","13:56:50",16.8,0,50000,7084700,"B"
"NVL","13:56:47",16.85,0.05,1000,7034700,"S"
"NVL","13:56:35",16.8,0,2000,7033700,"B"
"NVL","13:56:29",16.85,0.05,200,7031700,"S"
"NVL","13:56:28",16.85,0.05,10000,7031500,"S"
"NVL","13:56:20",16.8,0,100,7021500,"B"
"NVL","13:56:13",16.85,0.05,100,7021400,"S"
"NVL","13:56:09",16.8,0,2000,7021300,"B"
"NVL","13:56:05",16.8,0,60000,7019300,"B"
"NVL","13:55:54",16.8,0,2200,6959300,"B"
"NVL","13:55:53",16.8,0,2000,6957100,"B"
"NVL","13:55:48",16.8,0,2000,6955100,"B"
"NVL","13:55:35",16.85,0.05,8000,6953100,"S"
"NVL","13:55:33",16.85,0.05,1000,6945100,"S"
"NVL","13:55:24",16.85,0.05,900,6944100,"S"
"NVL","13:55:22",16.85,0.05,900,6943200,"S"
"NVL","13:55:11",16.85,0.05,300,6942300,"S"
"NVL","13:55:08",16.85,0.05,100,6942000,"S"
"NVL","13:55:03",16.85,0.05,10000,6941900,"S"
"NVL","13:54:56",16.85,0.05,2000,6931900,"S"
"NVL","13:54:56",16.85,0.05,200,6929900,"S"
"NVL","13:54:55",16.85,0.05,1300,6929700,"S"
"NVL","13:54:52",16.85,0.05,700,6928400,"S"
"NVL","13:54:51",16.85,0.05,100,6927700,"S"
"NVL","13:54:50",16.85,0.05,300,6927600,"S"
"NVL","13:54:47",16.85,0.05,300,6927300,"S"
"NVL","13:54:41",16.85,0.05,1000,6927000,"S"
"NVL","13:54:33",16.85,0.05,500,6926000,"S"
"NVL","13:54:29",16.85,0.05,3000,6925500,"S"
"NVL","13:54:26",16.85,0.05,100,6922500,"S"
"NVL","13:54:18",16.85,0.05,500,6922400,"S"
"NVL","13:53:58",16.85,0.05,2000,6921900,"S"
"NVL","13:53:53",16.85,0.05,1000,6919900,"S"
"NVL","13:53:47",16.85,0.05,300,6918900,"S"
"NVL","13:53:39",16.85,0.05,10000,6918600,"S"
"NVL","13:53:35",16.85,0.05,3000,6908600,"S"
"NVL","13:53:31",16.85,0.05,300,6905600,"S"
"NVL","13:53:30",16.85,0.05,5400,6905300,"S"
"NVL","13:53:29",16.8,0,10000,6899900,"B"
"NVL","13:53:22",16.85,0.05,100,6889900,"S"
"NVL","13:53:19",16.85,0.05,600,6889800,"S"
"NVL","13:53:15",16.85,0.05,100,6889200,"S"
"NVL","13:53:10",16.85,0.05,400,6889100,"S"
"NVL","13:53:08",16.85,0.05,1000,6888700,"S"
"NVL","13:53:06",16.85,0.05,1000,6887700,"S"
"NVL","13:53:05",16.85,0.05,1000,6886700,"S"
"NVL","13:53:02",16.85,0.05,100,6885700,"S"
"NVL","13:52:51",16.85,0.05,500,6885600,"S"
"NVL","13:52:46",16.85,0.05,10000,6885100,"S"
"NVL","13:52:44",16.85,0.05,100,6875100,"S"
"NVL","13:52:43",16.85,0.05,1000,6875000,"S"
"NVL","13:52:40",16.85,0.05,100,6874000,"S"
"NVL","13:52:40",16.85,0.05,5000,6873900,"S"
"NVL","13:52:36",16.85,0.05,2000,6868900,"S"
"NVL","13:52:34",16.85,0.05,700,6866900,"S"
"NVL","13:52:25",16.85,0.05,200,6866200,"S"
"NVL","13:52:24",16.85,0.05,17700,6866000,"B"
"NVL","13:52:24",16.85,0.05,200,6848300,"B"
"NVL","13:52:23",16.85,0.05,1000,6848100,"B"
"NVL","13:52:23",16.85,0.05,5000,6847100,"B"
"NVL","13:52:19",16.85,0.05,5000,6842100,"B"
"NVL","13:52:19",16.85,0.05,400,6837100,"B"
"NVL","13:52:14",16.85,0.05,100,6836700,"B"
"NVL","13:52:10",16.85,0.05,5000,6836600,"B"
"NVL","13:52:02",16.85,0.05,4900,6831600,"B"
"NVL","13:52:01",16.85,0.05,500,6826700,"B"
"NVL","13:51:52",16.85,0.05,100,6826200,"B"
"NVL","13:51:52",16.9,0.1,2800,6826100,"S"
"NVL","13:51:51",16.85,0.05,1000,6823300,"B"
"NVL","13:51:49",16.9,0.1,200,6822300,"S"
"NVL","13:51:46",16.85,0.05,200100,6822100,"B"
"NVL","13:51:36",16.9,0.1,5500,6622000,"S"
"NVL","13:51:26",16.9,0.1,200,6616500,"S"
"NVL","13:51:23",16.85,0.05,20000,6616300,"B"
"NVL","13:51:20",16.9,0.1,500,6596300,"S"
"NVL","13:51:18",16.85,0.05,1800,6595800,"B"
"NVL","13:51:06",16.9,0.1,10000,6594000,"S"
"NVL","13:51:03",16.9,0.1,300,6584000,"S"
"NVL","13:50:57",16.9,0.1,500,6583700,"S"
"NVL","13:50:55",16.9,0.1,200,6583200,"S"
"NVL","13:50:48",16.9,0.1,1100,6583000,"S"
"NVL","13:50:45",16.85,0.05,1500,6581900,"B"
"NVL","13:50:43",16.9,0.1,100,6580400,"S"
"NVL","13:50:39",16.9,0.1,10000,6580300,"S"
"NVL","13:50:38",16.9,0.1,200,6570300,"S"
"NVL","13:50:33",16.9,0.1,2000,6570100,"S"
"NVL","13:50:32",16.9,0.1,100,6568100,"S"
"NVL","13:50:31",16.9,0.1,100,6568000,"S"
"NVL","13:50:28",16.9,0.1,11000,6567900,"S"
"NVL","13:50:18",16.9,0.1,100,6556900,"S"
"NVL","13:50:16",16.9,0.1,200,6556800,"S"
"NVL","13:50:14",16.85,0.05,1000,6556600,"B"
"NVL","13:50:08",16.9,0.1,200,6555600,"S"
"NVL","13:49:59",16.9,0.1,5200,6555400,"S"
"NVL","13:49:46",16.9,0.1,500,6550200,"S"
"NVL","13:49:44",16.9,0.1,300,6549700,"S"
"NVL","13:49:32",16.9,0.1,200,6549400,"S"
"NVL","13:49:23",16.9,0.1,300,6549200,"S"
"NVL","13:49:18",16.9,0.1,800,6548900,"S"
"NVL","13:49:16",16.9,0.1,500,6548100,"S"
"NVL","13:49:13",16.9,0.1,1000,6547600,"S"
"NVL","13:49:09",16.9,0.1,1000,6546600,"S"
"NVL","13:49:03",16.9,0.1,100,6545600,"S"
"NVL","13:49:01",16.9,0.1,100,6545500,"S"
"NVL","13:49:00",16.9,0.1,9000,6545400,"S"
"NVL","13:48:56",16.9,0.1,100,6536400,"S"
"NVL","13:48:55",16.9,0.1,200,6536300,"S"
"NVL","13:48:45",16.9,0.1,1000,6536100,"S"
"NVL","13:48:43",16.9,0.1,1200,6535100,"S"
"NVL","13:48:38",16.9,0.1,2500,6533900,"S"
"NVL","13:48:37",16.85,0.05,10000,6531400,"B"
"NVL","13:48:37",16.9,0.1,500,6521400,"S"
"NVL","13:48:36",16.9,0.1,300,6520900,"S"
"NVL","13:48:33",16.9,0.1,1500,6520600,"S"
"NVL","13:48:32",16.9,0.1,200,6519100,"S"
"NVL","13:48:29",16.9,0.1,100,6518900,"S"
"NVL","13:48:23",16.9,0.1,12000,6518800,"S"
"NVL","13:48:17",16.9,0.1,100,6506800,"S"
"NVL","13:48:06",16.9,0.1,700,6506700,"S"
"NVL","13:48:02",16.9,0.1,300,6506000,"S"
"NVL","13:47:55",16.9,0.1,1000,6505700,"S"
"NVL","13:47:37",16.9,0.1,20000,6504700,"S"
"NVL","13:47:32",16.9,0.1,3000,6484700,"S"
"NVL","13:47:28",16.9,0.1,100,6481700,"S"
"NVL","13:47:25",16.9,0.1,800,6481600,"S"
"NVL","13:47:20",16.85,0.05,200,6480800,"B"
"NVL","13:47:20",16.85,0.05,500,6480600,"B"
"NVL","13:47:19",16.9,0.1,500,6480100,"S"
"NVL","13:47:18",16.9,0.1,500,6479600,"S"
"NVL","13:47:09",16.9,0.1,200,6479100,"S"
"NVL","13:47:04",16.9,0.1,100,6478900,"S"
"NVL","13:46:59",16.85,0.05,10000,6478800,"B"
"NVL","13:46:45",16.9,0.1,100,6468800,"S"
"NVL","13:46:35",16.85,0.05,1000,6468700,"B"
"NVL","13:46:28",16.9,0.1,2000,6467700,"S"
"NVL","13:46:21",16.9,0.1,200,6465700,"S"
"NVL","13:46:16",16.9,0.1,400,6465500,"S"
"NVL","13:46:11",16.9,0.1,2000,6465100,"S"
"NVL","13:46:10",16.85,0.05,200,6463100,"B"
"NVL","13:46:07",16.85,0.05,200,6462900,"B"
"NVL","13:46:06",16.9,0.1,3000,6462700,"S"
"NVL","13:46:02",16.9,0.1,7700,6459700,"S"
"NVL","13:46:01",16.85,0.05,200,6452000,"B"
"NVL","13:46:00",16.85,0.05,1500,6451800,"B"
"NVL","13:45:57",16.9,0.1,1500,6450300,"S"
"NVL","13:45:49",16.9,0.1,3000,6448800,"S"
"NVL","13:45:45",16.85,0.05,300,6445800,"B"
"NVL","13:45:41",16.9,0.1,1000,6445500,"S"
"NVL","13:45:36",16.9,0.1,200,6444500,"S"
"NVL","13:45:29",16.9,0.1,400,6444300,"S"
"NVL","13:45:24",16.9,0.1,200,6443900,"S"
"NVL","13:45:14",16.9,0.1,100,6443700,"S"
"NVL","13:45:13",16.9,0.1,300,6443600,"S"
"NVL","13:45:01",16.85,0.05,2200,6443300,"B"
"NVL","13:44:54",16.9,0.1,24000,6441100,"S"
"NVL","13:44:53",16.85,0.05,200,6417100,"B"
"NVL","13:44:52",16.85,0.05,100,6416900,"B"
"NVL","13:44:52",16.85,0.05,100,6416800,"B"
"NVL","13:44:40",16.9,0.1,600,6416700,"S"
"NVL","13:44:35",16.85,0.05,1000,6416100,"B"
"NVL","13:44:32",16.9,0.1,2400,6415100,"S"
"NVL","13:44:28",16.9,0.1,200,6412700,"S"
"NVL","13:44:03",16.85,0.05,100,6412500,"B"
"NVL","13:44:03",16.9,0.1,200,6412400,"S"
"NVL","13:43:58",16.85,0.05,1000,6412200,"B"
"NVL","13:43:50",16.9,0.1,400,6411200,"S"
"NVL","13:43:46",16.85,0.05,100000,6410800,"B"
"NVL","13:43:44",16.85,0.05,2000,6310800,"B"
"NVL","13:43:09",16.85,0.05,400,6308800,"B"
"NVL","13:43:06",16.9,0.1,10000,6308400,"S"
"NVL","13:43:05",16.85,0.05,100,6298400,"B"
"NVL","13:42:58",16.85,0.05,500,6298300,"B"
"NVL","13:42:56",16.85,0.05,2500,6297800,"B"
"NVL","13:42:52",16.9,0.1,900,6295300,"S"
"NVL","13:42:48",16.85,0.05,500,6294400,"B"
"NVL","13:42:48",16.9,0.1,300,6293900,"S"
"NVL","13:42:47",16.85,0.05,600,6293600,"B"
"NVL","13:42:33",16.85,0.05,5000,6293000,"B"
"NVL","13:42:30",16.9,0.1,200,6288000,"S"
"NVL","13:42:26",16.85,0.05,100,6287800,"B"
"NVL","13:42:22",16.85,0.05,1300,6287700,"B"
"NVL","13:42:07",16.85,0.05,500,6286400,"B"
"NVL","13:41:49",16.85,0.05,2000,6285900,"B"
"NVL","13:41:43",16.9,0.1,1000,6283900,"S"
"NVL","13:41:21",16.9,0.1,1200,6282900,"S"
"NVL","13:41:18",16.9,0.1,200,6281700,"S"
"NVL","13:40:56",16.9,0.1,100,6281500,"S"
"NVL","13:40:41",16.85,0.05,2000,6281400,"B"
"NVL","13:40:36",16.85,0.05,10000,6279400,"B"
"NVL","13:40:30",16.9,0.1,2000,6269400,"S"
"NVL","13:40:29",16.9,0.1,1000,6267400,"S"
"NVL","13:40:28",16.9,0.1,1000,6266400,"S"
"NVL","13:39:57",16.85,0.05,8000,6265400,"B"
"NVL","13:39:55",16.9,0.1,200,6257400,"S"
"NVL","13:39:54",16.85,0.05,9800,6257200,"B"
"NVL","13:39:48",16.9,0.1,7000,6247400,"S"
"NVL","13:39:40",16.85,0.05,300,6240400,"B"
"NVL","13:39:37",16.85,0.05,100000,6240100,"B"
"NVL","13:39:32",16.9,0.1,5000,6140100,"S"
"NVL","13:39:25",16.9,0.1,500,6135100,"S"
"NVL","13:39:24",16.9,0.1,100,6134600,"S"
"NVL","13:39:24",16.85,0.05,1000,6134500,"B"
"NVL","13:39:23",16.9,0.1,200,6133500,"S"
"NVL","13:39:02",16.9,0.1,400,6133300,"S"
"NVL","13:38:57",16.9,0.1,100,6132900,"S"
"NVL","13:38:53",16.85,0.05,200,6132800,"B"
"NVL","13:38:52",16.9,0.1,200,6132600,"S"
"NVL","13:38:39",16.9,0.1,1400,6132400,"S"
"NVL","13:38:38",16.85,0.05,2900,6131000,"B"
"NVL","13:38:35",16.9,0.1,100,6128100,"S"
"NVL","13:38:35",16.9,0.1,300,6128000,"S"
"NVL","13:38:32",16.9,0.1,3800,6127700,"S"
"NVL","13:38:28",16.9,0.1,500,6123900,"S"
"NVL","13:38:17",16.9,0.1,1000,6123400,"S"
"NVL","13:38:06",16.85,0.05,1000,6122400,"B"
"NVL","13:37:50",16.9,0.1,200,6121400,"S"
"NVL","13:37:47",16.85,0.05,3700,6121200,"B"
"NVL","13:37:46",16.85,0.05,100,6117500,"B"
"NVL","13:37:38",16.85,0.05,23900,6117400,"B"
"NVL","13:37:32",16.85,0.05,3500,6093500,"B"
"NVL","13:37:27",16.9,0.1,100,6090000,"S"
"NVL","13:37:21",16.85,0.05,1000,6089900,"B"
"NVL","13:36:40",16.85,0.05,1000,6088900,"B"
"NVL","13:36:35",16.85,0.05,1000,6087900,"B"
"NVL","13:36:17",16.9,0.1,200,6086900,"S"
"NVL","13:35:58",16.85,0.05,10000,6086700,"B"
"NVL","13:35:45",16.85,0.05,500,6076700,"B"
"NVL","13:35:39",16.85,0.05,500,6076200,"B"
"NVL","13:35:34",16.85,0.05,1800,6075700,"B"
"NVL","13:35:28",16.85,0.05,600,6073900,"B"
"NVL","13:35:07",16.85,0.05,2000,6073300,"B"
"NVL","13:35:05",16.9,0.1,2000,6071300,"S"
"NVL","13:34:56",16.9,0.1,300,6069300,"S"
"NVL","13:34:55",16.9,0.1,10000,6069000,"S"
"NVL","13:34:49",16.9,0.1,400,6059000,"S"
"NVL","13:34:44",16.9,0.1,200,6058600,"S"
"NVL","13:34:44",16.85,0.05,3000,6058400,"B"
"NVL","13:34:36",16.9,0.1,300,6055400,"S"
"NVL","13:34:28",16.9,0.1,300,6055100,"S"
"NVL","13:34:27",16.85,0.05,100,6054800,"B"
"NVL","13:34:26",16.9,0.1,10000,6054700,"S"
"NVL","13:34:21",16.9,0.1,10000,6044700,"S"
"NVL","13:34:20",16.9,0.1,2000,6034700,"S"
"NVL","13:34:18",16.85,0.05,100,6032700,"B"
"NVL","13:34:05",16.9,0.1,500,6032600,"S"
"NVL","13:34:04",16.9,0.1,500,6032100,"S"
"NVL","13:34:03",16.9,0.1,800,6031600,"S"
"NVL","13:34:02",16.9,0.1,100,6030800,"S"
"NVL","13:33:55",16.9,0.1,500,6030700,"S"
"NVL","13:33:55",16.9,0.1,1700,6030200,"S"
"NVL","13:33:47",16.9,0.1,2000,6026400,"S"
"NVL","13:33:39",16.9,0.1,1000,6024400,"S"
"NVL","13:33:33",16.9,0.1,2700,6023400,"S"
"NVL","13:33:32",16.9,0.1,2500,6020700,"S"
"NVL","13:33:31",16.9,0.1,5000,6018200,"S"
"NVL","13:33:29",16.9,0.1,5600,6013200,"S"
"NVL","13:33:28",16.9,0.1,2800,6007600,"S"
"NVL","13:33:27",16.9,0.1,300,6004800,"S"
"NVL","13:33:24",16.9,0.1,100,6004500,"S"
"NVL","13:33:23",16.9,0.1,100,6004400,"S"
"NVL","13:33:22",16.9,0.1,700,6004300,"S"
"NVL","13:33:20",16.9,0.1,100,6003600,"S"
"NVL","13:33:17",16.9,0.1,20000,6003500,"S"
"NVL","13:33:10",16.9,0.1,200,5983500,"S"
"NVL","13:33:06",16.9,0.1,200,5983300,"S"
"NVL","13:33:03",16.9,0.1,2000,5983100,"S"
"NVL","13:33:01",16.9,0.1,5000,5981100,"S"
"NVL","13:32:59",16.9,0.1,1000,5976100,"S"
"NVL","13:32:57",16.9,0.1,300,5975100,"S"
"NVL","13:32:54",16.9,0.1,1000,5974800,"S"
"NVL","13:32:51",16.9,0.1,200,5973800,"S"
"NVL","13:32:48",16.85,0.05,100,5973600,"B"
"NVL","13:32:48",16.9,0.1,200,5973500,"S"
"NVL","13:32:47",16.9,0.1,3100,5973300,"S"
"NVL","13:32:43",16.9,0.1,1200,5970200,"S"
"NVL","13:32:41",16.9,0.1,1200,5969000,"S"
"NVL","13:32:37",16.9,0.1,10200,5967800,"S"
"NVL","13:32:35",16.9,0.1,5100,5957600,"S"
"NVL","13:32:35",16.9,0.1,2000,5952500,"S"
"NVL","13:32:30",16.9,0.1,1000,5950500,"S"
"NVL","13:32:27",16.9,0.1,200,5949500,"S"
"NVL","13:32:18",16.9,0.1,500,5949300,"S"
"NVL","13:32:15",16.9,0.1,100,5948800,"S"
"NVL","13:32:12",16.9,0.1,4900,5948700,"S"
"NVL","13:32:12",16.9,0.1,3100,5943800,"S"
"NVL","13:32:04",16.9,0.1,700,5940700,"S"
"NVL","13:31:59",16.9,0.1,500,5940000,"S"
"NVL","13:31:52",16.9,0.1,100,5939500,"S"
"NVL","13:31:46",16.9,0.1,3000,5939400,"S"
"NVL","13:31:40",16.9,0.1,29500,5936400,"S"
"NVL","13:31:37",16.9,0.1,200,5906900,"S"
"NVL","13:31:31",16.85,0.05,500,5906700,"B"
"NVL","13:31:31",16.9,0.1,500,5906200,"S"
"NVL","13:31:29",16.9,0.1,400,5905700,"S"
"NVL","13:31:27",16.9,0.1,100,5905300,"S"
"NVL","13:31:12",16.9,0.1,200,5905200,"S"
"NVL","13:31:07",16.9,0.1,1000,5905000,"S"
"NVL","13:31:06",16.9,0.1,500,5904000,"S"
"NVL","13:30:55",16.9,0.1,500,5903500,"S"
"NVL","13:30:54",16.85,0.05,300,5903000,"B"
"NVL","13:30:52",16.9,0.1,7000,5902700,"S"
"NVL","13:30:50",16.9,0.1,1200,5895700,"S"
"NVL","13:30:48",16.85,0.05,100,5894500,"B"
"NVL","13:30:45",16.9,0.1,1000,5894400,"S"
"NVL","13:30:35",16.9,0.1,300,5893400,"S"
"NVL","13:30:25",16.9,0.1,400,5893100,"S"
"NVL","13:30:16",16.85,0.05,3000,5892700,"B"
"NVL","13:30:14",16.9,0.1,3000,5889700,"S"
"NVL","13:30:11",16.9,0.1,2000,5886700,"S"
"NVL","13:30:09",16.9,0.1,200,5884700,"S"
"NVL","13:30:08",16.9,0.1,3000,5884500,"S"
"NVL","13:30:04",16.9,0.1,200,5881500,"S"
"NVL","13:30:04",16.9,0.1,1000,5881300,"S"
"NVL","13:30:00",16.9,0.1,1000,5880300,"S"
"NVL","13:29:54",16.9,0.1,100,5879300,"S"
"NVL","13:29:50",16.9,0.1,4800,5879200,"S"
"NVL","13:29:49",16.9,0.1,100,5874400,"S"
"NVL","13:29:48",16.9,0.1,100,5874300,"S"
"NVL","13:29:48",16.9,0.1,10000,5874200,"S"
"NVL","13:29:46",16.9,0.1,700,5864200,"S"
"NVL","13:29:39",16.9,0.1,500,5863500,"S"
"NVL","13:29:30",16.9,0.1,62200,5863000,"S"
"NVL","13:29:29",16.85,0.05,19900,5800800,"B"
"NVL","13:29:29",16.85,0.05,10100,5780900,"B"
"NVL","13:29:28",16.9,0.1,1000,5770800,"S"
"NVL","13:29:04",16.9,0.1,10000,5769800,"S"
"NVL","13:28:45",16.9,0.1,8900,5759800,"S"
"NVL","13:28:42",16.9,0.1,300,5750900,"S"
"NVL","13:28:40",16.9,0.1,1600,5750600,"S"
"NVL","13:28:34",16.9,0.1,3400,5749000,"S"
"NVL","13:28:31",16.9,0.1,100,5745600,"S"
"NVL","13:28:23",16.9,0.1,1000,5745500,"S"
"NVL","13:28:21",16.9,0.1,2000,5744500,"S"
"NVL","13:28:19",16.9,0.1,100,5742500,"S"
"NVL","13:28:15",16.9,0.1,700,5742400,"S"
"NVL","13:28:10",16.9,0.1,16800,5741700,"B"
"NVL","13:28:06",16.9,0.1,200,5724900,"B"
"NVL","13:28:05",16.9,0.1,2200,5724700,"S"
"NVL","13:28:03",16.9,0.1,53300,5722500,"B"
"NVL","13:28:02",16.9,0.1,2000,5669200,"B"
"NVL","13:28:01",16.9,0.1,1000,5667200,"B"
"NVL","13:28:01",16.9,0.1,5000,5666200,"B"
"NVL","13:27:59",16.9,0.1,100000,5661200,"B"
"NVL","13:27:57",16.9,0.1,10000,5561200,"B"
"NVL","13:27:56",16.9,0.1,30000,5551200,"B"
"NVL","13:27:49",16.9,0.1,5200,5521200,"B"
"NVL","13:27:48",16.9,0.1,1900,5516000,"B"
"NVL","13:27:46",16.9,0.1,500,5514100,"B"
"NVL","13:27:44",16.9,0.1,1000,5513600,"B"
"NVL","13:27:40",16.9,0.1,2000,5512600,"B"
"NVL","13:27:38",16.95,0.15,6200,5510600,"S"
"NVL","13:27:34",16.9,0.1,200,5504400,"B"
"NVL","13:27:33",16.9,0.1,200,5504200,"B"
"NVL","13:27:29",16.95,0.15,300,5504000,"S"
"NVL","13:27:28",16.95,0.15,4000,5503700,"S"
"NVL","13:27:23",16.95,0.15,2800,5499700,"S"
"NVL","13:27:16",16.95,0.15,1600,5496900,"S"
"NVL","13:27:14",16.95,0.15,5000,5495300,"S"
"NVL","13:27:10",16.9,0.1,100,5490300,"B"
"NVL","13:27:03",16.95,0.15,300,5490200,"S"
"NVL","13:26:59",16.95,0.15,5000,5489900,"S"
"NVL","13:26:57",16.95,0.15,4500,5484900,"S"
"NVL","13:26:55",16.9,0.1,100,5480400,"B"
"NVL","13:26:47",16.95,0.15,3000,5480300,"S"
"NVL","13:26:46",16.95,0.15,5000,5477300,"S"
"NVL","13:26:44",16.95,0.15,100,5472300,"S"
"NVL","13:26:37",16.95,0.15,1000,5472200,"S"
"NVL","13:26:33",16.95,0.15,2400,5471200,"S"
"NVL","13:26:32",16.95,0.15,300,5468800,"S"
"NVL","13:26:28",16.95,0.15,1000,5468500,"S"
"NVL","13:26:27",16.95,0.15,100,5467500,"S"
"NVL","13:26:21",16.95,0.15,2000,5467400,"S"
"NVL","13:26:20",16.9,0.1,1000,5465400,"B"
"NVL","13:26:19",16.95,0.15,2000,5464400,"S"
"NVL","13:26:16",16.95,0.15,2200,5462400,"S"
"NVL","13:26:14",16.95,0.15,1500,5460200,"S"
"NVL","13:26:12",16.95,0.15,1000,5458700,"S"
"NVL","13:26:09",16.95,0.15,5000,5457700,"S"
"NVL","13:26:08",16.95,0.15,5500,5452700,"S"
"NVL","13:26:07",16.95,0.15,500,5447200,"S"
"NVL","13:26:06",16.95,0.15,2000,5446700,"S"
"NVL","13:26:03",16.95,0.15,500,5444700,"S"
"NVL","13:26:02",16.95,0.15,500,5444200,"S"
"NVL","13:26:02",16.95,0.15,6200,5443700,"S"
"NVL","13:26:01",16.95,0.15,100,5437500,"S"
"NVL","13:25:58",16.95,0.15,2000,5437400,"S"
"NVL","13:25:57",16.95,0.15,20000,5435400,"S"
"NVL","13:25:54",16.95,0.15,300,5415400,"S"
"NVL","13:25:54",16.9,0.1,300,5415100,"B"
"NVL","13:25:51",16.95,0.15,500,5414800,"S"
"NVL","13:25:47",16.95,0.15,3000,5414300,"S"
"NVL","13:25:40",16.95,0.15,300,5411300,"S"
"NVL","13:25:37",16.95,0.15,100,5411000,"S"
"NVL","13:25:30",16.95,0.15,100,5410900,"S"
"NVL","13:25:28",16.9,0.1,100,5410800,"B"
"NVL","13:25:26",16.9,0.1,1000,5410700,"B"
"NVL","13:25:24",16.95,0.15,200,5409700,"S"
"NVL","13:25:21",16.95,0.15,100,5409500,"S"
"NVL","13:25:19",16.9,0.1,9900,5409400,"S"
"NVL","13:25:18",16.9,0.1,10000,5399500,"S"
"NVL","13:25:16",16.9,0.1,5000,5389500,"S"
"NVL","13:25:16",16.9,0.1,32900,5384500,"S"
"NVL","13:25:15",16.9,0.1,400,5351600,"S"
"NVL","13:25:15",16.9,0.1,500,5351200,"S"
"NVL","13:25:14",16.9,0.1,7000,5350700,"S"
"NVL","13:25:14",16.9,0.1,500,5343700,"S"
"NVL","13:25:13",16.9,0.1,1700,5343200,"S"
"NVL","13:25:11",16.9,0.1,10100,5341500,"S"
"NVL","13:25:10",16.9,0.1,100,5331400,"S"
"NVL","13:25:10",16.9,0.1,100,5331300,"S"
"NVL","13:25:09",16.9,0.1,300,5331200,"S"
"NVL","13:25:09",16.9,0.1,10000,5330900,"S"
"NVL","13:25:08",16.9,0.1,200,5320900,"S"
"NVL","13:25:08",16.9,0.1,500,5320700,"S"
"NVL","13:25:06",16.9,0.1,111800,5320200,"B"
"NVL","13:25:04",16.95,0.15,100,5208400,"S"
"NVL","13:25:00",16.9,0.1,8000,5208300,"B"
"NVL","13:24:54",16.9,0.1,13700,5200300,"S"
"NVL","13:24:54",16.85,0.05,300,5186600,"B"
"NVL","13:24:53",16.9,0.1,400,5186300,"S"
"NVL","13:24:52",16.9,0.1,32100,5185900,"S"
"NVL","13:24:51",16.9,0.1,172900,5153800,"S"
"NVL","13:24:51",16.9,0.1,2000,4980900,"S"
"NVL","13:24:50",16.9,0.1,8100,4978900,"S"
"NVL","13:24:49",16.9,0.1,300,4970800,"S"
"NVL","13:24:49",16.9,0.1,12000,4970500,"S"
"NVL","13:24:48",16.9,0.1,1100,4958500,"S"
"NVL","13:24:48",16.9,0.1,4300,4957400,"S"
"NVL","13:24:47",16.9,0.1,300,4953100,"S"
"NVL","13:24:46",16.9,0.1,400,4952800,"S"
"NVL","13:24:46",16.9,0.1,59000,4952400,"S"
"NVL","13:24:45",16.9,0.1,200,4893400,"S"
"NVL","13:24:43",16.9,0.1,7000,4893200,"S"
"NVL","13:24:42",16.9,0.1,17500,4886200,"S"
"NVL","13:24:42",16.85,0.05,1000,4868700,"B"
"NVL","13:24:41",16.9,0.1,500,4867700,"S"
"NVL","13:24:40",16.9,0.1,30000,4867200,"S"
"NVL","13:24:38",16.9,0.1,5000,4837200,"S"
"NVL","13:24:38",16.9,0.1,100,4832200,"S"
"NVL","13:24:35",16.9,0.1,2000,4831600,"S"
"NVL","13:24:34",16.9,0.1,200,4829600,"S"
"NVL","13:24:33",16.9,0.1,200,4829400,"S"
"NVL","13:24:32",16.9,0.1,3000,4829200,"S"
"NVL","13:24:30",16.9,0.1,3000,4826200,"S"
"NVL","13:24:29",16.9,0.1,5000,4823200,"S"
"NVL","13:24:26",16.9,0.1,100,4818200,"S"
"NVL","13:24:23",16.9,0.1,1000,4818100,"S"
"NVL","13:24:20",16.9,0.1,500,4817100,"S"
"NVL","13:24:17",16.9,0.1,1500,4816600,"S"
"NVL","13:24:12",16.9,0.1,200,4815100,"S"
"NVL","13:24:10",16.9,0.1,5000,4814900,"S"
"NVL","13:24:04",16.85,0.05,500,4809900,"B"
"NVL","13:24:03",16.9,0.1,6000,4809400,"S"
"NVL","13:24:01",16.9,0.1,1000,4803400,"S"
"NVL","13:24:00",16.9,0.1,3500,4802400,"S"
"NVL","13:23:59",16.9,0.1,3000,4798900,"S"
"NVL","13:23:58",16.9,0.1,100,4795900,"S"
"NVL","13:23:53",16.9,0.1,3000,4795800,"S"
"NVL","13:23:51",16.9,0.1,100,4792800,"S"
"NVL","13:23:51",16.9,0.1,200,4792700,"S"
"NVL","13:23:46",16.85,0.05,100,4792500,"B"
"NVL","13:23:38",16.9,0.1,500,4792400,"S"
"NVL","13:23:36",16.9,0.1,100,4791900,"S"
"NVL","13:23:30",16.9,0.1,15000,4791800,"S"
"NVL","13:23:28",16.9,0.1,15400,4776800,"S"
"NVL","13:23:27",16.9,0.1,200,4761400,"S"
"NVL","13:23:20",16.9,0.1,100,4761200,"S"
"NVL","13:23:15",16.85,0.05,28400,4761100,"S"
"NVL","13:23:14",16.85,0.05,139100,4732700,"S"
"NVL","13:23:14",16.85,0.05,1500,4593600,"S"
"NVL","13:23:13",16.85,0.05,3200,4592100,"S"
"NVL","13:23:13",16.85,0.05,1000,4588900,"S"
"NVL","13:23:11",16.85,0.05,5000,4587900,"S"
"NVL","13:23:10",16.85,0.05,800,4582900,"S"
"NVL","13:23:10",16.85,0.05,1000,4582100,"S"
"NVL","13:23:09",16.85,0.05,3100,4576700,"S"
"NVL","13:23:08",16.85,0.05,7000,4573600,"S"
"NVL","13:23:08",16.85,0.05,1000,4566600,"S"
"NVL","13:23:07",16.85,0.05,1300,4560100,"S"
"NVL","13:23:06",16.85,0.05,1000,4558800,"S"
"NVL","13:23:05",16.85,0.05,500,4557800,"S"
"NVL","13:23:05",16.85,0.05,20000,4557300,"S"
"NVL","13:23:04",16.85,0.05,5200,4537300,"S"
"NVL","13:23:03",16.85,0.05,500,4532100,"S"
"NVL","13:23:02",16.85,0.05,100,4531600,"S"
"NVL","13:23:01",16.85,0.05,1000,4531500,"S"
"NVL","13:22:59",16.85,0.05,1000,4530500,"S"
"NVL","13:22:53",16.85,0.05,500,4529500,"S"
"NVL","13:22:53",16.85,0.05,2300,4529000,"S"
"NVL","13:22:52",16.85,0.05,700,4526700,"S"
"NVL","13:22:50",16.85,0.05,700,4526000,"S"
"NVL","13:22:49",16.85,0.05,600,4525300,"S"
"NVL","13:22:46",16.85,0.05,10000,4524700,"S"
"NVL","13:22:45",16.85,0.05,6000,4514700,"S"
"NVL","13:22:43",16.85,0.05,7000,4508700,"S"
"NVL","13:22:42",16.85,0.05,200,4501700,"S"
"NVL","13:22:40",16.85,0.05,100,4501500,"S"
"NVL","13:22:39",16.85,0.05,5000,4501400,"S"
"NVL","13:22:38",16.85,0.05,1000,4496400,"S"
"NVL","13:22:37",16.85,0.05,500,4495400,"S"
"NVL","13:22:36",16.85,0.05,300,4494900,"S"
"NVL","13:22:36",16.85,0.05,500,4494600,"S"
"NVL","13:22:32",16.85,0.05,20000,4494100,"S"
"NVL","13:22:31",16.85,0.05,1000,4474100,"S"
"NVL","13:22:28",16.85,0.05,20000,4473100,"S"
"NVL","13:22:26",16.8,0,1000,4453100,"B"
"NVL","13:22:26",16.85,0.05,500,4452100,"S"
"NVL","13:22:22",16.85,0.05,9400,4451600,"S"
"NVL","13:22:22",16.85,0.05,2600,4442200,"S"
"NVL","13:22:19",16.85,0.05,3000,4439600,"S"
"NVL","13:22:18",16.85,0.05,200,4436600,"S"
"NVL","13:22:14",16.8,0,200,4436400,"B"
"NVL","13:22:14",16.85,0.05,200,4436200,"S"
"NVL","13:22:14",16.85,0.05,1800,4436000,"S"
"NVL","13:22:13",16.85,0.05,500,4434200,"S"
"NVL","13:22:09",16.85,0.05,2500,4433700,"S"
"NVL","13:22:05",16.85,0.05,2000,4431200,"S"
"NVL","13:22:03",16.85,0.05,10000,4429200,"S"
"NVL","13:21:53",16.85,0.05,500,4419200,"S"
"NVL","13:21:50",16.85,0.05,300,4418700,"S"
"NVL","13:21:35",16.85,0.05,100,4418400,"S"
"NVL","13:21:30",16.8,0,500,4418300,"B"
"NVL","13:21:26",16.85,0.05,200,4417800,"S"
"NVL","13:21:24",16.85,0.05,1000,4417600,"S"
"NVL","13:21:19",16.85,0.05,2000,4416600,"S"
"NVL","13:21:18",16.85,0.05,100,4414600,"S"
"NVL","13:21:17",16.85,0.05,100,4414500,"S"
"NVL","13:21:17",16.8,0,100,4414400,"B"
"NVL","13:21:13",16.85,0.05,1000,4414300,"S"
"NVL","13:21:12",16.85,0.05,2000,4413300,"S"
"NVL","13:20:48",16.85,0.05,100,4411300,"S"
"NVL","13:20:45",16.85,0.05,200,4411200,"S"
"NVL","13:20:29",16.8,0,1000,4411000,"B"
"NVL","13:20:29",16.85,0.05,200,4410000,"S"
"NVL","13:20:28",16.85,0.05,300,4409800,"S"
"NVL","13:20:24",16.8,0,1600,4409500,"B"
"NVL","13:20:24",16.8,0,3400,4407900,"B"
"NVL","13:20:05",16.85,0.05,4000,4404500,"S"
"NVL","13:19:57",16.8,0,2700,4400500,"B"
"NVL","13:19:48",16.85,0.05,500,4397800,"S"
"NVL","13:19:47",16.85,0.05,1000,4397300,"S"
"NVL","13:19:38",16.85,0.05,300,4396300,"S"
"NVL","13:19:25",16.85,0.05,500,4396000,"S"
"NVL","13:19:22",16.85,0.05,500,4395500,"S"
"NVL","13:19:20",16.85,0.05,3000,4395000,"S"
"NVL","13:19:11",16.85,0.05,200,4392000,"S"
"NVL","13:19:10",16.85,0.05,100,4391800,"S"
"NVL","13:19:06",16.85,0.05,500,4391700,"S"
"NVL","13:18:34",16.85,0.05,1000,4391200,"S"
"NVL","13:18:19",16.85,0.05,500,4390200,"S"
"NVL","13:18:14",16.85,0.05,500,4389700,"S"
"NVL","13:18:01",16.85,0.05,200,4389200,"S"
"NVL","13:17:58",16.85,0.05,5000,4389000,"S"
"NVL","13:17:46",16.85,0.05,2000,4384000,"S"
"NVL","13:17:45",16.8,0,1000,4382000,"B"
"NVL","13:17:38",16.85,0.05,200,4381000,"S"
"NVL","13:17:29",16.85,0.05,200,4380800,"S"
"NVL","13:17:07",16.85,0.05,4000,4380600,"S"
"NVL","13:16:46",16.85,0.05,1800,4376600,"S"
"NVL","13:16:44",16.85,0.05,1000,4374800,"S"
"NVL","13:16:30",16.85,0.05,100,4373800,"S"
"NVL","13:16:25",16.85,0.05,2000,4373700,"S"
"NVL","13:16:22",16.85,0.05,400,4371700,"S"
"NVL","13:16:21",16.85,0.05,1000,4371300,"S"
"NVL","13:16:19",16.85,0.05,200,4370300,"S"
"NVL","13:16:05",16.85,0.05,100,4370100,"S"
"NVL","13:15:59",16.85,0.05,3500,4370000,"S"
"NVL","13:15:58",16.85,0.05,500,4366500,"S"
"NVL","13:15:56",16.85,0.05,10000,4366000,"S"
"NVL","13:15:48",16.85,0.05,100,4356000,"S"
"NVL","13:15:46",16.85,0.05,100,4355900,"S"
"NVL","13:15:39",16.8,0,100,4355800,"B"
"NVL","13:15:39",16.85,0.05,10000,4355700,"S"
"NVL","13:15:33",16.85,0.05,9400,4345700,"S"
"NVL","13:14:59",16.85,0.05,500,4336300,"S"
"NVL","13:14:48",16.85,0.05,400,4335800,"S"
"NVL","13:14:44",16.85,0.05,300,4335400,"S"
"NVL","13:14:40",16.85,0.05,20000,4335100,"S"
"NVL","13:14:36",16.85,0.05,700,4315100,"S"
"NVL","13:14:32",16.85,0.05,200,4314400,"S"
"NVL","13:14:28",16.85,0.05,2000,4314200,"S"
"NVL","13:13:55",16.85,0.05,3900,4312200,"S"
"NVL","13:13:54",16.85,0.05,16100,4308300,"S"
"NVL","13:13:53",16.8,0,100,4292200,"B"
"NVL","13:13:36",16.85,0.05,1300,4292100,"S"
"NVL","13:13:23",16.85,0.05,2000,4290800,"S"
"NVL","13:13:20",16.8,0,300,4288800,"B"
"NVL","13:13:17",16.85,0.05,100,4288500,"S"
"NVL","13:12:58",16.85,0.05,200,4288400,"S"
"NVL","13:12:42",16.85,0.05,800,4288200,"S"
"NVL","13:12:41",16.85,0.05,300,4287400,"S"
"NVL","13:12:30",16.8,0,100,4287100,"B"
"NVL","13:12:00",16.8,0,100,4287000,"B"
"NVL","13:11:34",16.8,0,200,4286900,"B"
"NVL","13:11:32",16.85,0.05,2000,4286700,"S"
"NVL","13:11:25",16.85,0.05,200,4284700,"S"
"NVL","13:11:22",16.8,0,300,4284500,"B"
"NVL","13:11:18",16.85,0.05,200,4284200,"S"
"NVL","13:11:07",16.8,0,2600,4284000,"B"
"NVL","13:11:02",16.85,0.05,5000,4281400,"S"
"NVL","13:10:58",16.85,0.05,2800,4276400,"S"
"NVL","13:10:56",16.85,0.05,4000,4273600,"S"
"NVL","13:10:56",16.85,0.05,5000,4269600,"S"
"NVL","13:10:52",16.85,0.05,1200,4264600,"S"
"NVL","13:10:49",16.8,0,500,4263400,"B"
"NVL","13:10:40",16.85,0.05,100,4262900,"S"
"NVL","13:10:35",16.85,0.05,300,4262800,"S"
"NVL","13:10:26",16.85,0.05,2000,4262500,"S"
"NVL","13:10:24",16.85,0.05,11100,4260500,"S"
"NVL","13:10:22",16.85,0.05,10000,4249400,"S"
"NVL","13:10:16",16.85,0.05,500,4239400,"S"
"NVL","13:10:12",16.85,0.05,600,4238900,"S"
"NVL","13:10:12",16.85,0.05,100,4238300,"S"
"NVL","13:10:07",16.85,0.05,300,4238200,"S"
"NVL","13:10:06",16.85,0.05,500,4237900,"S"
"NVL","13:09:54",16.85,0.05,9000,4237400,"S"
"NVL","13:09:52",16.85,0.05,200,4228400,"S"
"NVL","13:09:50",16.85,0.05,200,4228200,"S"
"NVL","13:09:43",16.85,0.05,500,4228000,"S"
"NVL","13:09:37",16.85,0.05,65500,4227500,"S"
"NVL","13:09:14",16.85,0.05,300,4162000,"S"
"NVL","13:09:10",16.85,0.05,3000,4161700,"S"
"NVL","13:09:09",16.85,0.05,300,4158700,"S"
"NVL","13:09:04",16.85,0.05,400,4158400,"S"
"NVL","13:09:00",16.85,0.05,200,4158000,"S"
"NVL","13:08:41",16.85,0.05,10000,4157800,"S"
"NVL","13:08:06",16.85,0.05,100,4147800,"S"
"NVL","13:08:02",16.85,0.05,700,4147700,"S"
"NVL","13:07:51",16.85,0.05,500,4147000,"S"
"NVL","13:07:50",16.85,0.05,3000,4146500,"S"
"NVL","13:07:49",16.85,0.05,200,4143500,"S"
"NVL","13:07:47",16.8,0,2000,4143300,"B"
"NVL","13:07:44",16.8,0,500,4141300,"B"
"NVL","13:07:40",16.85,0.05,6000,4140800,"S"
"NVL","13:07:33",16.8,0,200,4134800,"B"
"NVL","13:07:23",16.8,0,200,4134600,"B"
"NVL","13:07:02",16.8,0,200,4134400,"B"
"NVL","13:07:01",16.85,0.05,9500,4134200,"S"
"NVL","13:07:00",16.8,0,1000,4124700,"B"
"NVL","13:06:53",16.85,0.05,2200,4123700,"S"
"NVL","13:06:45",16.8,0,300,4121500,"B"
"NVL","13:06:38",16.85,0.05,200,4121200,"S"
"NVL","13:06:37",16.8,0,16000,4121000,"B"
"NVL","13:06:31",16.8,0,300,4105000,"B"
"NVL","13:06:29",16.8,0,500,4104700,"B"
"NVL","13:06:26",16.8,0,10000,4104200,"B"
"NVL","13:06:21",16.8,0,2400,4094200,"B"
"NVL","13:06:14",16.8,0,1000,4091800,"B"
"NVL","13:06:05",16.8,0,10000,4090800,"B"
"NVL","13:05:51",16.8,0,1100,4080800,"B"
"NVL","13:05:41",16.8,0,3600,4079700,"B"
"NVL","13:05:40",16.8,0,26400,4076100,"B"
"NVL","13:05:22",16.8,0,400,4049700,"B"
"NVL","13:05:15",16.8,0,1500,4049300,"B"
"NVL","13:05:07",16.8,0,800,4047800,"B"
"NVL","13:05:04",16.8,0,2400,4047000,"B"
"NVL","13:04:24",16.8,0,2200,4044400,"B"
"NVL","13:04:20",16.85,0.05,300,4042200,"S"
"NVL","13:04:19",16.85,0.05,5000,4041900,"S"
"NVL","13:04:15",16.8,0,100,4036900,"B"
"NVL","13:03:53",16.85,0.05,200,4036800,"S"
"NVL","13:03:48",16.85,0.05,200,4036600,"S"
"NVL","13:03:30",16.85,0.05,500,4036400,"S"
"NVL","13:03:21",16.85,0.05,600,4035900,"S"
"NVL","13:03:00",16.8,0,100,4035300,"B"
"NVL","13:02:52",16.85,0.05,200,4035200,"S"
"NVL","13:02:51",16.85,0.05,1000,4035000,"S"
"NVL","13:02:47",16.85,0.05,200,4034000,"S"
"NVL","13:02:38",16.85,0.05,1200,4033800,"S"
"NVL","13:02:13",16.85,0.05,500,4032600,"S"
"NVL","13:02:11",16.8,0,2000,4032100,"B"
"NVL","13:02:08",16.85,0.05,2000,4030100,"S"
"NVL","13:01:50",16.85,0.05,1000,4028100,"S"
"NVL","13:01:37",16.85,0.05,100,4027100,"S"
"NVL","13:01:29",16.85,0.05,3000,4027000,"S"
"NVL","13:00:48",16.85,0.05,200,4024000,"S"
"NVL","13:00:19",16.8,0,200,4023800,"B"
"NVL","13:00:19",16.85,0.05,1000,4023600,"S"
"NVL","13:00:18",16.8,0,500,4022600,"B"
"NVL","13:00:16",16.8,0,2700,4022100,"B"
"NVL","13:00:10",16.8,0,100,4019400,"B"
"NVL","13:00:09",16.8,0,300,4019300,"B"
"NVL","13:00:07",16.8,0,100,4019000,"B"
"NVL","13:00:06",16.8,0,1000,4018900,"B"
"NVL","13:00:05",16.8,0,700,4017900,"B"
"NVL","13:00:05",16.8,0,200,4017200,"B"
"NVL","13:00:04",16.8,0,1100,4017000,"B"
"NVL","13:00:03",16.8,0,2500,4015900,"B"
"NVL","13:00:03",16.8,0,5500,4013400,"B"
"NVL","13:00:03",16.85,0.05,100,4007900,"S"
"NVL","13:00:03",16.8,0,1500,4007800,"B"
"NVL","13:00:02",16.85,0.05,100,4006300,"S"
"NVL","13:00:02",16.8,0,78900,4006200,"B"
"NVL","13:00:01",16.8,0,400,3927300,"B"
"NVL","13:00:01",16.8,0,1800,3926900,"B"
"NVL","13:00:01",16.85,0.05,100,3925100,"S"
"NVL","13:00:00",16.8,0,2100,3925000,"B"
"NVL","13:00:00",16.8,0,18400,3922900,"B"
"NVL","13:00:00",16.85,0.05,100,3904500,"S"
"NVL","13:00:00",16.8,0,100,3904400,"B"
"NVL","11:29:39",16.8,0,10000,3904300,"B"
"NVL","11:29:25",16.8,0,20000,3894300,"B"
"NVL","11:29:17",16.85,0.05,600,3874300,"S"
"NVL","11:28:44",16.85,0.05,500,3873700,"S"
"NVL","11:28:43",16.8,0,300,3873200,"B"
"NVL","11:28:42",16.8,0,2100,3872900,"B"
"NVL","11:28:39",16.8,0,200,3870800,"B"
"NVL","11:28:21",16.8,0,3000,3870600,"B"
"NVL","11:28:15",16.85,0.05,100,3867600,"S"
"NVL","11:28:15",16.8,0,3000,3867500,"B"
"NVL","11:28:10",16.8,0,100,3864500,"B"
"NVL","11:27:48",16.8,0,1100,3864400,"B"
"NVL","11:27:48",16.85,0.05,50000,3863300,"S"
"NVL","11:26:58",16.85,0.05,100,3813300,"S"
"NVL","11:26:28",16.8,0,300,3813200,"B"
"NVL","11:26:08",16.8,0,2000,3812900,"B"
"NVL","11:26:07",16.85,0.05,100,3810900,"S"
"NVL","11:26:03",16.8,0,5000,3810800,"B"
"NVL","11:25:49",16.8,0,1000,3805800,"B"
"NVL","11:25:27",16.8,0,3000,3804800,"B"
"NVL","11:24:46",16.8,0,100,3801800,"B"
"NVL","11:24:18",16.8,0,1000,3801700,"B"
"NVL","11:24:00",16.8,0,100,3800700,"B"
"NVL","11:23:48",16.8,0,10000,3800600,"B"
"NVL","11:23:48",16.8,0,1000,3790600,"B"
"NVL","11:23:38",16.8,0,18300,3789600,"S"
"NVL","11:23:37",16.8,0,10000,3771300,"S"
"NVL","11:23:34",16.8,0,20000,3761300,"S"
"NVL","11:23:32",16.8,0,1000,3741300,"S"
"NVL","11:23:27",16.75,-0.05,100,3740300,"B"
"NVL","11:23:21",16.8,0,100,3740200,"S"
"NVL","11:23:13",16.8,0,300,3740100,"S"
"NVL","11:22:44",16.8,0,100,3739800,"S"
"NVL","11:22:31",16.8,0,1000,3739700,"S"
"NVL","11:22:28",16.8,0,700,3738700,"S"
"NVL","11:21:59",16.8,0,5000,3738000,"S"
"NVL","11:21:53",16.8,0,5000,3733000,"S"
"NVL","11:21:46",16.8,0,500,3728000,"S"
"NVL","11:21:20",16.8,0,1000,3727500,"S"
"NVL","11:21:15",16.8,0,600,3726500,"S"
"NVL","11:21:15",16.8,0,1800,3725900,"B"
"NVL","11:21:14",16.8,0,34800,3724100,"B"
"NVL","11:21:07",16.8,0,2000,3689300,"B"
"NVL","11:20:23",16.8,0,500,3687300,"B"
"NVL","11:20:13",16.8,0,500,3686800,"B"
"NVL","11:20:11",16.8,0,500,3686300,"B"
"NVL","11:20:07",16.8,0,500,3685800,"B"
"NVL","11:20:05",16.8,0,24500,3685300,"B"
"NVL","11:20:00",16.8,0,2400,3660800,"B"
"NVL","11:19:53",16.8,0,100,3658400,"B"
"NVL","11:19:52",16.8,0,100,3658300,"B"
"NVL","11:19:10",16.8,0,2700,3658200,"B"
"NVL","11:19:08",16.8,0,4000,3655500,"S"
"NVL","11:19:00",16.8,0,3000,3651500,"S"
"NVL","11:18:57",16.8,0,27500,3648500,"S"
"NVL","11:18:57",16.8,0,22500,3621000,"S"
"NVL","11:18:52",16.8,0,30000,3598500,"S"
"NVL","11:18:44",16.8,0,5000,3568500,"S"
"NVL","11:18:28",16.8,0,10000,3563500,"S"
"NVL","11:18:12",16.8,0,300,3553500,"S"
"NVL","11:18:11",16.75,-0.05,500,3553200,"B"
"NVL","11:17:06",16.75,-0.05,2500,3552700,"B"
"NVL","11:16:33",16.75,-0.05,1800,3550200,"B"
"NVL","11:16:26",16.75,-0.05,300,3548400,"B"
"NVL","11:15:41",16.75,-0.05,100,3548100,"B"
"NVL","11:15:34",16.75,-0.05,3400,3548000,"B"
"NVL","11:13:40",16.75,-0.05,2900,3544600,"B"
"NVL","11:13:10",16.8,0,1000,3541700,"S"
"NVL","11:13:06",16.8,0,300,3540700,"S"
"NVL","11:13:05",16.8,0,100,3540400,"S"
"NVL","11:12:45",16.8,0,100,3540300,"S"
"NVL","11:12:20",16.75,-0.05,15000,3540200,"B"
"NVL","11:12:14",16.75,-0.05,200,3525200,"B"
"NVL","11:12:09",16.75,-0.05,200,3525000,"B"
"NVL","11:11:05",16.75,-0.05,36600,3524800,"B"
"NVL","11:11:05",16.75,-0.05,33400,3488200,"B"
"NVL","11:10:42",16.8,0,2000,3454800,"S"
"NVL","11:10:12",16.8,0,100,3452800,"S"
"NVL","11:09:58",16.8,0,500,3452700,"S"
"NVL","11:09:53",16.8,0,1700,3452200,"S"
"NVL","11:09:45",16.8,0,1000,3450500,"S"
"NVL","11:09:36",16.8,0,200,3449500,"S"
"NVL","11:09:17",16.8,0,200,3449300,"S"
"NVL","11:09:04",16.8,0,300,3449100,"S"
"NVL","11:08:50",16.8,0,200,3448800,"S"
"NVL","11:08:44",16.8,0,200,3448600,"S"
"NVL","11:08:06",16.8,0,100,3448400,"S"
"NVL","11:08:05",16.8,0,100,3448300,"S"
"NVL","11:08:01",16.8,0,1000,3448200,"S"
"NVL","11:07:55",16.75,-0.05,400,3447200,"B"
"NVL","11:07:48",16.8,0,300,3446800,"S"
"NVL","11:07:48",16.8,0,3000,3446500,"S"
"NVL","11:07:44",16.8,0,300,3443500,"S"
"NVL","11:07:43",16.8,0,2000,3443200,"S"
"NVL","11:07:22",16.8,0,1600,3441200,"S"
"NVL","11:07:05",16.8,0,1000,3439600,"S"
"NVL","11:06:59",16.8,0,200,3438600,"S"
"NVL","11:06:49",16.8,0,2000,3438400,"S"
"NVL","11:06:47",16.8,0,300,3436400,"S"
"NVL","11:06:36",16.8,0,3600,3436100,"S"
"NVL","11:06:24",16.8,0,4900,3432500,"S"
"NVL","11:06:17",16.8,0,1000,3427600,"S"
"NVL","11:05:46",16.8,0,200,3426600,"S"
"NVL","11:05:24",16.8,0,1700,3426400,"B"
"NVL","11:05:19",16.8,0,400,3424700,"B"
"NVL","11:05:18",16.8,0,2600,3424300,"B"
"NVL","11:04:51",16.8,0,13200,3421700,"B"
"NVL","11:04:50",16.8,0,6800,3408500,"B"
"NVL","11:04:47",16.8,0,5000,3401700,"B"
"NVL","11:04:07",16.8,0,5000,3396700,"B"
"NVL","11:03:57",16.8,0,100,3391700,"B"
"NVL","11:03:36",16.8,0,100,3391600,"B"
"NVL","11:03:24",16.8,0,1000,3391500,"B"
"NVL","11:03:16",16.8,0,500,3390500,"B"
"NVL","11:03:15",16.8,0,2300,3390000,"B"
"NVL","11:03:14",16.8,0,2000,3387700,"B"
"NVL","11:03:04",16.8,0,900,3385700,"S"
"NVL","11:03:01",16.8,0,7500,3384800,"S"
"NVL","11:02:58",16.8,0,200,3377300,"S"
"NVL","11:02:56",16.8,0,500,3377100,"S"
"NVL","11:02:54",16.8,0,30000,3376600,"S"
"NVL","11:02:51",16.8,0,500,3346600,"S"
"NVL","11:02:47",16.8,0,1000,3346100,"S"
"NVL","11:02:47",16.8,0,1000,3345100,"S"
"NVL","11:02:39",16.8,0,50000,3344100,"S"
"NVL","11:02:26",16.8,0,1000,3294100,"S"
"NVL","11:02:20",16.8,0,300,3293100,"S"
"NVL","11:02:11",16.8,0,100,3292800,"S"
"NVL","11:01:52",16.75,-0.05,50000,3292700,"B"
"NVL","11:01:49",16.8,0,46900,3242700,"S"
"NVL","11:01:23",16.8,0,100,3195800,"S"
"NVL","11:01:18",16.8,0,100,3195700,"S"
"NVL","11:01:08",16.8,0,8100,3195600,"S"
"NVL","11:00:40",16.8,0,500,3187500,"S"
"NVL","11:00:27",16.75,-0.05,100,3187000,"B"
"NVL","11:00:15",16.8,0,1000,3186900,"S"
"NVL","11:00:05",16.8,0,100,3185900,"S"
"NVL","10:59:43",16.8,0,30000,3185800,"S"
"NVL","10:59:20",16.8,0,500,3155800,"S"
"NVL","10:58:19",16.75,-0.05,100,3155300,"B"
"NVL","10:57:37",16.8,0,1800,3155200,"S"
"NVL","10:56:06",16.75,-0.05,200,3153400,"B"
"NVL","10:55:46",16.75,-0.05,700,3153200,"B"
"NVL","10:55:08",16.75,-0.05,500,3152500,"B"
"NVL","10:55:01",16.75,-0.05,100,3152000,"B"
"NVL","10:54:31",16.75,-0.05,200,3151900,"B"
"NVL","10:53:35",16.8,0,100,3151700,"S"
"NVL","10:52:51",16.75,-0.05,200,3151600,"B"
"NVL","10:52:37",16.8,0,2300,3151400,"S"
"NVL","10:52:31",16.8,0,100,3149100,"S"
"NVL","10:52:06",16.8,0,1000,3149000,"S"
"NVL","10:51:37",16.8,0,500,3148000,"S"
"NVL","10:51:36",16.8,0,500,3147500,"S"
"NVL","10:50:57",16.8,0,5000,3147000,"S"
"NVL","10:50:46",16.8,0,100,3142000,"S"
"NVL","10:50:42",16.8,0,6000,3141900,"S"
"NVL","10:50:33",16.8,0,5000,3135900,"S"
"NVL","10:50:25",16.8,0,300,3130900,"S"
"NVL","10:50:24",16.8,0,1000,3130600,"S"
"NVL","10:50:19",16.8,0,200,3129600,"S"
"NVL","10:50:12",16.8,0,600,3129400,"S"
"NVL","10:50:03",16.8,0,500,3128800,"S"
"NVL","10:49:46",16.8,0,100,3128300,"S"
"NVL","10:49:03",16.8,0,500,3128200,"S"
"NVL","10:48:55",16.75,-0.05,1000,3127700,"B"
"NVL","10:48:52",16.8,0,13000,3126700,"S"
"NVL","10:48:49",16.8,0,1900,3113700,"S"
"NVL","10:48:36",16.75,-0.05,500,3111800,"B"
"NVL","10:48:33",16.8,0,400,3111300,"S"
"NVL","10:48:03",16.75,-0.05,10000,3110900,"B"
"NVL","10:48:01",16.75,-0.05,100,3100900,"B"
"NVL","10:47:58",16.8,0,100,3100800,"S"
"NVL","10:47:00",16.75,-0.05,100,3100700,"B"
"NVL","10:47:00",16.8,0,3000,3100600,"S"
"NVL","10:46:18",16.75,-0.05,10000,3097600,"B"
"NVL","10:45:34",16.8,0,700,3087600,"S"
"NVL","10:45:30",16.75,-0.05,2400,3086900,"B"
"NVL","10:44:38",16.75,-0.05,100,3084500,"B"
"NVL","10:44:21",16.8,0,100,3084400,"S"
"NVL","10:44:09",16.75,-0.05,1000,3084300,"B"
"NVL","10:44:01",16.8,0,500,3083300,"S"
"NVL","10:43:35",16.75,-0.05,200,3082800,"B"
"NVL","10:43:33",16.75,-0.05,300,3082600,"B"
"NVL","10:43:25",16.75,-0.05,200,3082300,"B"
"NVL","10:42:58",16.75,-0.05,2400,3082100,"B"
"NVL","10:42:56",16.8,0,300,3079700,"S"
"NVL","10:42:47",16.8,0,1700,3079400,"S"
"NVL","10:42:36",16.8,0,500,3077700,"S"
"NVL","10:42:20",16.8,0,100,3077200,"S"
"NVL","10:41:46",16.8,0,500,3077100,"S"
"NVL","10:41:33",16.75,-0.05,200,3076600,"B"
"NVL","10:41:02",16.8,0,1000,3076400,"S"
"NVL","10:40:51",16.8,0,7700,3075400,"S"
"NVL","10:40:47",16.8,0,1000,3067700,"S"
"NVL","10:40:31",16.8,0,200,3066700,"S"
"NVL","10:40:08",16.75,-0.05,3100,3066500,"B"
"NVL","10:39:53",16.8,0,500,3063400,"S"
"NVL","10:39:47",16.8,0,100,3062900,"S"
"NVL","10:39:29",16.8,0,100,3062800,"S"
"NVL","10:39:27",16.8,0,1000,3062700,"S"
"NVL","10:39:27",16.75,-0.05,100,3061700,"B"
"NVL","10:39:22",16.8,0,500,3061600,"S"
"NVL","10:39:14",16.8,0,900,3061000,"S"
"NVL","10:38:57",16.8,0,200,3060100,"S"
"NVL","10:38:37",16.8,0,3000,3059900,"S"
"NVL","10:38:34",16.8,0,100,3056900,"S"
"NVL","10:38:31",16.75,-0.05,500,3056800,"B"
"NVL","10:38:24",16.8,0,6300,3056300,"S"
"NVL","10:38:02",16.8,0,1300,3050000,"S"
"NVL","10:37:56",16.8,0,1000,3048700,"S"
"NVL","10:37:43",16.75,-0.05,1500,3047700,"B"
"NVL","10:37:40",16.75,-0.05,20700,3046200,"B"
"NVL","10:37:39",16.8,0,200,3025500,"S"
"NVL","10:37:25",16.8,0,1000,3025300,"S"
"NVL","10:37:24",16.8,0,100,3024300,"S"
"NVL","10:37:06",16.8,0,41000,3024200,"B"
"NVL","10:37:04",16.8,0,100,2983200,"B"
"NVL","10:36:31",16.8,0,3900,2983100,"B"
"NVL","10:36:22",16.8,0,5000,2979200,"B"
"NVL","10:36:07",16.8,0,4800,2974200,"S"
"NVL","10:36:04",16.8,0,500,2969400,"S"
"NVL","10:36:01",16.8,0,1000,2968900,"S"
"NVL","10:36:01",16.8,0,3000,2967900,"S"
"NVL","10:35:48",16.8,0,500,2964900,"S"
"NVL","10:35:45",16.8,0,3000,2964400,"S"
"NVL","10:35:19",16.8,0,3000,2961400,"S"
"NVL","10:35:05",16.8,0,1200,2958400,"S"
"NVL","10:34:54",16.8,0,400,2957200,"S"
"NVL","10:34:49",16.8,0,1300,2956800,"S"
"NVL","10:34:47",16.8,0,200,2955500,"S"
"NVL","10:34:40",16.8,0,5400,2955300,"B"
"NVL","10:34:29",16.8,0,3400,2949900,"B"
"NVL","10:34:26",16.8,0,1300,2946500,"S"
"NVL","10:34:26",16.8,0,1900,2945200,"S"
"NVL","10:34:22",16.8,0,3900,2943300,"S"
"NVL","10:34:19",16.8,0,100,2939400,"S"
"NVL","10:34:14",16.8,0,200,2939300,"S"
"NVL","10:34:13",16.8,0,100,2939100,"S"
"NVL","10:34:12",16.8,0,100,2939000,"S"
"NVL","10:34:07",16.8,0,500,2938900,"S"
"NVL","10:34:05",16.8,0,10100,2938400,"S"
"NVL","10:34:03",16.8,0,3000,2928300,"S"
"NVL","10:34:02",16.8,0,29400,2925300,"B"
"NVL","10:33:51",16.8,0,51000,2895900,"B"
"NVL","10:33:45",16.85,0.05,200,2844900,"S"
"NVL","10:33:44",16.8,0,40000,2844700,"B"
"NVL","10:33:42",16.85,0.05,200,2804700,"S"
"NVL","10:33:36",16.8,0,100,2804500,"B"
"NVL","10:33:28",16.85,0.05,100,2804400,"S"
"NVL","10:33:21",16.8,0,300,2804300,"B"
"NVL","10:33:18",16.8,0,200,2804000,"B"
"NVL","10:33:11",16.85,0.05,3000,2803800,"S"
"NVL","10:33:05",16.8,0,3000,2800800,"B"
"NVL","10:32:52",16.8,0,50000,2797800,"B"
"NVL","10:32:50",16.8,0,500,2747800,"B"
"NVL","10:32:42",16.8,0,1000,2747300,"B"
"NVL","10:32:32",16.8,0,24300,2746300,"S"
"NVL","10:32:32",16.8,0,1000,2722000,"S"
"NVL","10:32:31",16.8,0,10000,2721000,"S"
"NVL","10:32:29",16.8,0,150000,2711000,"S"
"NVL","10:32:25",16.8,0,200,2561000,"S"
"NVL","10:32:24",16.8,0,1100,2560800,"S"
"NVL","10:32:22",16.8,0,5000,2559700,"S"
"NVL","10:32:16",16.8,0,10800,2554700,"S"
"NVL","10:32:16",16.8,0,10700,2543900,"S"
"NVL","10:32:14",16.8,0,2000,2533200,"S"
"NVL","10:32:09",16.8,0,1900,2531200,"S"
"NVL","10:32:06",16.8,0,1000,2529300,"S"
"NVL","10:32:03",16.8,0,22900,2528300,"S"
"NVL","10:32:01",16.8,0,5000,2505400,"S"
"NVL","10:31:57",16.8,0,3000,2500400,"S"
"NVL","10:31:53",16.8,0,200,2497400,"S"
"NVL","10:31:50",16.8,0,500,2497200,"S"
"NVL","10:31:49",16.8,0,7000,2496700,"S"
"NVL","10:31:46",16.8,0,100,2489700,"S"
"NVL","10:31:37",16.8,0,500,2489600,"S"
"NVL","10:31:33",16.8,0,500,2489100,"S"
"NVL","10:31:29",16.8,0,10000,2488600,"S"
"NVL","10:31:21",16.8,0,108000,2478600,"S"
"NVL","10:31:04",16.8,0,5000,2370600,"S"
"NVL","10:30:39",16.75,-0.05,10000,2365600,"B"
"NVL","10:30:37",16.8,0,5000,2355600,"S"
"NVL","10:30:35",16.8,0,600,2350600,"S"
"NVL","10:29:12",16.75,-0.05,500,2350000,"B"
"NVL","10:29:01",16.75,-0.05,1000,2349500,"B"
"NVL","10:28:58",16.75,-0.05,500,2348500,"B"
"NVL","10:28:42",16.75,-0.05,400,2348000,"B"
"NVL","10:28:17",16.75,-0.05,200,2347600,"B"
"NVL","10:27:53",16.75,-0.05,1000,2347400,"B"
"NVL","10:27:47",16.75,-0.05,500,2346400,"B"
"NVL","10:26:57",16.75,-0.05,100,2345900,"B"
"NVL","10:26:39",16.8,0,500,2345800,"S"
"NVL","10:26:34",16.8,0,2000,2345300,"S"
"NVL","10:26:25",16.8,0,900,2343300,"S"
"NVL","10:26:09",16.75,-0.05,100,2342400,"B"
"NVL","10:26:03",16.8,0,1000,2342300,"S"
"NVL","10:25:35",16.8,0,100,2341300,"S"
"NVL","10:25:29",16.8,0,100,2341200,"S"
"NVL","10:25:20",16.8,0,500,2341100,"S"
"NVL","10:25:19",16.75,-0.05,200,2340600,"B"
"NVL","10:24:52",16.75,-0.05,1500,2340400,"B"
"NVL","10:24:30",16.75,-0.05,3000,2338900,"B"
"NVL","10:24:20",16.8,0,100,2335900,"S"
"NVL","10:23:52",16.8,0,1500,2335800,"S"
"NVL","10:23:37",16.75,-0.05,1000,2334300,"B"
"NVL","10:23:26",16.75,-0.05,2700,2333300,"B"
"NVL","10:23:24",16.75,-0.05,500,2330600,"B"
"NVL","10:23:16",16.75,-0.05,30000,2330100,"B"
"NVL","10:23:15",16.75,-0.05,500,2300100,"B"
"NVL","10:22:47",16.75,-0.05,5000,2299600,"B"
"NVL","10:22:27",16.75,-0.05,1000,2294600,"B"
"NVL","10:22:18",16.75,-0.05,1000,2293600,"B"
"NVL","10:22:08",16.75,-0.05,7000,2292600,"B"
"NVL","10:22:06",16.75,-0.05,1000,2285600,"B"
"NVL","10:21:59",16.75,-0.05,100,2284600,"B"
"NVL","10:21:41",16.75,-0.05,8600,2284500,"B"
"NVL","10:21:39",16.75,-0.05,1000,2275900,"B"
"NVL","10:21:36",16.75,-0.05,5000,2274900,"B"
"NVL","10:21:27",16.75,-0.05,3000,2269900,"B"
"NVL","10:21:21",16.75,-0.05,100,2266900,"B"
"NVL","10:21:02",16.75,-0.05,1000,2266800,"B"
"NVL","10:21:01",16.8,0,2000,2265800,"S"
"NVL","10:20:24",16.75,-0.05,17700,2263800,"B"
"NVL","10:20:22",16.75,-0.05,400,2246100,"B"
"NVL","10:19:47",16.75,-0.05,200,2245700,"B"
"NVL","10:19:40",16.75,-0.05,15000,2245500,"B"
"NVL","10:19:38",16.75,-0.05,1000,2230500,"B"
"NVL","10:18:51",16.75,-0.05,2300,2229500,"B"
"NVL","10:18:50",16.8,0,2000,2227200,"S"
"NVL","10:18:29",16.8,0,300,2225200,"S"
"NVL","10:18:27",16.75,-0.05,100,2224900,"B"
"NVL","10:18:02",16.75,-0.05,1900,2224800,"B"
"NVL","10:17:37",16.75,-0.05,600,2222900,"B"
"NVL","10:17:25",16.75,-0.05,1000,2222300,"B"
"NVL","10:17:15",16.75,-0.05,20000,2221300,"B"
"NVL","10:15:42",16.75,-0.05,1900,2201300,"B"
"NVL","10:14:57",16.8,0,200,2199400,"S"
"NVL","10:14:28",16.75,-0.05,300,2199200,"B"
"NVL","10:13:59",16.75,-0.05,39600,2198900,"S"
"NVL","10:13:58",16.75,-0.05,300,2159300,"S"
"NVL","10:13:51",16.75,-0.05,500,2159000,"S"
"NVL","10:13:46",16.75,-0.05,500,2158500,"S"
"NVL","10:13:44",16.75,-0.05,1400,2158000,"S"
"NVL","10:13:43",16.75,-0.05,5000,2156600,"S"
"NVL","10:13:38",16.75,-0.05,900,2151600,"S"
"NVL","10:13:37",16.75,-0.05,1000,2150700,"S"
"NVL","10:13:32",16.75,-0.05,100,2149700,"S"
"NVL","10:13:23",16.75,-0.05,500,2149600,"S"
"NVL","10:13:22",16.75,-0.05,100,2149100,"S"
"NVL","10:13:18",16.75,-0.05,400,2149000,"S"
"NVL","10:13:07",16.75,-0.05,200,2148600,"S"
"NVL","10:13:03",16.75,-0.05,500,2148400,"S"
"NVL","10:12:56",16.75,-0.05,1000,2147900,"S"
"NVL","10:12:44",16.75,-0.05,200,2146900,"S"
"NVL","10:12:41",16.75,-0.05,1400,2146700,"B"
"NVL","10:12:40",16.75,-0.05,200,2145300,"B"
"NVL","10:12:37",16.75,-0.05,27000,2145100,"B"
"NVL","10:12:34",16.75,-0.05,100,2118100,"B"
"NVL","10:12:26",16.8,0,500,2118000,"S"
"NVL","10:12:20",16.75,-0.05,10000,2117500,"B"
"NVL","10:12:18",16.75,-0.05,50000,2107500,"B"
"NVL","10:12:11",16.75,-0.05,5000,2057500,"B"
"NVL","10:12:07",16.75,-0.05,300,2052500,"B"
"NVL","10:11:50",16.75,-0.05,300,2052200,"B"
"NVL","10:11:47",16.75,-0.05,1000,2051900,"B"
"NVL","10:11:30",16.75,-0.05,100000,2050900,"B"
"NVL","10:11:08",16.75,-0.05,300,1950900,"B"
"NVL","10:11:03",16.75,-0.05,3800,1950600,"B"
"NVL","10:10:51",16.75,-0.05,200,1946800,"B"
"NVL","10:10:38",16.75,-0.05,400,1946600,"B"
"NVL","10:10:12",16.75,-0.05,100,1946200,"B"
"NVL","10:10:05",16.75,-0.05,200,1946100,"B"
"NVL","10:09:59",16.75,-0.05,500,1945900,"B"
"NVL","10:09:44",16.75,-0.05,300,1945400,"B"
"NVL","10:09:38",16.75,-0.05,2000,1945100,"B"
"NVL","10:09:24",16.75,-0.05,1100,1943100,"B"
"NVL","10:09:17",16.75,-0.05,10000,1942000,"B"
"NVL","10:08:47",16.75,-0.05,300,1932000,"B"
"NVL","10:08:14",16.75,-0.05,1300,1931700,"B"
"NVL","10:08:02",16.75,-0.05,5500,1930400,"B"
"NVL","10:07:57",16.75,-0.05,1000,1924900,"B"
"NVL","10:07:52",16.75,-0.05,500,1923900,"B"
"NVL","10:07:50",16.75,-0.05,1200,1923400,"B"
"NVL","10:06:45",16.75,-0.05,1000,1922200,"B"
"NVL","10:06:33",16.75,-0.05,1000,1921200,"B"
"NVL","10:06:30",16.75,-0.05,2000,1920200,"B"
"NVL","10:06:25",16.75,-0.05,500,1918200,"B"
"NVL","10:05:57",16.75,-0.05,100,1917700,"B"
"NVL","10:05:54",16.75,-0.05,6000,1917600,"B"
"NVL","10:05:50",16.75,-0.05,500,1911600,"B"
"NVL","10:05:03",16.75,-0.05,100,1911100,"B"
"NVL","10:04:52",16.8,0,700,1911000,"S"
"NVL","10:04:40",16.8,0,100,1910300,"S"
"NVL","10:04:29",16.8,0,300,1910200,"S"
"NVL","10:04:11",16.8,0,50000,1909900,"S"
"NVL","10:04:03",16.8,0,200,1859900,"S"
"NVL","10:03:43",16.8,0,100,1859700,"S"
"NVL","10:03:22",16.8,0,800,1859600,"S"
"NVL","10:03:13",16.75,-0.05,100,1858800,"B"
"NVL","10:02:58",16.75,-0.05,200,1858700,"B"
"NVL","10:02:54",16.75,-0.05,6000,1858500,"B"
"NVL","10:02:50",16.8,0,100,1852500,"S"
"NVL","10:02:42",16.75,-0.05,2000,1852400,"B"
"NVL","10:02:13",16.8,0,1000,1850400,"S"
"NVL","10:02:08",16.8,0,100,1849400,"S"
"NVL","10:01:41",16.8,0,500,1849300,"S"
"NVL","10:01:37",16.8,0,1200,1848800,"S"
"NVL","10:01:36",16.8,0,500,1847600,"S"
"NVL","10:00:35",16.8,0,100,1847100,"S"
"NVL","10:00:16",16.75,-0.05,300,1847000,"B"
"NVL","10:00:13",16.75,-0.05,100,1846700,"B"
"NVL","10:00:06",16.8,0,5500,1846600,"S"
"NVL","10:00:04",16.8,0,200,1841100,"S"
"NVL","09:59:59",16.8,0,100,1840900,"S"
"NVL","09:59:58",16.8,0,2500,1840800,"S"
"NVL","09:59:24",16.75,-0.05,1800,1838300,"B"
"NVL","09:59:19",16.75,-0.05,47100,1836500,"S"
"NVL","09:59:19",16.75,-0.05,6500,1789400,"S"
"NVL","09:59:18",16.75,-0.05,10000,1782900,"S"
"NVL","09:59:17",16.75,-0.05,1100,1772900,"S"
"NVL","09:59:15",16.75,-0.05,300,1771800,"S"
"NVL","09:59:11",16.75,-0.05,500,1771500,"S"
"NVL","09:59:08",16.75,-0.05,100,1771000,"S"
"NVL","09:59:07",16.75,-0.05,1000,1770900,"S"
"NVL","09:59:05",16.75,-0.05,500,1769900,"S"
"NVL","09:59:04",16.75,-0.05,100,1769400,"S"
"NVL","09:59:03",16.75,-0.05,300,1769300,"S"
"NVL","09:59:02",16.75,-0.05,1000,1769000,"S"
"NVL","09:59:01",16.75,-0.05,100,1768000,"S"
"NVL","09:59:01",16.7,-0.1,29000,1767900,"B"
"NVL","09:59:00",16.75,-0.05,2000,1738700,"S"
"NVL","09:59:00",16.7,-0.1,200,1736700,"B"
"NVL","09:58:59",16.75,-0.05,100,1736500,"S"
"NVL","09:58:56",16.75,-0.05,10000,1736400,"S"
"NVL","09:58:55",16.75,-0.05,500,1726400,"S"
"NVL","09:58:54",16.75,-0.05,300,1725900,"S"
"NVL","09:58:50",16.75,-0.05,2500,1725600,"S"
"NVL","09:58:43",16.75,-0.05,1500,1723100,"S"
"NVL","09:58:30",16.75,-0.05,600,1721600,"S"
"NVL","09:58:28",16.75,-0.05,200,1721000,"S"
"NVL","09:58:26",16.75,-0.05,100,1720800,"S"
"NVL","09:58:25",16.75,-0.05,100,1720700,"S"
"NVL","09:58:21",16.75,-0.05,100,1720600,"S"
"NVL","09:58:20",16.75,-0.05,600,1720500,"S"
"NVL","09:58:18",16.75,-0.05,100,1719900,"S"
"NVL","09:58:16",16.75,-0.05,100,1719800,"S"
"NVL","09:58:14",16.75,-0.05,100,1719700,"S"
"NVL","09:58:08",16.75,-0.05,200,1719600,"S"
"NVL","09:58:07",16.75,-0.05,500,1719400,"S"
"NVL","09:58:06",16.75,-0.05,1000,1718900,"S"
"NVL","09:57:51",16.75,-0.05,300,1717900,"S"
"NVL","09:57:45",16.75,-0.05,3800,1717600,"B"
"NVL","09:57:40",16.75,-0.05,1100,1713800,"B"
"NVL","09:57:36",16.75,-0.05,9000,1712700,"B"
"NVL","09:57:34",16.75,-0.05,100,1703700,"B"
"NVL","09:57:15",16.75,-0.05,29700,1703600,"B"
"NVL","09:57:04",16.75,-0.05,2900,1673900,"B"
"NVL","09:57:04",16.75,-0.05,200,1671000,"B"
"NVL","09:56:59",16.75,-0.05,6700,1670800,"B"
"NVL","09:56:55",16.8,0,50000,1664100,"S"
"NVL","09:56:46",16.75,-0.05,100,1614100,"B"
"NVL","09:56:27",16.75,-0.05,800,1614000,"B"
"NVL","09:56:17",16.8,0,1000,1613200,"S"
"NVL","09:55:55",16.8,0,400,1612200,"S"
"NVL","09:55:44",16.75,-0.05,100,1611800,"B"
"NVL","09:55:18",16.75,-0.05,5000,1611700,"B"
"NVL","09:55:00",16.75,-0.05,6000,1606700,"B"
"NVL","09:54:44",16.75,-0.05,3500,1600700,"B"
"NVL","09:54:39",16.8,0,3000,1597200,"S"
"NVL","09:54:30",16.8,0,1000,1594200,"S"
"NVL","09:54:28",16.8,0,1000,1593200,"S"
"NVL","09:53:58",16.8,0,2000,1592200,"S"
"NVL","09:53:55",16.8,0,100,1590200,"S"
"NVL","09:53:38",16.8,0,4000,1590100,"S"
"NVL","09:53:26",16.75,-0.05,100,1586100,"B"
"NVL","09:53:15",16.75,-0.05,500,1586000,"B"
"NVL","09:53:15",16.75,-0.05,39500,1585500,"B"
"NVL","09:53:14",16.75,-0.05,1700,1546000,"B"
"NVL","09:53:05",16.75,-0.05,8000,1544300,"B"
"NVL","09:52:27",16.75,-0.05,50000,1536300,"B"
"NVL","09:52:12",16.75,-0.05,21900,1486300,"B"
"NVL","09:51:33",16.75,-0.05,10500,1464400,"B"
"NVL","09:51:32",16.8,0,500,1453900,"S"
"NVL","09:51:25",16.75,-0.05,300,1453400,"B"
"NVL","09:51:13",16.75,-0.05,2000,1453100,"B"
"NVL","09:51:00",16.75,-0.05,6000,1451100,"B"
"NVL","09:50:45",16.75,-0.05,700,1445100,"B"
"NVL","09:50:35",16.75,-0.05,10000,1444400,"B"
"NVL","09:49:52",16.75,-0.05,200,1434400,"B"
"NVL","09:49:30",16.75,-0.05,500,1434200,"B"
"NVL","09:49:23",16.75,-0.05,200,1433700,"B"
"NVL","09:49:22",16.75,-0.05,1000,1433500,"B"
"NVL","09:49:02",16.75,-0.05,200,1432500,"B"
"NVL","09:48:59",16.75,-0.05,600,1432300,"B"
"NVL","09:48:55",16.75,-0.05,200,1431700,"B"
"NVL","09:48:32",16.75,-0.05,10000,1426300,"B"
"NVL","09:48:27",16.75,-0.05,1500,1416300,"B"
"NVL","09:48:26",16.8,0,500,1414800,"S"
"NVL","09:48:18",16.8,0,100,1414300,"S"
"NVL","09:48:11",16.75,-0.05,1000,1414200,"B"
"NVL","09:47:56",16.75,-0.05,3000,1413200,"B"
"NVL","09:47:41",16.75,-0.05,1000,1410200,"B"
"NVL","09:47:33",16.75,-0.05,7900,1409200,"B"
"NVL","09:47:27",16.75,-0.05,500,1401300,"B"
"NVL","09:47:16",16.75,-0.05,100,1400800,"B"
"NVL","09:47:14",16.75,-0.05,100,1400700,"B"
"NVL","09:47:02",16.75,-0.05,200,1400600,"B"
"NVL","09:47:01",16.75,-0.05,500,1400400,"B"
"NVL","09:46:59",16.75,-0.05,200,1399900,"B"
"NVL","09:46:52",16.75,-0.05,5100,1399700,"B"
"NVL","09:46:40",16.75,-0.05,200,1394600,"B"
"NVL","09:46:32",16.75,-0.05,200,1394400,"B"
"NVL","09:46:28",16.75,-0.05,900,1394200,"S"
"NVL","09:46:25",16.75,-0.05,1000,1393300,"S"
"NVL","09:46:24",16.75,-0.05,15500,1392300,"S"
"NVL","09:46:23",16.75,-0.05,10000,1376800,"S"
"NVL","09:46:19",16.75,-0.05,100,1366800,"S"
"NVL","09:46:18",16.75,-0.05,1000,1366700,"S"
"NVL","09:46:18",16.75,-0.05,1000,1365700,"S"
"NVL","09:46:17",16.75,-0.05,500,1364700,"S"
"NVL","09:46:14",16.75,-0.05,100,1364200,"S"
"NVL","09:46:09",16.75,-0.05,5000,1364100,"S"
"NVL","09:46:06",16.75,-0.05,500,1359100,"S"
"NVL","09:45:52",16.75,-0.05,300,1358600,"S"
"NVL","09:45:48",16.75,-0.05,1000,1358300,"S"
"NVL","09:45:46",16.7,-0.1,100,1357300,"B"
"NVL","09:45:28",16.75,-0.05,200,1357200,"S"
"NVL","09:45:25",16.75,-0.05,200,1357000,"S"
"NVL","09:45:14",16.75,-0.05,300,1356800,"S"
"NVL","09:45:12",16.75,-0.05,1900,1356500,"S"
"NVL","09:44:57",16.7,-0.1,1200,1354600,"B"
"NVL","09:44:49",16.75,-0.05,100,1353400,"S"
"NVL","09:44:43",16.75,-0.05,100,1353300,"S"
"NVL","09:44:35",16.7,-0.1,5000,1353200,"B"
"NVL","09:44:33",16.75,-0.05,200,1348200,"S"
"NVL","09:44:30",16.75,-0.05,100,1348000,"S"
"NVL","09:44:29",16.75,-0.05,100,1347900,"S"
"NVL","09:44:28",16.75,-0.05,3500,1347800,"B"
"NVL","09:43:51",16.75,-0.05,500,1344300,"B"
"NVL","09:43:49",16.75,-0.05,2500,1343800,"B"
"NVL","09:43:38",16.75,-0.05,2000,1341300,"B"
"NVL","09:43:30",16.75,-0.05,1800,1339300,"B"
"NVL","09:43:22",16.75,-0.05,600,1337500,"B"
"NVL","09:43:21",16.75,-0.05,2000,1336900,"B"
"NVL","09:43:19",16.75,-0.05,2600,1334900,"S"
"NVL","09:43:17",16.75,-0.05,100,1332300,"S"
"NVL","09:43:13",16.75,-0.05,2100,1332200,"S"
"NVL","09:43:08",16.75,-0.05,50000,1330100,"S"
"NVL","09:43:06",16.75,-0.05,100,1280100,"S"
"NVL","09:42:40",16.75,-0.05,200,1280000,"S"
"NVL","09:42:37",16.75,-0.05,100,1279800,"S"
"NVL","09:42:32",16.7,-0.1,14500,1279700,"B"
"NVL","09:42:25",16.75,-0.05,5000,1265200,"S"
"NVL","09:42:22",16.75,-0.05,300,1260200,"S"
"NVL","09:42:21",16.7,-0.1,500,1259900,"B"
"NVL","09:42:06",16.7,-0.1,3500,1259400,"B"
"NVL","09:41:32",16.7,-0.1,700,1255900,"B"
"NVL","09:41:21",16.7,-0.1,12000,1255200,"B"
"NVL","09:41:12",16.7,-0.1,400,1243200,"B"
"NVL","09:40:55",16.7,-0.1,1000,1242800,"B"
"NVL","09:40:39",16.7,-0.1,500,1241800,"B"
"NVL","09:40:25",16.75,-0.05,300,1241300,"S"
"NVL","09:40:22",16.75,-0.05,300,1241000,"S"
"NVL","09:40:08",16.75,-0.05,200,1240700,"S"
"NVL","09:40:04",16.75,-0.05,200,1240500,"S"
"NVL","09:39:54",16.75,-0.05,100,1240300,"S"
"NVL","09:39:48",16.75,-0.05,200,1240200,"S"
"NVL","09:39:17",16.75,-0.05,2200,1240000,"B"
"NVL","09:39:12",16.75,-0.05,51200,1237800,"S"
"NVL","09:39:01",16.75,-0.05,100,1186600,"S"
"NVL","09:38:46",16.75,-0.05,200,1186500,"S"
"NVL","09:38:45",16.75,-0.05,100,1186300,"S"
"NVL","09:38:12",16.75,-0.05,16100,1186200,"S"
"NVL","09:38:09",16.75,-0.05,2000,1170100,"S"
"NVL","09:38:05",16.75,-0.05,800,1168100,"S"
"NVL","09:37:56",16.75,-0.05,38800,1167300,"B"
"NVL","09:37:56",16.75,-0.05,40000,1128500,"B"
"NVL","09:37:46",16.75,-0.05,30000,1088500,"B"
"NVL","09:37:32",16.75,-0.05,1000,1058500,"B"
"NVL","09:37:28",16.75,-0.05,17800,1057500,"S"
"NVL","09:37:22",16.7,-0.1,100,1039700,"B"
"NVL","09:37:22",16.75,-0.05,100000,1039600,"S"
"NVL","09:36:58",16.7,-0.1,1000,939600,"B"
"NVL","09:36:56",16.7,-0.1,1000,938600,"B"
"NVL","09:36:46",16.7,-0.1,2200,937600,"B"
"NVL","09:36:38",16.75,-0.05,2000,935400,"S"
"NVL","09:36:30",16.7,-0.1,1200,933400,"B"
"NVL","09:36:29",16.7,-0.1,500,932200,"B"
"NVL","09:36:26",16.75,-0.05,100,931700,"S"
"NVL","09:36:23",16.75,-0.05,1000,931600,"S"
"NVL","09:36:07",16.75,-0.05,100,930600,"S"
"NVL","09:36:02",16.75,-0.05,9000,930500,"B"
"NVL","09:35:58",16.75,-0.05,500,921500,"B"
"NVL","09:35:48",16.75,-0.05,3000,921000,"B"
"NVL","09:35:29",16.75,-0.05,5000,918000,"B"
"NVL","09:35:27",16.75,-0.05,100,913000,"B"
"NVL","09:35:26",16.75,-0.05,100,912900,"B"
"NVL","09:35:18",16.75,-0.05,1400,912800,"B"
"NVL","09:35:15",16.75,-0.05,400,911400,"B"
"NVL","09:35:12",16.75,-0.05,16600,911000,"S"
"NVL","09:35:10",16.75,-0.05,500,894400,"S"
"NVL","09:35:03",16.75,-0.05,1400,893900,"S"
"NVL","09:35:01",16.75,-0.05,200,892500,"S"
"NVL","09:34:57",16.75,-0.05,100,892300,"S"
"NVL","09:34:50",16.75,-0.05,500,892200,"S"
"NVL","09:34:47",16.75,-0.05,200,891700,"S"
"NVL","09:34:46",16.75,-0.05,100,891500,"S"
"NVL","09:34:45",16.75,-0.05,18400,891400,"B"
"NVL","09:34:38",16.75,-0.05,9200,873000,"B"
"NVL","09:34:37",16.75,-0.05,15400,863800,"S"
"NVL","09:34:37",16.75,-0.05,900,848400,"S"
"NVL","09:34:27",16.75,-0.05,200,847500,"S"
"NVL","09:34:26",16.75,-0.05,200,847300,"S"
"NVL","09:34:24",16.75,-0.05,100,847100,"S"
"NVL","09:34:23",16.75,-0.05,100,847000,"S"
"NVL","09:34:17",16.75,-0.05,4700,846900,"B"
"NVL","09:34:16",16.75,-0.05,200000,842200,"B"
"NVL","09:34:15",16.75,-0.05,2000,642200,"B"
"NVL","09:34:05",16.75,-0.05,1000,640200,"B"
"NVL","09:33:49",16.75,-0.05,30000,639200,"B"
"NVL","09:33:48",16.75,-0.05,100,609200,"B"
"NVL","09:33:47",16.75,-0.05,15000,609100,"B"
"NVL","09:33:37",16.8,0,200,594100,"S"
"NVL","09:33:20",16.8,0,500,593900,"S"
"NVL","09:33:15",16.8,0,100,593400,"S"
"NVL","09:33:13",16.8,0,200,593300,"S"
"NVL","09:32:50",16.8,0,400,593100,"S"
"NVL","09:32:06",16.8,0,1000,592700,"S"
"NVL","09:32:00",16.8,0,100,591700,"S"
"NVL","09:31:46",16.8,0,1000,591600,"S"
"NVL","09:31:37",16.8,0,500,590600,"S"
"NVL","09:31:22",16.75,-0.05,35000,590100,"B"
"NVL","09:31:15",16.8,0,100,555100,"S"
"NVL","09:30:53",16.8,0,100,555000,"S"
"NVL","09:30:46",16.8,0,200,554900,"S"
"NVL","09:30:38",16.8,0,100,554700,"S"
"NVL","09:30:22",16.8,0,100,554600,"S"
"NVL","09:30:20",16.8,0,3000,554500,"S"
"NVL","09:30:01",16.8,0,100,551500,"S"
"NVL","09:29:35",16.8,0,100,551400,"S"
"NVL","09:29:21",16.8,0,100,551300,"S"
"NVL","09:29:12",16.8,0,5000,551200,"S"
"NVL","09:29:11",16.8,0,500,546200,"S"
"NVL","09:29:07",16.8,0,100,545700,"S"
"NVL","09:29:06",16.8,0,500,545600,"S"
"NVL","09:28:54",16.8,0,1000,545100,"S"
"NVL","09:28:54",16.8,0,400,544100,"S"
"NVL","09:28:47",16.8,0,500,543700,"S"
"NVL","09:28:44",16.8,0,1400,543200,"B"
"NVL","09:28:40",16.8,0,5700,541800,"B"
"NVL","09:28:35",16.8,0,15000,536100,"B"
"NVL","09:28:29",16.8,0,40000,521100,"B"
"NVL","09:28:10",16.8,0,2700,481100,"B"
"NVL","09:28:07",16.8,0,200,478400,"B"
"NVL","09:27:58",16.8,0,100000,478200,"B"
"NVL","09:27:57",16.8,0,7700,378200,"B"
"NVL","09:27:46",16.8,0,800,370500,"B"
"NVL","09:27:41",16.8,0,500,369700,"B"
"NVL","09:27:20",16.8,0,1300,369200,"B"
"NVL","09:27:11",16.8,0,5000,367900,"B"
"NVL","09:26:45",16.8,0,200,362900,"B"
"NVL","09:26:38",16.85,0.05,1000,362700,"S"
"NVL","09:26:37",16.8,0,200,361700,"B"
"NVL","09:26:15",16.8,0,400,361500,"B"
"NVL","09:26:07",16.8,0,500,361100,"B"
"NVL","09:26:06",16.85,0.05,100,360600,"S"
"NVL","09:25:58",16.8,0,5000,360500,"B"
"NVL","09:25:56",16.8,0,1300,355500,"B"
"NVL","09:25:51",16.8,0,1900,354200,"B"
"NVL","09:25:25",16.8,0,300,352300,"B"
"NVL","09:25:25",16.8,0,100,352000,"B"
"NVL","09:25:18",16.8,0,10000,351900,"B"
"NVL","09:25:09",16.8,0,3000,341900,"B"
"NVL","09:24:49",16.8,0,1000,338900,"B"
"NVL","09:24:44",16.85,0.05,600,337900,"S"
"NVL","09:24:38",16.85,0.05,700,337300,"S"
"NVL","09:24:27",16.8,0,3000,336600,"B"
"NVL","09:23:57",16.8,0,3500,333600,"B"
"NVL","09:23:20",16.8,0,100,330100,"B"
"NVL","09:23:10",16.8,0,300,330000,"B"
"NVL","09:23:07",16.8,0,1000,329700,"B"
"NVL","09:22:52",16.85,0.05,1000,328700,"S"
"NVL","09:22:48",16.8,0,1000,327700,"B"
"NVL","09:22:29",16.8,0,4700,326700,"B"
"NVL","09:22:26",16.8,0,3000,322000,"B"
"NVL","09:22:10",16.8,0,5000,319000,"B"
"NVL","09:21:59",16.8,0,4000,314000,"B"
"NVL","09:21:47",16.8,0,3000,310000,"B"
"NVL","09:21:43",16.8,0,500,307000,"B"
"NVL","09:21:29",16.8,0,100,306500,"B"
"NVL","09:21:20",16.8,0,100,306400,"B"
"NVL","09:21:05",16.8,0,200,306300,"B"
"NVL","09:20:29",16.8,0,1000,306100,"B"
"NVL","09:20:27",16.8,0,100,305100,"B"
"NVL","09:20:12",16.85,0.05,3100,305000,"S"
"NVL","09:20:08",16.8,0,200,301900,"B"
"NVL","09:20:04",16.8,0,50000,301700,"B"
"NVL","09:20:03",16.8,0,100,251700,"B"
"NVL","09:20:01",16.8,0,500,251600,"B"
"NVL","09:19:56",16.8,0,2000,251100,"B"
"NVL","09:19:29",16.8,0,500,249100,"B"
"NVL","09:18:58",16.8,0,36300,248600,"S"
"NVL","09:18:57",16.8,0,100,212300,"S"
"NVL","09:18:49",16.8,0,2000,212200,"S"
"NVL","09:18:47",16.8,0,100,210200,"S"
"NVL","09:18:42",16.8,0,1700,210100,"S"
"NVL","09:18:36",16.8,0,600,208400,"S"
"NVL","09:18:30",16.8,0,100,207800,"S"
"NVL","09:18:29",16.8,0,500,207700,"S"
"NVL","09:18:25",16.8,0,200,207200,"S"
"NVL","09:18:21",16.8,0,500,207000,"S"
"NVL","09:18:20",16.8,0,2700,206500,"S"
"NVL","09:18:18",16.8,0,1900,203800,"S"
"NVL","09:18:07",16.8,0,2000,201900,"S"
"NVL","09:18:03",16.8,0,100,199900,"S"
"NVL","09:18:02",16.8,0,300,199800,"S"
"NVL","09:18:00",16.8,0,900,199500,"S"
"NVL","09:17:58",16.8,0,5000,198600,"S"
"NVL","09:17:57",16.8,0,500,193600,"S"
"NVL","09:17:56",16.75,-0.05,100,193100,"B"
"NVL","09:17:56",16.8,0,500,193000,"S"
"NVL","09:17:54",16.8,0,2500,192500,"S"
"NVL","09:17:54",16.75,-0.05,1000,190000,"B"
"NVL","09:17:53",16.8,0,5000,189000,"S"
"NVL","09:17:46",16.8,0,200,184000,"S"
"NVL","09:17:33",16.8,0,600,183800,"S"
"NVL","09:17:32",16.8,0,13500,183200,"B"
"NVL","09:17:30",16.85,0.05,500,169700,"S"
"NVL","09:17:28",16.8,0,15000,169200,"B"
"NVL","09:17:19",16.85,0.05,100,154200,"S"
"NVL","09:16:57",16.8,0,93800,154100,"S"
"NVL","09:16:55",16.8,0,2000,60300,"S"
"NVL","09:16:49",16.8,0,10000,58300,"S"
"NVL","09:16:41",16.8,0,500,48300,"S"
"NVL","09:16:40",16.8,0,200,47800,"S"
"NVL","09:16:38",16.8,0,100,47600,"S"
"NVL","09:16:37",16.8,0,1000,47500,"S"
"NVL","09:16:34",16.8,0,400,46500,"S"
"NVL","09:16:28",16.8,0,400,46100,"S"
"NVL","09:16:19",16.8,0,1000,45700,"S"
"NVL","09:16:17",16.8,0,500,44700,"S"
"NVL","09:16:12",16.8,0,100,44200,"S"
"NVL","09:16:10",16.75,-0.05,100,44100,"B"
"NVL","09:16:02",16.75,-0.05,1500,44000,"B"
"NVL","09:15:52",16.8,0,3000,42500,"S"
"NVL","09:15:12",16.75,-0.05,10000,39500,"B"
"NVL","09:15:00",16.75,-0.05,29500,29500,
