"symbol","time","price","change","vol","total","side"
"VCG","14:45:02",24.5,0.05,524700,4627600,
"VCG","14:29:55",24.4,-0.05,5000,4102900,"B"
"VCG","14:29:55",24.45,0,200,4097900,"S"
"VCG","14:29:49",24.45,0,4000,4097700,"S"
"VCG","14:29:41",24.4,-0.05,300,4093700,"B"
"VCG","14:29:41",24.45,0,200,4093400,"S"
"VCG","14:29:36",24.45,0,17700,4093200,"S"
"VCG","14:29:34",24.4,-0.05,2300,4075500,"B"
"VCG","14:29:27",24.4,-0.05,800,4073200,"B"
"VCG","14:29:26",24.4,-0.05,3000,4072400,"B"
"VCG","14:29:25",24.45,0,6500,4069400,"S"
"VCG","14:29:22",24.45,0,1000,4062900,"S"
"VCG","14:29:18",24.4,-0.05,1500,4061900,"B"
"VCG","14:29:17",24.45,0,300,4060400,"S"
"VCG","14:29:13",24.45,0,1000,4060100,"S"
"VCG","14:29:12",24.45,0,200,4059100,"S"
"VCG","14:29:11",24.4,-0.05,1500,4058900,"B"
"VCG","14:28:53",24.45,0,300,4057400,"S"
"VCG","14:28:52",24.45,0,200,4057100,"S"
"VCG","14:28:51",24.45,0,92700,4056900,"B"
"VCG","14:28:43",24.5,0.05,1200,3964200,"S"
"VCG","14:28:40",24.5,0.05,2000,3963000,"S"
"VCG","14:28:38",24.5,0.05,200,3961000,"S"
"VCG","14:28:37",24.5,0.05,700,3960800,"S"
"VCG","14:28:36",24.5,0.05,300,3960100,"S"
"VCG","14:28:29",24.5,0.05,100,3959800,"S"
"VCG","14:28:23",24.5,0.05,400,3959700,"S"
"VCG","14:28:23",24.5,0.05,500,3959300,"S"
"VCG","14:28:17",24.5,0.05,1000,3958800,"S"
"VCG","14:28:15",24.55,0.1,13900,3957800,"S"
"VCG","14:28:15",24.5,0.05,16700,3943900,"S"
"VCG","14:28:11",24.5,0.05,2000,3927200,"S"
"VCG","14:28:03",24.5,0.05,500,3925200,"S"
"VCG","14:27:45",24.5,0.05,500,3924700,"S"
"VCG","14:27:44",24.5,0.05,29600,3924200,"S"
"VCG","14:27:34",24.5,0.05,500,3894600,"S"
"VCG","14:27:34",24.45,0,10000,3894100,"B"
"VCG","14:27:23",24.5,0.05,200,3884100,"S"
"VCG","14:27:17",24.5,0.05,1100,3883900,"S"
"VCG","14:27:12",24.5,0.05,29500,3882800,"S"
"VCG","14:27:08",24.45,0,4000,3853300,"B"
"VCG","14:27:06",24.5,0.05,2000,3849300,"S"
"VCG","14:26:52",24.45,0,1500,3847300,"B"
"VCG","14:26:51",24.5,0.05,500,3845800,"S"
"VCG","14:26:47",24.45,0,1000,3845300,"B"
"VCG","14:26:44",24.5,0.05,500,3844300,"S"
"VCG","14:26:41",24.5,0.05,29500,3843800,"S"
"VCG","14:26:34",24.5,0.05,200,3814300,"S"
"VCG","14:26:27",24.5,0.05,1200,3814100,"S"
"VCG","14:26:16",24.45,0,5000,3812900,"B"
"VCG","14:26:12",24.5,0.05,600,3807900,"S"
"VCG","14:26:10",24.5,0.05,29500,3807300,"S"
"VCG","14:25:59",24.5,0.05,1000,3777800,"S"
"VCG","14:25:57",24.5,0.05,300,3776800,"S"
"VCG","14:25:51",24.5,0.05,2500,3776500,"S"
"VCG","14:25:39",24.5,0.05,29500,3774000,"S"
"VCG","14:25:36",24.5,0.05,200,3744500,"S"
"VCG","14:25:35",24.5,0.05,500,3744300,"S"
"VCG","14:25:33",24.5,0.05,300,3743800,"S"
"VCG","14:25:26",24.5,0.05,200,3743500,"S"
"VCG","14:25:22",24.5,0.05,2500,3743300,"S"
"VCG","14:25:17",24.5,0.05,5000,3740800,"S"
"VCG","14:25:15",24.5,0.05,2000,3735800,"S"
"VCG","14:25:12",24.5,0.05,1000,3733800,"S"
"VCG","14:25:08",24.5,0.05,37500,3732800,"S"
"VCG","14:25:00",24.5,0.05,1600,3695300,"S"
"VCG","14:24:50",24.5,0.05,100,3693700,"S"
"VCG","14:24:46",24.5,0.05,600,3693600,"S"
"VCG","14:24:37",24.5,0.05,29500,3693000,"S"
"VCG","14:24:36",24.5,0.05,100,3663500,"S"
"VCG","14:24:32",24.5,0.05,5000,3663400,"S"
"VCG","14:24:21",24.5,0.05,1000,3658400,"S"
"VCG","14:24:18",24.5,0.05,15500,3657400,"B"
"VCG","14:24:16",24.55,0.1,2000,3641900,"S"
"VCG","14:24:06",24.55,0.1,29500,3639900,"S"
"VCG","14:24:00",24.5,0.05,200,3610400,"B"
"VCG","14:23:58",24.5,0.05,600,3610200,"B"
"VCG","14:23:50",24.5,0.05,1000,3609600,"B"
"VCG","14:23:49",24.5,0.05,2500,3608600,"B"
"VCG","14:23:46",24.5,0.05,3000,3606100,"B"
"VCG","14:23:41",24.5,0.05,13200,3603100,"S"
"VCG","14:23:39",24.5,0.05,5000,3589900,"S"
"VCG","14:23:37",24.5,0.05,1500,3584900,"S"
"VCG","14:23:37",24.45,0,100,3583400,"B"
"VCG","14:23:35",24.5,0.05,29500,3583300,"S"
"VCG","14:23:25",24.5,0.05,600,3553800,"S"
"VCG","14:23:12",24.5,0.05,1800,3553200,"S"
"VCG","14:23:10",24.45,0,8000,3551400,"B"
"VCG","14:23:09",24.45,0,5000,3543400,"B"
"VCG","14:23:05",24.5,0.05,11900,3538400,"S"
"VCG","14:23:04",24.5,0.05,17600,3526500,"S"
"VCG","14:22:57",24.45,0,2000,3508900,"B"
"VCG","14:22:43",24.45,0,100,3506900,"B"
"VCG","14:22:34",24.45,0,200,3506800,"B"
"VCG","14:22:34",24.5,0.05,29500,3506600,"S"
"VCG","14:22:21",24.45,0,1000,3477100,"B"
"VCG","14:22:18",24.5,0.05,400,3476100,"S"
"VCG","14:22:11",24.5,0.05,100,3475700,"S"
"VCG","14:22:07",24.5,0.05,100,3475600,"S"
"VCG","14:22:03",24.55,0.1,24200,3475500,"S"
"VCG","14:22:03",24.5,0.05,5300,3451300,"S"
"VCG","14:21:52",24.5,0.05,200,3446000,"B"
"VCG","14:21:47",24.5,0.05,1500,3445800,"B"
"VCG","14:21:32",24.55,0.1,25100,3444300,"S"
"VCG","14:21:32",24.5,0.05,4400,3419200,"S"
"VCG","14:21:28",24.5,0.05,500,3414800,"S"
"VCG","14:21:25",24.5,0.05,1000,3414300,"S"
"VCG","14:21:23",24.5,0.05,100,3413300,"S"
"VCG","14:21:21",24.5,0.05,100,3413200,"S"
"VCG","14:21:19",24.5,0.05,200,3413100,"S"
"VCG","14:21:17",24.5,0.05,5000,3412900,"S"
"VCG","14:21:01",24.5,0.05,29500,3407900,"S"
"VCG","14:20:42",24.5,0.05,100,3378400,"S"
"VCG","14:20:38",24.45,0,3000,3378300,"B"
"VCG","14:20:30",24.5,0.05,29500,3375300,"S"
"VCG","14:20:27",24.5,0.05,100,3345800,"S"
"VCG","14:20:22",24.45,0,17800,3345700,"B"
"VCG","14:20:19",24.45,0,10000,3327900,"B"
"VCG","14:20:12",24.5,0.05,100,3317900,"S"
"VCG","14:20:00",24.5,0.05,27800,3317800,"S"
"VCG","14:19:57",24.45,0,100,3290000,"B"
"VCG","14:19:57",24.45,0,10100,3289900,"B"
"VCG","14:19:56",24.45,0,6000,3279800,"B"
"VCG","14:19:45",24.45,0,1000,3273800,"B"
"VCG","14:19:30",24.45,0,1000,3272800,"B"
"VCG","14:19:20",24.5,0.05,2000,3271800,"B"
"VCG","14:19:19",24.5,0.05,35000,3269800,"B"
"VCG","14:19:16",24.5,0.05,51600,3234800,"B"
"VCG","14:19:15",24.5,0.05,100,3183200,"B"
"VCG","14:19:12",24.5,0.05,1400,3183100,"B"
"VCG","14:19:10",24.5,0.05,10000,3181700,"B"
"VCG","14:19:05",24.5,0.05,10000,3171700,"B"
"VCG","14:18:58",24.55,0.1,200,3161700,"S"
"VCG","14:18:49",24.5,0.05,6000,3161500,"B"
"VCG","14:18:47",24.5,0.05,400,3155500,"B"
"VCG","14:18:39",24.5,0.05,100,3155100,"B"
"VCG","14:18:35",24.55,0.1,10000,3155000,"S"
"VCG","14:18:34",24.5,0.05,1000,3145000,"B"
"VCG","14:18:32",24.5,0.05,11500,3144000,"B"
"VCG","14:18:29",24.5,0.05,10000,3132500,"B"
"VCG","14:18:26",24.5,0.05,2400,3122500,"B"
"VCG","14:18:20",24.5,0.05,1000,3120100,"B"
"VCG","14:17:53",24.5,0.05,1000,3119100,"B"
"VCG","14:17:49",24.55,0.1,500,3118100,"S"
"VCG","14:17:46",24.55,0.1,4000,3117600,"S"
"VCG","14:17:29",24.5,0.05,4000,3113600,"B"
"VCG","14:17:11",24.5,0.05,600,3109600,"B"
"VCG","14:17:06",24.55,0.1,300,3109000,"S"
"VCG","14:16:49",24.5,0.05,100,3108700,"B"
"VCG","14:16:43",24.55,0.1,1000,3108600,"S"
"VCG","14:16:42",24.5,0.05,8000,3107600,"B"
"VCG","14:16:23",24.55,0.1,200,3099600,"S"
"VCG","14:16:00",24.55,0.1,10000,3099400,"S"
"VCG","14:15:58",24.55,0.1,800,3089400,"S"
"VCG","14:15:45",24.5,0.05,10000,3088600,"B"
"VCG","14:15:43",24.55,0.1,300,3078600,"S"
"VCG","14:15:35",24.55,0.1,8800,3078300,"S"
"VCG","14:15:30",24.5,0.05,7000,3069500,"B"
"VCG","14:15:26",24.55,0.1,5000,3060800,"S"
"VCG","14:15:16",24.55,0.1,27200,3055800,"S"
"VCG","14:15:15",24.5,0.05,1000,3028600,"B"
"VCG","14:15:07",24.5,0.05,1200,3027600,"B"
"VCG","14:15:05",24.55,0.1,500,3026400,"S"
"VCG","14:15:02",24.5,0.05,5400,3025900,"B"
"VCG","14:14:55",24.5,0.05,1500,3020500,"B"
"VCG","14:14:47",24.5,0.05,5000,3019000,"S"
"VCG","14:14:40",24.5,0.05,1000,3014000,"S"
"VCG","14:14:39",24.5,0.05,300,3013000,"S"
"VCG","14:14:36",24.5,0.05,5000,3012700,"S"
"VCG","14:14:34",24.5,0.05,10000,3007700,"S"
"VCG","14:14:33",24.5,0.05,20000,2997700,"S"
"VCG","14:14:32",24.5,0.05,10100,2977700,"S"
"VCG","14:14:31",24.5,0.05,100,2967600,"S"
"VCG","14:14:21",24.5,0.05,10000,2967500,"S"
"VCG","14:14:21",24.5,0.05,25000,2957500,"S"
"VCG","14:14:19",24.5,0.05,500,2932500,"S"
"VCG","14:14:17",24.5,0.05,10000,2932000,"S"
"VCG","14:14:16",24.5,0.05,100,2922000,"S"
"VCG","14:14:14",24.5,0.05,1000,2921900,"S"
"VCG","14:14:14",24.5,0.05,100,2920900,"S"
"VCG","14:14:13",24.5,0.05,40000,2920800,"S"
"VCG","14:14:11",24.45,0,10000,2880800,"B"
"VCG","14:14:08",24.5,0.05,2000,2870800,"S"
"VCG","14:13:56",24.45,0,9000,2868800,"B"
"VCG","14:13:55",24.5,0.05,4000,2859800,"S"
"VCG","14:13:25",24.5,0.05,100,2855800,"S"
"VCG","14:13:23",24.45,0,1800,2855700,"B"
"VCG","14:13:11",24.45,0,100,2853900,"B"
"VCG","14:13:08",24.5,0.05,1000,2853800,"S"
"VCG","14:13:07",24.5,0.05,7400,2852800,"S"
"VCG","14:13:06",24.45,0,1000,2845400,"B"
"VCG","14:13:03",24.5,0.05,16700,2844400,"S"
"VCG","14:13:00",24.45,0,300,2827700,"B"
"VCG","14:12:59",24.5,0.05,1000,2827400,"S"
"VCG","14:12:55",24.5,0.05,300,2826400,"S"
"VCG","14:12:55",24.5,0.05,1000,2826100,"S"
"VCG","14:12:53",24.45,0,500,2825100,"B"
"VCG","14:12:47",24.5,0.05,100,2824600,"S"
"VCG","14:12:38",24.45,0,700,2824500,"B"
"VCG","14:12:36",24.45,0,500,2823800,"B"
"VCG","14:12:35",24.45,0,2000,2823300,"B"
"VCG","14:12:16",24.45,0,3000,2821300,"B"
"VCG","14:12:14",24.45,0,1000,2818300,"B"
"VCG","14:12:11",24.5,0.05,300,2817300,"S"
"VCG","14:12:07",24.5,0.05,1000,2817000,"S"
"VCG","14:12:00",24.5,0.05,1000,2816000,"S"
"VCG","14:11:58",24.5,0.05,5000,2815000,"S"
"VCG","14:11:57",24.5,0.05,100,2810000,"S"
"VCG","14:11:42",24.5,0.05,1000,2809900,"S"
"VCG","14:11:40",24.45,0,1000,2808900,"B"
"VCG","14:11:31",24.5,0.05,5000,2807900,"S"
"VCG","14:11:28",24.5,0.05,3400,2802900,"S"
"VCG","14:11:27",24.5,0.05,1000,2799500,"S"
"VCG","14:11:25",24.5,0.05,200,2798500,"S"
"VCG","14:11:15",24.5,0.05,700,2798300,"S"
"VCG","14:11:13",24.5,0.05,500,2797600,"S"
"VCG","14:11:13",24.5,0.05,1000,2797100,"S"
"VCG","14:11:10",24.5,0.05,200,2796100,"S"
"VCG","14:11:06",24.5,0.05,100,2795900,"S"
"VCG","14:10:41",24.5,0.05,200,2795800,"S"
"VCG","14:10:32",24.5,0.05,300,2795600,"S"
"VCG","14:10:28",24.5,0.05,10000,2795300,"S"
"VCG","14:10:26",24.5,0.05,10000,2785300,"S"
"VCG","14:10:22",24.5,0.05,500,2775300,"S"
"VCG","14:10:04",24.5,0.05,700,2774800,"S"
"VCG","14:10:03",24.45,0,500,2774100,"B"
"VCG","14:09:51",24.45,0,100,2773600,"B"
"VCG","14:09:48",24.5,0.05,5000,2773500,"S"
"VCG","14:09:39",24.5,0.05,1000,2768500,"S"
"VCG","14:09:29",24.45,0,300,2767500,"B"
"VCG","14:09:23",24.5,0.05,100,2767200,"S"
"VCG","14:09:19",24.45,0,1000,2767100,"B"
"VCG","14:09:06",24.5,0.05,100,2766100,"S"
"VCG","14:09:03",24.5,0.05,300,2766000,"S"
"VCG","14:08:42",24.5,0.05,200,2765700,"S"
"VCG","14:08:28",24.5,0.05,10000,2765500,"S"
"VCG","14:08:18",24.5,0.05,100,2755500,"S"
"VCG","14:08:08",24.5,0.05,1000,2755400,"S"
"VCG","14:07:55",24.5,0.05,200,2754400,"S"
"VCG","14:07:42",24.5,0.05,1000,2754200,"S"
"VCG","14:07:15",24.45,0,500,2753200,"B"
"VCG","14:07:13",24.5,0.05,300,2752700,"S"
"VCG","14:07:11",24.5,0.05,2000,2752400,"S"
"VCG","14:07:03",24.45,0,500,2750400,"B"
"VCG","14:07:02",24.45,0,2000,2749900,"B"
"VCG","14:07:00",24.45,0,10000,2747900,"B"
"VCG","14:06:58",24.5,0.05,4800,2737900,"S"
"VCG","14:06:55",24.45,0,500,2733100,"B"
"VCG","14:06:52",24.45,0,1300,2732600,"B"
"VCG","14:06:49",24.5,0.05,1200,2731300,"S"
"VCG","14:06:42",24.45,0,300,2730100,"B"
"VCG","14:06:30",24.45,0,1100,2729800,"B"
"VCG","14:06:16",24.45,0,1000,2728700,"B"
"VCG","14:06:06",24.45,0,2300,2727700,"B"
"VCG","14:06:05",24.5,0.05,500,2725400,"S"
"VCG","14:06:03",24.45,0,2200,2724900,"B"
"VCG","14:05:55",24.45,0,8100,2722700,"B"
"VCG","14:05:49",24.45,0,3000,2714600,"B"
"VCG","14:05:48",24.45,0,1200,2711600,"B"
"VCG","14:05:44",24.45,0,1000,2710400,"B"
"VCG","14:05:19",24.45,0,1000,2709400,"B"
"VCG","14:05:16",24.45,0,1300,2708400,"B"
"VCG","14:05:11",24.45,0,50000,2707100,"B"
"VCG","14:04:59",24.45,0,100,2657100,"B"
"VCG","14:04:25",24.45,0,1000,2657000,"B"
"VCG","14:03:50",24.45,0,5000,2656000,"B"
"VCG","14:03:49",24.45,0,1000,2651000,"B"
"VCG","14:03:37",24.45,0,5000,2650000,"B"
"VCG","14:03:34",24.45,0,2100,2645000,"B"
"VCG","14:03:33",24.45,0,17900,2642900,"B"
"VCG","14:03:30",24.45,0,500,2625000,"B"
"VCG","14:03:04",24.45,0,30000,2624500,"B"
"VCG","14:02:57",24.5,0.05,500,2594500,"S"
"VCG","14:02:51",24.45,0,2000,2594000,"B"
"VCG","14:02:29",24.5,0.05,300,2592000,"S"
"VCG","14:02:23",24.5,0.05,1000,2591700,"S"
"VCG","14:01:21",24.5,0.05,100,2590700,"S"
"VCG","14:01:04",24.5,0.05,300,2590600,"S"
"VCG","14:01:01",24.45,0,3000,2590300,"B"
"VCG","14:00:52",24.45,0,20000,2587300,"B"
"VCG","14:00:35",24.45,0,4000,2566500,"B"
"VCG","14:00:31",24.5,0.05,100,2562500,"S"
"VCG","14:00:28",24.5,0.05,600,2562400,"S"
"VCG","14:00:23",24.5,0.05,100,2561800,"S"
"VCG","13:59:42",24.45,0,100,2561700,"B"
"VCG","13:59:34",24.45,0,200,2561600,"B"
"VCG","13:59:23",24.45,0,100,2561400,"B"
"VCG","13:59:22",24.45,0,1000,2561300,"B"
"VCG","13:59:17",24.45,0,1000,2560300,"B"
"VCG","13:59:09",24.45,0,5000,2559300,"B"
"VCG","13:59:07",24.5,0.05,200,2554300,"S"
"VCG","13:58:39",24.45,0,400,2554100,"S"
"VCG","13:58:35",24.45,0,5000,2553700,"S"
"VCG","13:58:30",24.45,0,200,2548700,"S"
"VCG","13:58:29",24.45,0,1000,2548500,"S"
"VCG","13:58:27",24.45,0,3000,2547500,"S"
"VCG","13:58:26",24.45,0,100,2544500,"S"
"VCG","13:58:23",24.45,0,5000,2544400,"S"
"VCG","13:58:09",24.45,0,1600,2539400,"S"
"VCG","13:58:05",24.45,0,500,2537800,"S"
"VCG","13:57:52",24.45,0,800,2537300,"S"
"VCG","13:57:49",24.4,-0.05,100,2536500,"B"
"VCG","13:57:47",24.45,0,300,2536400,"S"
"VCG","13:57:46",24.45,0,200,2536100,"S"
"VCG","13:57:35",24.45,0,200,2535900,"S"
"VCG","13:57:20",24.45,0,1000,2535700,"S"
"VCG","13:57:13",24.45,0,1000,2534700,"S"
"VCG","13:57:12",24.45,0,300,2533700,"S"
"VCG","13:57:06",24.45,0,16700,2533400,"B"
"VCG","13:57:00",24.45,0,4900,2516700,"B"
"VCG","13:56:55",24.45,0,1900,2511800,"B"
"VCG","13:56:53",24.45,0,500,2509900,"B"
"VCG","13:56:52",24.45,0,8300,2509400,"B"
"VCG","13:56:51",24.45,0,400,2501100,"B"
"VCG","13:56:42",24.45,0,600,2500700,"B"
"VCG","13:56:26",24.45,0,2000,2500100,"B"
"VCG","13:56:24",24.45,0,300,2498100,"B"
"VCG","13:56:18",24.45,0,5000,2497800,"B"
"VCG","13:56:13",24.45,0,700,2492800,"B"
"VCG","13:55:56",24.5,0.05,200,2492100,"S"
"VCG","13:55:54",24.45,0,10000,2491900,"B"
"VCG","13:55:44",24.5,0.05,2000,2481900,"S"
"VCG","13:55:33",24.5,0.05,1000,2479900,"S"
"VCG","13:55:31",24.5,0.05,200,2478900,"S"
"VCG","13:55:30",24.5,0.05,200,2478700,"S"
"VCG","13:55:30",24.45,0,30000,2478500,"B"
"VCG","13:54:53",24.5,0.05,200,2448500,"S"
"VCG","13:54:15",24.5,0.05,400,2448300,"S"
"VCG","13:54:07",24.5,0.05,100,2447900,"S"
"VCG","13:54:00",24.5,0.05,100,2447800,"S"
"VCG","13:53:47",24.5,0.05,300,2447700,"S"
"VCG","13:53:36",24.5,0.05,100,2447400,"S"
"VCG","13:53:32",24.5,0.05,1000,2447300,"S"
"VCG","13:53:30",24.5,0.05,900,2446300,"B"
"VCG","13:53:29",24.5,0.05,800,2445400,"S"
"VCG","13:53:20",24.5,0.05,2200,2444600,"B"
"VCG","13:53:18",24.5,0.05,3000,2442400,"B"
"VCG","13:53:17",24.5,0.05,5000,2439400,"B"
"VCG","13:53:15",24.5,0.05,500,2434400,"B"
"VCG","13:53:14",24.5,0.05,5000,2433900,"B"
"VCG","13:53:02",24.5,0.05,1000,2428900,"B"
"VCG","13:52:59",24.5,0.05,10000,2427900,"B"
"VCG","13:52:55",24.5,0.05,8700,2417900,"B"
"VCG","13:52:55",24.5,0.05,11300,2409200,"B"
"VCG","13:52:51",24.5,0.05,200,2397900,"B"
"VCG","13:52:43",24.5,0.05,20000,2397700,"B"
"VCG","13:52:00",24.5,0.05,7500,2377700,"B"
"VCG","13:51:40",24.5,0.05,8000,2370200,"B"
"VCG","13:51:26",24.55,0.1,400,2362200,"S"
"VCG","13:51:21",24.5,0.05,1000,2361800,"B"
"VCG","13:51:18",24.55,0.1,1000,2355800,"S"
"VCG","13:51:16",24.5,0.05,1100,2354800,"B"
"VCG","13:51:01",24.5,0.05,100,2353700,"B"
"VCG","13:50:37",24.5,0.05,13900,2353600,"B"
"VCG","13:50:26",24.55,0.1,7000,2339700,"S"
"VCG","13:50:12",24.5,0.05,2000,2332700,"B"
"VCG","13:50:10",24.55,0.1,1000,2330700,"S"
"VCG","13:50:02",24.55,0.1,5000,2329700,"S"
"VCG","13:50:01",24.55,0.1,1000,2324700,"S"
"VCG","13:49:57",24.55,0.1,20000,2323700,"S"
"VCG","13:49:30",24.55,0.1,200,2303700,"S"
"VCG","13:49:27",24.5,0.05,6000,2303500,"B"
"VCG","13:49:14",24.5,0.05,200,2296700,"B"
"VCG","13:48:42",24.5,0.05,200,2296500,"B"
"VCG","13:48:13",24.5,0.05,1000,2296300,"B"
"VCG","13:48:07",24.5,0.05,1000,2295300,"B"
"VCG","13:47:51",24.5,0.05,4000,2294300,"B"
"VCG","13:47:42",24.5,0.05,2000,2290300,"B"
"VCG","13:47:18",24.5,0.05,1000,2288300,"B"
"VCG","13:46:57",24.5,0.05,8300,2287300,"B"
"VCG","13:46:41",24.5,0.05,37800,2279000,"S"
"VCG","13:46:31",24.5,0.05,100,2241200,"S"
"VCG","13:46:28",24.5,0.05,10000,2241100,"S"
"VCG","13:46:26",24.5,0.05,100,2231100,"S"
"VCG","13:46:11",24.5,0.05,1000,2231000,"S"
"VCG","13:44:31",24.45,0,5000,2230000,"B"
"VCG","13:44:28",24.45,0,20800,2225000,"B"
"VCG","13:44:18",24.45,0,20000,2204200,"B"
"VCG","13:44:10",24.45,0,1000,2184200,"B"
"VCG","13:43:27",24.45,0,5500,2183200,"B"
"VCG","13:43:24",24.5,0.05,200,2177700,"S"
"VCG","13:43:04",24.45,0,1700,2177500,"B"
"VCG","13:43:04",24.45,0,3300,2175800,"B"
"VCG","13:42:33",24.45,0,11000,2172500,"B"
"VCG","13:41:15",24.45,0,100,2161500,"B"
"VCG","13:41:13",24.45,0,1000,2161400,"B"
"VCG","13:41:07",24.5,0.05,30200,2160400,"S"
"VCG","13:40:56",24.5,0.05,300,2130200,"S"
"VCG","13:40:29",24.5,0.05,9000,2129900,"S"
"VCG","13:40:08",24.5,0.05,100,2120900,"S"
"VCG","13:39:50",24.5,0.05,300,2120800,"S"
"VCG","13:39:45",24.5,0.05,300,2120500,"S"
"VCG","13:39:42",24.5,0.05,200,2120200,"S"
"VCG","13:39:29",24.5,0.05,500,2120000,"S"
"VCG","13:39:22",24.5,0.05,800,2119500,"S"
"VCG","13:39:21",24.5,0.05,2900,2118700,"B"
"VCG","13:39:10",24.5,0.05,3400,2115800,"S"
"VCG","13:38:59",24.5,0.05,1000,2112400,"S"
"VCG","13:38:52",24.5,0.05,1700,2111400,"B"
"VCG","13:38:52",24.5,0.05,1600,2109700,"B"
"VCG","13:38:36",24.5,0.05,1000,2106200,"B"
"VCG","13:38:32",24.5,0.05,8000,2105200,"B"
"VCG","13:38:08",24.5,0.05,4900,2097200,"B"
"VCG","13:38:00",24.5,0.05,1600,2092300,"B"
"VCG","13:37:58",24.5,0.05,14000,2090700,"B"
"VCG","13:37:50",24.5,0.05,500,2076700,"B"
"VCG","13:37:48",24.5,0.05,500,2076200,"B"
"VCG","13:37:44",24.5,0.05,500,2075700,"B"
"VCG","13:37:39",24.5,0.05,80000,2075200,"B"
"VCG","13:37:31",24.5,0.05,2000,1995200,"B"
"VCG","13:37:18",24.5,0.05,1000,1993200,"B"
"VCG","13:36:59",24.55,0.1,10000,1992200,"S"
"VCG","13:36:46",24.55,0.1,2000,1982200,"S"
"VCG","13:36:30",24.5,0.05,100,1980200,"B"
"VCG","13:36:24",24.5,0.05,400,1980100,"B"
"VCG","13:36:21",24.5,0.05,500,1979700,"B"
"VCG","13:35:55",24.5,0.05,100,1979200,"B"
"VCG","13:35:52",24.55,0.1,100,1979100,"S"
"VCG","13:35:49",24.55,0.1,3000,1979000,"S"
"VCG","13:35:25",24.55,0.1,1000,1976000,"S"
"VCG","13:35:22",24.55,0.1,500,1975000,"S"
"VCG","13:35:12",24.55,0.1,400,1974500,"S"
"VCG","13:35:01",24.5,0.05,1000,1974100,"B"
"VCG","13:34:35",24.55,0.1,300,1973100,"S"
"VCG","13:34:27",24.55,0.1,1800,1972800,"B"
"VCG","13:34:23",24.55,0.1,5000,1971000,"B"
"VCG","13:34:22",24.55,0.1,1000,1966000,"B"
"VCG","13:34:20",24.55,0.1,2000,1965000,"B"
"VCG","13:34:13",24.55,0.1,10000,1963000,"B"
"VCG","13:33:49",24.55,0.1,300,1953000,"B"
"VCG","13:33:47",24.55,0.1,100,1952700,"B"
"VCG","13:33:41",24.55,0.1,1000,1952600,"B"
"VCG","13:32:57",24.55,0.1,300,1951600,"B"
"VCG","13:32:43",24.55,0.1,3800,1951300,"S"
"VCG","13:32:39",24.55,0.1,2000,1947500,"S"
"VCG","13:32:33",24.55,0.1,700,1945500,"S"
"VCG","13:32:22",24.55,0.1,500,1944800,"S"
"VCG","13:32:08",24.55,0.1,1000,1944300,"S"
"VCG","13:32:03",24.55,0.1,400,1943300,"S"
"VCG","13:31:49",24.55,0.1,100,1942900,"S"
"VCG","13:31:45",24.55,0.1,3000,1942800,"S"
"VCG","13:31:45",24.55,0.1,5000,1939800,"B"
"VCG","13:31:43",24.55,0.1,500,1934800,"B"
"VCG","13:31:42",24.55,0.1,5000,1934300,"B"
"VCG","13:31:39",24.55,0.1,6400,1929300,"S"
"VCG","13:31:39",24.55,0.1,3100,1922900,"S"
"VCG","13:31:34",24.55,0.1,100,1919800,"S"
"VCG","13:31:30",24.55,0.1,1000,1919700,"B"
"VCG","13:31:30",24.55,0.1,4500,1918700,"B"
"VCG","13:31:24",24.55,0.1,500,1914200,"B"
"VCG","13:31:17",24.55,0.1,5000,1913700,"B"
"VCG","13:31:15",24.55,0.1,200,1908700,"B"
"VCG","13:31:11",24.55,0.1,2000,1908500,"B"
"VCG","13:31:06",24.55,0.1,6300,1906500,"B"
"VCG","13:30:17",24.55,0.1,100,1900200,"B"
"VCG","13:30:16",24.55,0.1,100,1900100,"B"
"VCG","13:30:15",24.55,0.1,3000,1900000,"B"
"VCG","13:30:07",24.55,0.1,200,1897000,"B"
"VCG","13:29:55",24.55,0.1,100,1896800,"B"
"VCG","13:29:53",24.55,0.1,200,1896700,"B"
"VCG","13:29:53",24.55,0.1,900,1896500,"B"
"VCG","13:29:50",24.55,0.1,100,1895600,"B"
"VCG","13:29:36",24.55,0.1,300,1895500,"B"
"VCG","13:29:16",24.55,0.1,15000,1895200,"S"
"VCG","13:29:09",24.55,0.1,500,1880200,"S"
"VCG","13:29:08",24.5,0.05,900,1879700,"B"
"VCG","13:28:56",24.55,0.1,1000,1878800,"S"
"VCG","13:28:50",24.55,0.1,700,1877800,"S"
"VCG","13:28:48",24.55,0.1,1000,1877100,"S"
"VCG","13:28:46",24.55,0.1,100,1876100,"S"
"VCG","13:28:43",24.55,0.1,1000,1876000,"S"
"VCG","13:28:41",24.55,0.1,1700,1875000,"S"
"VCG","13:28:40",24.55,0.1,1000,1873300,"S"
"VCG","13:28:28",24.55,0.1,2000,1872300,"S"
"VCG","13:28:21",24.5,0.05,900,1870300,"B"
"VCG","13:27:36",24.5,0.05,1000,1869400,"B"
"VCG","13:27:16",24.55,0.1,400,1868400,"S"
"VCG","13:27:13",24.55,0.1,500,1868000,"S"
"VCG","13:27:04",24.55,0.1,1000,1867500,"S"
"VCG","13:26:57",24.55,0.1,5000,1866500,"S"
"VCG","13:26:54",24.55,0.1,100,1861500,"S"
"VCG","13:26:50",24.55,0.1,20000,1861400,"S"
"VCG","13:26:49",24.55,0.1,3000,1841400,"S"
"VCG","13:26:44",24.5,0.05,1000,1838400,"B"
"VCG","13:26:33",24.55,0.1,600,1837400,"S"
"VCG","13:26:24",24.55,0.1,100,1836800,"S"
"VCG","13:26:22",24.5,0.05,100,1836700,"B"
"VCG","13:26:21",24.55,0.1,2000,1836600,"S"
"VCG","13:25:53",24.5,0.05,900,1834600,"B"
"VCG","13:25:27",24.5,0.05,300,1833700,"B"
"VCG","13:25:08",24.5,0.05,900,1833400,"B"
"VCG","13:25:06",24.5,0.05,200,1832500,"B"
"VCG","13:25:04",24.5,0.05,8200,1832300,"B"
"VCG","13:24:31",24.5,0.05,200,1824100,"B"
"VCG","13:24:30",24.5,0.05,400,1823900,"B"
"VCG","13:24:26",24.5,0.05,900,1823500,"B"
"VCG","13:24:23",24.5,0.05,100,1822600,"B"
"VCG","13:23:59",24.5,0.05,600,1822500,"S"
"VCG","13:23:58",24.5,0.05,1000,1821900,"S"
"VCG","13:23:55",24.5,0.05,500,1820900,"S"
"VCG","13:23:46",24.5,0.05,200,1820400,"S"
"VCG","13:23:44",24.45,0,300,1820200,"B"
"VCG","13:23:37",24.45,0,1000,1819900,"B"
"VCG","13:23:36",24.5,0.05,5000,1818900,"S"
"VCG","13:23:29",24.5,0.05,100,1813900,"S"
"VCG","13:23:28",24.5,0.05,2000,1813800,"S"
"VCG","13:23:27",24.5,0.05,100,1811800,"S"
"VCG","13:23:00",24.5,0.05,5000,1811700,"S"
"VCG","13:22:51",24.5,0.05,300,1806700,"S"
"VCG","13:22:50",24.5,0.05,5000,1806400,"S"
"VCG","13:22:50",24.45,0,900,1801400,"B"
"VCG","13:22:49",24.5,0.05,1000,1800500,"S"
"VCG","13:22:43",24.5,0.05,300,1799500,"S"
"VCG","13:22:40",24.5,0.05,9000,1799200,"S"
"VCG","13:22:37",24.5,0.05,300,1790200,"S"
"VCG","13:22:09",24.45,0,1000,1789900,"B"
"VCG","13:22:05",24.45,0,800,1788900,"B"
"VCG","13:21:53",24.5,0.05,2000,1788100,"S"
"VCG","13:21:52",24.5,0.05,18000,1786100,"S"
"VCG","13:21:51",24.5,0.05,100,1768100,"S"
"VCG","13:21:46",24.5,0.05,100,1768000,"S"
"VCG","13:21:30",24.5,0.05,200,1767900,"S"
"VCG","13:21:20",24.45,0,1000,1767700,"B"
"VCG","13:21:14",24.5,0.05,100,1766700,"S"
"VCG","13:20:42",24.5,0.05,300,1766600,"S"
"VCG","13:20:41",24.5,0.05,1000,1766300,"S"
"VCG","13:20:32",24.5,0.05,1000,1765300,"S"
"VCG","13:20:29",24.45,0,1000,1764300,"B"
"VCG","13:20:27",24.5,0.05,2000,1763300,"S"
"VCG","13:19:41",24.5,0.05,100,1761300,"S"
"VCG","13:19:41",24.45,0,900,1761200,"B"
"VCG","13:19:07",24.45,0,200,1760300,"B"
"VCG","13:18:54",24.45,0,900,1760100,"B"
"VCG","13:18:30",24.45,0,2000,1759200,"B"
"VCG","13:18:14",24.45,0,200,1757200,"B"
"VCG","13:18:12",24.45,0,200,1757000,"B"
"VCG","13:18:10",24.45,0,900,1756800,"B"
"VCG","13:17:40",24.45,0,100,1755900,"B"
"VCG","13:17:29",24.5,0.05,2000,1755800,"S"
"VCG","13:17:27",24.5,0.05,600,1753800,"S"
"VCG","13:17:17",24.5,0.05,300,1753200,"S"
"VCG","13:17:16",24.5,0.05,100,1752900,"S"
"VCG","13:17:08",24.5,0.05,2000,1752800,"S"
"VCG","13:16:36",24.45,0,900,1750800,"B"
"VCG","13:15:57",24.45,0,5000,1749900,"B"
"VCG","13:15:57",24.5,0.05,1500,1744900,"B"
"VCG","13:15:56",24.5,0.05,100,1743400,"B"
"VCG","13:15:49",24.5,0.05,900,1743300,"B"
"VCG","13:15:44",24.5,0.05,1000,1742400,"B"
"VCG","13:15:29",24.5,0.05,100,1741400,"B"
"VCG","13:15:22",24.5,0.05,100,1741300,"B"
"VCG","13:15:15",24.5,0.05,100,1741200,"B"
"VCG","13:15:03",24.5,0.05,1100,1741100,"B"
"VCG","13:14:56",24.5,0.05,8000,1740000,"B"
"VCG","13:14:09",24.5,0.05,800,1732000,"B"
"VCG","13:13:50",24.5,0.05,500,1731200,"B"
"VCG","13:13:47",24.5,0.05,11500,1730700,"B"
"VCG","13:13:39",24.5,0.05,3500,1719200,"B"
"VCG","13:13:25",24.5,0.05,900,1715700,"B"
"VCG","13:13:21",24.5,0.05,100,1714800,"B"
"VCG","13:13:12",24.5,0.05,300,1714700,"B"
"VCG","13:13:11",24.5,0.05,3000,1714400,"B"
"VCG","13:12:55",24.5,0.05,300,1711400,"B"
"VCG","13:12:49",24.5,0.05,200,1711100,"B"
"VCG","13:12:41",24.5,0.05,900,1710900,"B"
"VCG","13:12:36",24.5,0.05,600,1710000,"B"
"VCG","13:12:14",24.5,0.05,5000,1709400,"B"
"VCG","13:12:08",24.5,0.05,3000,1704400,"B"
"VCG","13:12:03",24.5,0.05,10000,1701400,"B"
"VCG","13:11:57",24.5,0.05,900,1691400,"B"
"VCG","13:11:23",24.5,0.05,500,1690500,"B"
"VCG","13:11:19",24.5,0.05,1000,1690000,"B"
"VCG","13:11:12",24.5,0.05,900,1689000,"B"
"VCG","13:10:51",24.5,0.05,1400,1688100,"B"
"VCG","13:10:27",24.5,0.05,800,1686700,"B"
"VCG","13:10:13",24.5,0.05,500,1685900,"B"
"VCG","13:09:43",24.45,0,900,1685400,"B"
"VCG","13:09:42",24.55,0.1,1300,1684500,"S"
"VCG","13:09:37",24.5,0.05,100,1683200,"S"
"VCG","13:09:25",24.5,0.05,1000,1683100,"S"
"VCG","13:09:07",24.5,0.05,9700,1682100,"B"
"VCG","13:09:02",24.55,0.1,300,1672400,"S"
"VCG","13:09:00",24.5,0.05,900,1672100,"B"
"VCG","13:08:56",24.5,0.05,5000,1671200,"B"
"VCG","13:08:51",24.5,0.05,400,1666200,"B"
"VCG","13:08:38",24.55,0.1,100,1665800,"S"
"VCG","13:08:34",24.55,0.1,100,1665700,"S"
"VCG","13:08:12",24.5,0.05,900,1665600,"B"
"VCG","13:07:57",24.5,0.05,3000,1664700,"B"
"VCG","13:07:53",24.5,0.05,5000,1661700,"B"
"VCG","13:07:43",24.55,0.1,100,1656700,"S"
"VCG","13:07:27",24.5,0.05,900,1656600,"B"
"VCG","13:07:16",24.5,0.05,5000,1655700,"B"
"VCG","13:06:45",24.5,0.05,100,1650700,"B"
"VCG","13:06:42",24.5,0.05,900,1650600,"B"
"VCG","13:06:30",24.55,0.1,200,1649700,"S"
"VCG","13:06:21",24.5,0.05,3000,1649500,"B"
"VCG","13:06:19",24.5,0.05,1500,1646500,"B"
"VCG","13:05:55",24.5,0.05,900,1645000,"B"
"VCG","13:05:23",24.5,0.05,1000,1644100,"B"
"VCG","13:05:17",24.55,0.1,100,1643100,"S"
"VCG","13:05:11",24.5,0.05,1000,1643000,"B"
"VCG","13:05:03",24.5,0.05,1000,1642000,"B"
"VCG","13:04:49",24.55,0.1,100,1641000,"S"
"VCG","13:04:19",24.55,0.1,100,1640900,"B"
"VCG","13:03:48",24.5,0.05,200,1640800,"B"
"VCG","13:03:46",24.5,0.05,500,1640600,"B"
"VCG","13:03:37",24.5,0.05,800,1640100,"B"
"VCG","13:02:59",24.5,0.05,1500,1639300,"S"
"VCG","13:02:58",24.5,0.05,5000,1637800,"S"
"VCG","13:02:55",24.45,0,900,1632800,"B"
"VCG","13:02:50",24.5,0.05,50000,1631900,"S"
"VCG","13:02:45",24.5,0.05,1800,1581900,"S"
"VCG","13:02:40",24.5,0.05,7900,1580100,"S"
"VCG","13:02:09",24.45,0,900,1572200,"B"
"VCG","13:01:53",24.5,0.05,1500,1571300,"S"
"VCG","13:01:52",24.5,0.05,100,1569800,"B"
"VCG","13:01:51",24.5,0.05,59500,1569700,"B"
"VCG","13:01:51",24.55,0.1,22700,1510200,"B"
"VCG","13:01:51",24.6,0.15,600,1487500,"S"
"VCG","13:01:50",24.55,0.1,100,1486900,"B"
"VCG","13:01:30",24.6,0.15,600,1486800,"S"
"VCG","13:01:25",24.55,0.1,1000,1486200,"B"
"VCG","13:00:50",24.6,0.15,600,1485200,"S"
"VCG","13:00:49",24.55,0.1,6200,1484600,"B"
"VCG","13:00:40",24.55,0.1,20400,1478400,"S"
"VCG","13:00:38",24.5,0.05,200,1458000,"B"
"VCG","13:00:31",24.5,0.05,1000,1457800,"B"
"VCG","13:00:14",24.55,0.1,400,1456800,"B"
"VCG","13:00:07",24.5,0.05,30000,1456400,"B"
"VCG","13:00:07",24.55,0.1,800,1426400,"B"
"VCG","13:00:06",24.55,0.1,100,1425600,"S"
"VCG","13:00:06",24.55,0.1,3000,1425500,"S"
"VCG","13:00:03",24.55,0.1,400,1422500,"S"
"VCG","13:00:03",24.5,0.05,1000,1422100,"B"
"VCG","13:00:02",24.5,0.05,900,1421100,"B"
"VCG","13:00:02",24.55,0.1,23400,1420200,"S"
"VCG","13:00:00",24.55,0.1,10000,1396800,"S"
"VCG","13:00:00",24.5,0.05,500,1386800,"B"
"VCG","13:00:00",24.55,0.1,2000,1386300,"S"
"VCG","11:29:53",24.55,0.1,600,1384300,"S"
"VCG","11:29:52",24.5,0.05,100,1383700,"B"
"VCG","11:29:40",24.5,0.05,900,1383600,"B"
"VCG","11:29:25",24.55,0.1,600,1382700,"S"
"VCG","11:28:58",24.5,0.05,800,1382100,"B"
"VCG","11:28:43",24.55,0.1,600,1381300,"S"
"VCG","11:28:15",24.5,0.05,900,1380700,"B"
"VCG","11:27:31",24.5,0.05,900,1379800,"B"
"VCG","11:26:57",24.55,0.1,600,1378900,"S"
"VCG","11:26:44",24.45,0,300,1378300,"B"
"VCG","11:26:44",24.5,0.05,600,1378000,"B"
"VCG","11:26:18",24.5,0.05,200,1377400,"B"
"VCG","11:26:10",24.55,0.1,600,1377200,"S"
"VCG","11:26:03",24.5,0.05,15000,1376600,"B"
"VCG","11:26:03",24.5,0.05,100,1361600,"B"
"VCG","11:25:59",24.5,0.05,800,1361500,"B"
"VCG","11:25:47",24.5,0.05,100,1360700,"B"
"VCG","11:25:31",24.5,0.05,200,1360600,"B"
"VCG","11:25:24",24.5,0.05,1000,1360400,"B"
"VCG","11:25:15",24.5,0.05,900,1359400,"B"
"VCG","11:24:56",24.5,0.05,4000,1358500,"B"
"VCG","11:24:52",24.55,0.1,600,1354500,"S"
"VCG","11:24:34",24.5,0.05,100,1353900,"B"
"VCG","11:24:32",24.5,0.05,800,1353800,"B"
"VCG","11:24:23",24.5,0.05,500,1353000,"B"
"VCG","11:24:14",24.5,0.05,100,1352500,"B"
"VCG","11:24:05",24.5,0.05,100,1352400,"B"
"VCG","11:23:49",24.5,0.05,900,1352300,"B"
"VCG","11:23:34",24.5,0.05,200,1351400,"B"
"VCG","11:23:21",24.5,0.05,1900,1351200,"S"
"VCG","11:23:20",24.5,0.05,600,1349300,"S"
"VCG","11:23:01",24.5,0.05,50000,1348700,"S"
"VCG","11:22:53",24.5,0.05,500,1298700,"S"
"VCG","11:22:45",24.5,0.05,3000,1298200,"S"
"VCG","11:22:43",24.5,0.05,600,1295200,"S"
"VCG","11:22:32",24.45,0,100,1294600,"B"
"VCG","11:22:23",24.45,0,800,1294500,"B"
"VCG","11:22:10",24.5,0.05,44200,1293700,"S"
"VCG","11:22:10",24.5,0.05,5800,1249500,"S"
"VCG","11:21:40",24.45,0,900,1243700,"B"
"VCG","11:21:36",24.45,0,2000,1242800,"B"
"VCG","11:21:19",24.5,0.05,600,1240800,"S"
"VCG","11:20:58",24.45,0,800,1240200,"B"
"VCG","11:20:24",24.5,0.05,500,1239400,"S"
"VCG","11:20:19",24.5,0.05,600,1238900,"S"
"VCG","11:20:14",24.45,0,900,1238300,"B"
"VCG","11:19:44",24.5,0.05,600,1237400,"S"
"VCG","11:19:30",24.45,0,1000,1236800,"B"
"VCG","11:19:17",24.45,0,1000,1235800,"B"
"VCG","11:18:38",24.45,0,900,1234800,"B"
"VCG","11:17:56",24.45,0,900,1233900,"B"
"VCG","11:17:48",24.45,0,200,1233000,"B"
"VCG","11:17:08",24.5,0.05,600,1232800,"S"
"VCG","11:17:08",24.45,0,900,1232200,"B"
"VCG","11:16:22",24.45,0,900,1231300,"B"
"VCG","11:16:13",24.5,0.05,11300,1230400,"S"
"VCG","11:16:07",24.45,0,500,1219100,"B"
"VCG","11:15:35",24.45,0,900,1218600,"B"
"VCG","11:15:28",24.45,0,1000,1217700,"B"
"VCG","11:15:13",24.45,0,1000,1216700,"B"
"VCG","11:14:53",24.45,0,900,1215700,"B"
"VCG","11:14:06",24.45,0,800,1214800,"B"
"VCG","11:14:04",24.45,0,100,1214000,"B"
"VCG","11:14:01",24.5,0.05,600,1213900,"S"
"VCG","11:13:25",24.45,0,800,1213300,"B"
"VCG","11:13:23",24.45,0,500,1212500,"B"
"VCG","11:13:18",24.45,0,5000,1212000,"B"
"VCG","11:12:43",24.45,0,1000,1207000,"B"
"VCG","11:12:21",24.45,0,200,1206000,"B"
"VCG","11:12:00",24.45,0,15000,1205800,"B"
"VCG","11:12:00",24.45,0,5000,1190800,"B"
"VCG","11:11:51",24.45,0,900,1185800,"B"
"VCG","11:11:35",24.45,0,3000,1184900,"B"
"VCG","11:11:17",24.5,0.05,100,1181900,"S"
"VCG","11:11:10",24.45,0,900,1181800,"B"
"VCG","11:11:01",24.5,0.05,1400,1180900,"S"
"VCG","11:10:45",24.45,0,500,1179500,"B"
"VCG","11:10:24",24.45,0,800,1179000,"B"
"VCG","11:10:08",24.45,0,2000,1178200,"B"
"VCG","11:09:40",24.45,0,900,1176200,"B"
"VCG","11:09:17",24.45,0,22800,1175300,"B"
"VCG","11:08:56",24.45,0,900,1152500,"B"
"VCG","11:08:34",24.45,0,100,1151600,"B"
"VCG","11:08:12",24.45,0,800,1151500,"B"
"VCG","11:07:35",24.45,0,5000,1150700,"B"
"VCG","11:07:29",24.45,0,900,1145700,"B"
"VCG","11:06:53",24.45,0,200,1144800,"S"
"VCG","11:06:44",24.45,0,300,1144600,"B"
"VCG","11:06:43",24.45,0,900,1144300,"B"
"VCG","11:06:23",24.45,0,100,1143400,"B"
"VCG","11:06:00",24.45,0,800,1143300,"B"
"VCG","11:05:55",24.45,0,100,1142500,"B"
"VCG","11:05:24",24.45,0,1000,1142400,"B"
"VCG","11:05:17",24.45,0,1000,1141400,"B"
"VCG","11:05:06",24.45,0,6200,1140400,"S"
"VCG","11:04:31",24.4,-0.05,800,1134200,"B"
"VCG","11:04:04",24.4,-0.05,4000,1133400,"B"
"VCG","11:03:37",24.4,-0.05,10000,1129400,"B"
"VCG","11:03:06",24.4,-0.05,900,1119400,"B"
"VCG","11:02:21",24.4,-0.05,900,1118500,"B"
"VCG","11:02:19",24.4,-0.05,600,1117600,"B"
"VCG","11:02:19",24.45,0,900,1117000,"B"
"VCG","11:02:18",24.45,0,100,1116100,"S"
"VCG","11:02:06",24.45,0,2900,1116000,"B"
"VCG","11:01:40",24.45,0,100,1113100,"B"
"VCG","11:01:38",24.45,0,900,1113000,"B"
"VCG","11:01:36",24.45,0,500,1112100,"B"
"VCG","11:01:27",24.45,0,10000,1111600,"B"
"VCG","11:01:11",24.45,0,2000,1101600,"B"
"VCG","11:01:07",24.45,0,1000,1099600,"B"
"VCG","11:00:52",24.45,0,900,1098600,"B"
"VCG","11:00:48",24.45,0,100,1097700,"B"
"VCG","11:00:44",24.45,0,1000,1097600,"B"
"VCG","11:00:41",24.45,0,10000,1096600,"B"
"VCG","11:00:08",24.45,0,800,1086600,"B"
"VCG","10:59:47",24.45,0,300,1085800,"B"
"VCG","10:59:25",24.45,0,800,1085500,"B"
"VCG","10:58:52",24.45,0,100,1084700,"B"
"VCG","10:58:43",24.45,0,900,1084600,"B"
"VCG","10:58:26",24.45,0,1000,1083700,"B"
"VCG","10:58:20",24.45,0,100,1082700,"B"
"VCG","10:57:59",24.45,0,48800,1082600,"S"
"VCG","10:57:58",24.4,-0.05,900,1033800,"B"
"VCG","10:57:49",24.45,0,100,1032900,"S"
"VCG","10:57:45",24.4,-0.05,3000,1032800,"B"
"VCG","10:57:31",24.4,-0.05,2000,1029800,"B"
"VCG","10:57:27",24.4,-0.05,500,1027800,"B"
"VCG","10:57:13",24.4,-0.05,800,1027300,"B"
"VCG","10:56:31",24.4,-0.05,900,1026500,"B"
"VCG","10:56:14",24.45,0,1000,1025600,"S"
"VCG","10:55:54",24.4,-0.05,5000,1024600,"B"
"VCG","10:55:48",24.4,-0.05,800,1019600,"B"
"VCG","10:55:27",24.4,-0.05,700,1018800,"B"
"VCG","10:55:05",24.4,-0.05,1000,1018100,"B"
"VCG","10:54:41",24.45,0,5000,1017100,"S"
"VCG","10:54:26",24.45,0,100,1012100,"S"
"VCG","10:54:17",24.4,-0.05,800,1012000,"B"
"VCG","10:54:16",24.45,0,100,1011200,"S"
"VCG","10:54:02",24.45,0,100,1011100,"S"
"VCG","10:53:35",24.4,-0.05,1000,1011000,"B"
"VCG","10:53:35",24.4,-0.05,3000,1010000,"B"
"VCG","10:53:19",24.4,-0.05,100,1007000,"B"
"VCG","10:52:46",24.4,-0.05,800,1006900,"B"
"VCG","10:52:12",24.45,0,1000,1006100,"S"
"VCG","10:52:04",24.4,-0.05,900,1005100,"B"
"VCG","10:51:55",24.45,0,700,1004200,"S"
"VCG","10:51:21",24.4,-0.05,800,1003500,"B"
"VCG","10:51:02",24.4,-0.05,1500,1002700,"B"
"VCG","10:50:37",24.4,-0.05,900,1001200,"B"
"VCG","10:50:04",24.45,0,2500,1000300,"S"
"VCG","10:49:35",24.45,0,7600,997800,"B"
"VCG","10:49:32",24.45,0,800,990200,"B"
"VCG","10:49:10",24.45,0,4400,989400,"B"
"VCG","10:49:09",24.45,0,3900,985000,"B"
"VCG","10:49:08",24.45,0,21100,981100,"B"
"VCG","10:49:07",24.45,0,900,960000,"B"
"VCG","10:48:23",24.45,0,800,959100,"B"
"VCG","10:47:40",24.45,0,900,958300,"B"
"VCG","10:47:15",24.45,0,4000,957400,"B"
"VCG","10:46:58",24.45,0,800,953400,"B"
"VCG","10:46:32",24.5,0.05,100,952600,"S"
"VCG","10:46:15",24.45,0,900,952500,"B"
"VCG","10:45:51",24.45,0,1000,951600,"B"
"VCG","10:45:31",24.45,0,900,950600,"B"
"VCG","10:45:09",24.45,0,5000,949700,"B"
"VCG","10:44:48",24.45,0,800,944700,"B"
"VCG","10:44:38",24.45,0,100,943900,"B"
"VCG","10:44:02",24.45,0,900,943800,"B"
"VCG","10:43:47",24.45,0,1300,942900,"B"
"VCG","10:43:23",24.45,0,100,941600,"B"
"VCG","10:43:17",24.45,0,1000,941500,"B"
"VCG","10:42:55",24.5,0.05,3500,940500,"S"
"VCG","10:42:29",24.45,0,900,937000,"B"
"VCG","10:41:45",24.45,0,900,936100,"B"
"VCG","10:41:29",24.5,0.05,20400,935200,"B"
"VCG","10:41:00",24.5,0.05,900,914800,"B"
"VCG","10:40:27",24.5,0.05,300,913900,"B"
"VCG","10:40:17",24.55,0.1,30000,913600,"S"
"VCG","10:40:11",24.5,0.05,900,883600,"B"
"VCG","10:39:46",24.5,0.05,200,882700,"B"
"VCG","10:39:27",24.5,0.05,800,882500,"B"
"VCG","10:39:15",24.5,0.05,100,881700,"B"
"VCG","10:38:55",24.5,0.05,2300,881600,"B"
"VCG","10:38:53",24.5,0.05,4900,879300,"S"
"VCG","10:38:45",24.45,0,1000,874400,"B"
"VCG","10:38:33",24.5,0.05,100,873400,"B"
"VCG","10:37:58",24.45,0,900,873300,"B"
"VCG","10:37:58",24.5,0.05,300,872400,"B"
"VCG","10:37:49",24.5,0.05,500,872100,"B"
"VCG","10:37:27",24.5,0.05,2000,871600,"B"
"VCG","10:37:26",24.5,0.05,100,869600,"B"
"VCG","10:37:26",24.5,0.05,7300,869500,"S"
"VCG","10:37:04",24.45,0,800,862200,"B"
"VCG","10:37:03",24.5,0.05,300,861400,"S"
"VCG","10:37:01",24.45,0,100,861100,"B"
"VCG","10:36:52",24.5,0.05,20000,861000,"S"
"VCG","10:36:22",24.45,0,900,841000,"B"
"VCG","10:36:02",24.5,0.05,2700,840100,"S"
"VCG","10:35:41",24.45,0,100,837400,"B"
"VCG","10:35:39",24.45,0,800,837300,"B"
"VCG","10:35:30",24.45,0,200,836500,"B"
"VCG","10:34:57",24.45,0,900,836300,"B"
"VCG","10:34:33",24.5,0.05,300,835400,"S"
"VCG","10:34:24",24.5,0.05,4000,835100,"S"
"VCG","10:34:13",24.45,0,900,831100,"B"
"VCG","10:34:07",24.45,0,3000,830200,"B"
"VCG","10:33:49",24.45,0,2000,827200,"B"
"VCG","10:33:30",24.45,0,800,825200,"B"
"VCG","10:32:49",24.45,0,2700,824400,"B"
"VCG","10:32:46",24.45,0,900,821700,"B"
"VCG","10:32:23",24.45,0,4600,820800,"B"
"VCG","10:32:15",24.45,0,1000,816200,"B"
"VCG","10:32:09",24.45,0,5000,815200,"B"
"VCG","10:32:01",24.45,0,800,810200,"B"
"VCG","10:31:18",24.45,0,1000,809400,"B"
"VCG","10:30:32",24.45,0,800,808400,"B"
"VCG","10:30:30",24.5,0.05,1000,807600,"S"
"VCG","10:29:50",24.45,0,800,806600,"B"
"VCG","10:29:49",24.5,0.05,500,805800,"S"
"VCG","10:29:45",24.45,0,300,805300,"B"
"VCG","10:29:42",24.5,0.05,15300,805000,"S"
"VCG","10:29:42",24.5,0.05,34700,789700,"S"
"VCG","10:29:21",24.45,0,2000,755000,"B"
"VCG","10:29:07",24.45,0,900,753000,"B"
"VCG","10:28:39",24.5,0.05,100,752100,"S"
"VCG","10:28:39",24.45,0,5000,752000,"B"
"VCG","10:28:32",24.45,0,400,747000,"B"
"VCG","10:28:25",24.45,0,900,746600,"B"
"VCG","10:28:08",24.45,0,3600,745700,"B"
"VCG","10:28:07",24.45,0,1000,742100,"B"
"VCG","10:27:40",24.45,0,3000,741100,"S"
"VCG","10:26:54",24.4,-0.05,800,737200,"B"
"VCG","10:26:41",24.4,-0.05,500,736400,"B"
"VCG","10:26:35",24.4,-0.05,500,735900,"B"
"VCG","10:26:21",24.4,-0.05,6400,735400,"B"
"VCG","10:26:16",24.4,-0.05,2000,729000,"B"
"VCG","10:26:12",24.4,-0.05,900,727000,"B"
"VCG","10:25:28",24.4,-0.05,200,726100,"B"
"VCG","10:25:24",24.45,0,400,725300,"S"
"VCG","10:25:23",24.45,0,1000,724900,"S"
"VCG","10:25:21",24.45,0,500,723900,"S"
"VCG","10:25:14",24.45,0,20000,723400,"S"
"VCG","10:24:59",24.45,0,1000,703400,"S"
"VCG","10:24:46",24.4,-0.05,1000,702400,"B"
"VCG","10:24:23",24.4,-0.05,2000,701400,"B"
"VCG","10:23:58",24.4,-0.05,800,699400,"B"
"VCG","10:23:51",24.4,-0.05,5000,698600,"B"
"VCG","10:23:15",24.4,-0.05,800,693600,"B"
"VCG","10:23:13",24.4,-0.05,500,692800,"B"
"VCG","10:23:11",24.4,-0.05,2000,692300,"B"
"VCG","10:22:33",24.4,-0.05,900,690300,"B"
"VCG","10:22:00",24.4,-0.05,200,689400,"B"
"VCG","10:21:51",24.4,-0.05,800,689200,"B"
"VCG","10:21:08",24.4,-0.05,900,688400,"B"
"VCG","10:20:52",24.4,-0.05,1000,687500,"B"
"VCG","10:20:22",24.4,-0.05,900,686500,"B"
"VCG","10:19:39",24.4,-0.05,800,685600,"B"
"VCG","10:19:33",24.4,-0.05,200,684800,"B"
"VCG","10:19:22",24.4,-0.05,17700,684600,"B"
"VCG","10:19:21",24.4,-0.05,32300,666900,"B"
"VCG","10:19:18",24.4,-0.05,4000,634600,"B"
"VCG","10:18:59",24.4,-0.05,4300,630600,"B"
"VCG","10:18:55",24.4,-0.05,900,626300,"B"
"VCG","10:18:43",24.4,-0.05,100,625400,"B"
"VCG","10:18:12",24.4,-0.05,900,625300,"B"
"VCG","10:17:26",24.4,-0.05,800,624400,"B"
"VCG","10:17:04",24.4,-0.05,2000,623600,"B"
"VCG","10:16:43",24.4,-0.05,900,621600,"B"
"VCG","10:16:34",24.45,0,300,620700,"S"
"VCG","10:16:29",24.45,0,1000,620400,"S"
"VCG","10:16:23",24.45,0,100,619400,"S"
"VCG","10:16:14",24.45,0,200,619300,"S"
"VCG","10:16:13",24.4,-0.05,5500,619100,"B"
"VCG","10:16:09",24.4,-0.05,300,613600,"B"
"VCG","10:16:00",24.4,-0.05,800,613300,"B"
"VCG","10:15:48",24.4,-0.05,100,612500,"B"
"VCG","10:15:18",24.4,-0.05,800,612400,"B"
"VCG","10:15:03",24.4,-0.05,2000,611600,"B"
"VCG","10:14:30",24.4,-0.05,8200,609600,"B"
"VCG","10:13:42",24.45,0,4300,601400,"B"
"VCG","10:13:21",24.45,0,300,596800,"B"
"VCG","10:12:37",24.45,0,2000,596500,"B"
"VCG","10:12:36",24.45,0,3000,594500,"S"
"VCG","10:12:35",24.45,0,300,591500,"S"
"VCG","10:12:06",24.4,-0.05,500,591200,"B"
"VCG","10:11:24",24.4,-0.05,100,590700,"B"
"VCG","10:11:21",24.45,0,100,590600,"S"
"VCG","10:10:06",24.45,0,1000,590500,"S"
"VCG","10:09:45",24.45,0,500,589500,"S"
"VCG","10:09:42",24.45,0,300,589000,"S"
"VCG","10:09:38",24.45,0,1400,588700,"S"
"VCG","10:09:28",24.45,0,1000,587300,"S"
"VCG","10:09:12",24.45,0,400,586300,"B"
"VCG","10:08:50",24.45,0,1000,585900,"B"
"VCG","10:08:22",24.45,0,200,584900,"B"
"VCG","10:08:19",24.45,0,600,584700,"B"
"VCG","10:08:00",24.45,0,100,584100,"B"
"VCG","10:07:48",24.45,0,2000,584000,"B"
"VCG","10:07:42",24.45,0,1100,582000,"B"
"VCG","10:07:10",24.45,0,500,580900,"B"
"VCG","10:07:01",24.45,0,1000,580400,"B"
"VCG","10:06:55",24.45,0,1000,579400,"B"
"VCG","10:06:54",24.45,0,500,578400,"B"
"VCG","10:06:38",24.45,0,300,577900,"B"
"VCG","10:06:10",24.45,0,1500,577600,"B"
"VCG","10:05:50",24.5,0.05,500,576100,"S"
"VCG","10:05:43",24.45,0,300,575600,"B"
"VCG","10:05:40",24.45,0,100,575300,"B"
"VCG","10:05:13",24.45,0,1000,575200,"B"
"VCG","10:04:55",24.45,0,300,574200,"S"
"VCG","10:04:50",24.45,0,300,573900,"S"
"VCG","10:04:49",24.45,0,1000,573600,"S"
"VCG","10:04:35",24.45,0,3000,572600,"S"
"VCG","10:04:27",24.45,0,1000,569600,"S"
"VCG","10:04:22",24.4,-0.05,100,568600,"B"
"VCG","10:04:20",24.45,0,300,568500,"S"
"VCG","10:04:19",24.4,-0.05,900,568200,"B"
"VCG","10:04:14",24.45,0,500,567300,"S"
"VCG","10:03:34",24.4,-0.05,100,566800,"B"
"VCG","10:03:26",24.45,0,25500,566700,"B"
"VCG","10:03:16",24.45,0,300,541200,"B"
"VCG","10:03:12",24.45,0,300,540900,"B"
"VCG","10:03:07",24.45,0,5000,540600,"B"
"VCG","10:02:29",24.45,0,2000,535600,"B"
"VCG","10:02:08",24.45,0,1000,533600,"B"
"VCG","10:01:48",24.45,0,1500,532600,"B"
"VCG","10:00:59",24.5,0.05,3000,531100,"S"
"VCG","10:00:20",24.5,0.05,6000,528100,"S"
"VCG","09:59:53",24.5,0.05,900,522100,"S"
"VCG","09:59:16",24.5,0.05,500,521200,"S"
"VCG","09:59:06",24.45,0,1000,520700,"B"
"VCG","09:59:01",24.45,0,100,519700,"B"
"VCG","09:58:49",24.45,0,200,519600,"B"
"VCG","09:58:39",24.45,0,1000,519400,"B"
"VCG","09:58:28",24.45,0,100,518400,"B"
"VCG","09:58:11",24.45,0,200,518300,"B"
"VCG","09:58:04",24.45,0,6100,518100,"B"
"VCG","09:57:45",24.45,0,1600,512000,"B"
"VCG","09:57:29",24.45,0,800,510400,"B"
"VCG","09:57:19",24.45,0,1000,509600,"B"
"VCG","09:57:12",24.45,0,1000,508600,"B"
"VCG","09:56:46",24.45,0,500,507600,"B"
"VCG","09:56:26",24.45,0,100,507100,"B"
"VCG","09:56:25",24.5,0.05,200,507000,"S"
"VCG","09:56:22",24.45,0,19900,506800,"B"
"VCG","09:56:05",24.5,0.05,1000,486900,"S"
"VCG","09:55:45",24.5,0.05,1000,485900,"S"
"VCG","09:55:19",24.5,0.05,500,484900,"S"
"VCG","09:55:15",24.5,0.05,1000,484400,"S"
"VCG","09:54:49",24.45,0,12800,483400,"B"
"VCG","09:53:52",24.45,0,3000,470600,"B"
"VCG","09:53:46",24.45,0,800,467600,"B"
"VCG","09:53:45",24.45,0,2100,466800,"B"
"VCG","09:53:32",24.45,0,500,464700,"B"
"VCG","09:53:27",24.45,0,400,464200,"B"
"VCG","09:53:20",24.45,0,1000,463800,"B"
"VCG","09:52:51",24.45,0,2000,462800,"B"
"VCG","09:52:45",24.45,0,500,460800,"B"
"VCG","09:52:20",24.5,0.05,100,460300,"S"
"VCG","09:52:11",24.45,0,200,460200,"B"
"VCG","09:51:55",24.5,0.05,5000,460000,"S"
"VCG","09:51:28",24.45,0,1000,455000,"B"
"VCG","09:51:10",24.45,0,900,454000,"B"
"VCG","09:51:00",24.45,0,200,453100,"B"
"VCG","09:50:58",24.45,0,4000,452900,"B"
"VCG","09:50:57",24.45,0,500,448900,"B"
"VCG","09:50:50",24.45,0,500,448400,"B"
"VCG","09:50:35",24.45,0,100,447900,"S"
"VCG","09:50:34",24.45,0,5000,447800,"S"
"VCG","09:50:31",24.45,0,400,442800,"S"
"VCG","09:50:30",24.45,0,10000,442400,"S"
"VCG","09:50:28",24.45,0,20000,432400,"S"
"VCG","09:50:27",24.4,-0.05,6000,412400,"B"
"VCG","09:50:25",24.45,0,5000,406400,"S"
"VCG","09:50:15",24.4,-0.05,100,401400,"B"
"VCG","09:50:12",24.4,-0.05,100,401300,"B"
"VCG","09:49:30",24.4,-0.05,1000,401200,"B"
"VCG","09:49:26",24.4,-0.05,300,400200,"B"
"VCG","09:49:18",24.4,-0.05,100,399900,"B"
"VCG","09:49:16",24.4,-0.05,300,399600,"B"
"VCG","09:48:57",24.4,-0.05,1000,399300,"B"
"VCG","09:48:35",24.4,-0.05,19100,398300,"S"
"VCG","09:48:28",24.4,-0.05,23000,379200,"B"
"VCG","09:48:10",24.4,-0.05,2000,356200,"B"
"VCG","09:47:58",24.4,-0.05,5000,354200,"B"
"VCG","09:47:44",24.4,-0.05,300,349200,"B"
"VCG","09:47:32",24.4,-0.05,1000,348900,"B"
"VCG","09:47:09",24.4,-0.05,1500,347900,"B"
"VCG","09:47:01",24.4,-0.05,200,346400,"B"
"VCG","09:46:52",24.4,-0.05,3200,346200,"B"
"VCG","09:46:23",24.4,-0.05,800,343000,"B"
"VCG","09:46:01",24.4,-0.05,10000,342200,"B"
"VCG","09:45:40",24.4,-0.05,40000,332200,"B"
"VCG","09:45:32",24.4,-0.05,700,292200,"B"
"VCG","09:45:03",24.4,-0.05,500,291500,"B"
"VCG","09:44:57",24.4,-0.05,1000,291000,"B"
"VCG","09:44:40",24.4,-0.05,1100,290000,"B"
"VCG","09:44:40",24.4,-0.05,900,288900,"B"
"VCG","09:44:36",24.45,0,200,288000,"S"
"VCG","09:44:18",24.45,0,100,287800,"S"
"VCG","09:44:13",24.4,-0.05,500,287700,"B"
"VCG","09:43:58",24.4,-0.05,200,287200,"B"
"VCG","09:43:53",24.4,-0.05,600,287000,"B"
"VCG","09:43:45",24.4,-0.05,1000,286400,"B"
"VCG","09:43:42",24.4,-0.05,200,285400,"B"
"VCG","09:43:37",24.45,0,100,285200,"S"
"VCG","09:43:09",24.4,-0.05,3000,285100,"B"
"VCG","09:43:06",24.45,0,1000,282100,"S"
"VCG","09:42:58",24.45,0,100,281100,"S"
"VCG","09:42:26",24.4,-0.05,100,281000,"B"
"VCG","09:42:22",24.4,-0.05,1000,280900,"B"
"VCG","09:42:01",24.4,-0.05,15000,279900,"B"
"VCG","09:41:58",24.4,-0.05,1000,264900,"B"
"VCG","09:41:37",24.4,-0.05,1000,263900,"B"
"VCG","09:41:23",24.45,0,1000,262900,"S"
"VCG","09:41:17",24.45,0,200,261900,"S"
"VCG","09:40:58",24.45,0,300,261700,"S"
"VCG","09:40:49",24.45,0,1000,261400,"S"
"VCG","09:40:41",24.45,0,200,260400,"S"
"VCG","09:40:23",24.45,0,5000,260200,"B"
"VCG","09:40:22",24.45,0,1000,255200,"B"
"VCG","09:40:07",24.45,0,500,254200,"B"
"VCG","09:40:05",24.45,0,5100,253700,"S"
"VCG","09:39:33",24.45,0,1000,248600,"S"
"VCG","09:39:32",24.45,0,300,247600,"S"
"VCG","09:39:22",24.45,0,1200,247300,"S"
"VCG","09:39:06",24.4,-0.05,2000,246100,"B"
"VCG","09:38:12",24.4,-0.05,1000,244100,"B"
"VCG","09:38:11",24.4,-0.05,10000,243100,"B"
"VCG","09:38:11",24.45,0,4500,233100,"B"
"VCG","09:38:04",24.45,0,1000,227100,"B"
"VCG","09:37:25",24.45,0,8000,226100,"B"
"VCG","09:37:16",24.45,0,200,218100,"B"
"VCG","09:37:15",24.45,0,300,217900,"B"
"VCG","09:36:51",24.45,0,100,217600,"B"
"VCG","09:36:45",24.45,0,100,217500,"B"
"VCG","09:36:38",24.45,0,100,217400,"B"
"VCG","09:36:35",24.45,0,200,217300,"B"
"VCG","09:36:27",24.45,0,800,217100,"B"
"VCG","09:36:26",24.45,0,500,216300,"B"
"VCG","09:36:24",24.45,0,1000,215800,"B"
"VCG","09:36:20",24.45,0,500,214800,"B"
"VCG","09:36:19",24.45,0,300,214300,"B"
"VCG","09:36:18",24.45,0,2400,214000,"B"
"VCG","09:35:49",24.45,0,10000,211600,"B"
"VCG","09:35:34",24.45,0,100,201600,"B"
"VCG","09:35:29",24.45,0,2500,201500,"B"
"VCG","09:35:00",24.45,0,3000,199000,"B"
"VCG","09:34:38",24.45,0,600,196000,"B"
"VCG","09:34:29",24.45,0,500,195400,"B"
"VCG","09:34:25",24.45,0,13700,194900,"B"
"VCG","09:34:24",24.45,0,24300,181200,"B"
"VCG","09:33:48",24.45,0,5100,156900,"B"
"VCG","09:33:25",24.45,0,400,151800,"B"
"VCG","09:33:22",24.45,0,200,151400,"B"
"VCG","09:33:13",24.45,0,2000,151200,"B"
"VCG","09:33:08",24.45,0,3000,149200,"B"
"VCG","09:32:52",24.45,0,600,146200,"B"
"VCG","09:32:40",24.5,0.05,400,145600,"S"
"VCG","09:32:20",24.5,0.05,1300,145200,"S"
"VCG","09:30:59",24.5,0.05,2500,143900,"S"
"VCG","09:30:18",24.5,0.05,5000,141400,"S"
"VCG","09:29:56",24.5,0.05,19500,136400,"B"
"VCG","09:27:28",24.55,0.1,10000,116900,"S"
"VCG","09:27:22",24.5,0.05,2000,106900,"B"
"VCG","09:27:13",24.55,0.1,300,104900,"S"
"VCG","09:27:04",24.55,0.1,200,104600,"S"
"VCG","09:26:58",24.5,0.05,1000,104400,"B"
"VCG","09:26:56",24.5,0.05,500,103400,"B"
"VCG","09:26:51",24.5,0.05,400,102900,"B"
"VCG","09:26:50",24.5,0.05,9600,102500,"B"
"VCG","09:26:28",24.5,0.05,200,92900,"B"
"VCG","09:26:00",24.5,0.05,100,92700,"B"
"VCG","09:25:55",24.5,0.05,200,92600,"B"
"VCG","09:25:51",24.55,0.1,500,92400,"S"
"VCG","09:25:16",24.55,0.1,900,91900,"S"
"VCG","09:25:15",24.55,0.1,1000,91000,"S"
"VCG","09:25:01",24.55,0.1,1000,90000,"S"
"VCG","09:24:57",24.55,0.1,500,89000,"S"
"VCG","09:23:51",24.55,0.1,600,88500,"S"
"VCG","09:23:45",24.55,0.1,1200,87900,"S"
"VCG","09:23:38",24.55,0.1,300,86700,"B"
"VCG","09:23:33",24.55,0.1,500,86400,"B"
"VCG","09:23:29",24.55,0.1,300,85900,"B"
"VCG","09:23:17",24.55,0.1,12000,85600,"B"
"VCG","09:22:48",24.55,0.1,100,73600,"B"
"VCG","09:22:26",24.55,0.1,500,73500,"B"
"VCG","09:22:11",24.55,0.1,1000,73000,"B"
"VCG","09:22:02",24.55,0.1,100,72000,"B"
"VCG","09:21:04",24.55,0.1,500,71900,"B"
"VCG","09:20:32",24.55,0.1,100,71400,"B"
"VCG","09:20:17",24.55,0.1,500,71300,"S"
"VCG","09:20:16",24.5,0.05,100,70800,"B"
"VCG","09:19:42",24.5,0.05,2000,70700,"B"
"VCG","09:19:12",24.5,0.05,500,68700,"B"
"VCG","09:18:59",24.5,0.05,2000,68200,"B"
"VCG","09:17:53",24.5,0.05,2900,66200,"S"
"VCG","09:17:38",24.5,0.05,1000,63300,"S"
"VCG","09:17:20",24.5,0.05,1000,62300,"S"
"VCG","09:17:18",24.5,0.05,500,61300,"S"
"VCG","09:16:56",24.5,0.05,3000,60800,"S"
"VCG","09:16:48",24.5,0.05,100,57800,"S"
"VCG","09:16:41",24.5,0.05,300,57700,"S"
"VCG","09:16:28",24.5,0.05,500,57400,"S"
"VCG","09:16:23",24.5,0.05,2000,56900,"S"
"VCG","09:16:16",24.45,0,900,54900,"B"
"VCG","09:16:03",24.5,0.05,300,54000,"S"
"VCG","09:16:03",24.45,0,10000,53700,"B"
"VCG","09:15:28",24.45,0,10000,43700,"B"
"VCG","09:15:01",24.45,0,33700,33700,
