"price","change","match_qtty","side","time","total_vol"
26300,-200,8400,"sd","09:15:03",8400
26300,-200,500,"bu","09:15:28",8900
26300,-200,100,"sd","09:15:28",9000
26300,-200,600,"sd","09:15:31",9600
26300,-200,3200,"sd","09:15:38",12800
26300,-200,600,"sd","09:15:45",13400
26350,-150,12300,"sd","09:16:45",25700
26350,-150,600,"sd","09:17:13",26300
26300,-200,600,"sd","09:17:22",26900
26300,-200,600,"sd","09:17:30",27500
26350,-150,4000,"sd","09:18:51",31500
26350,-150,600,"sd","09:18:53",32100
26350,-150,4600,"bu","09:20:11",36700
26350,-150,100,"bu","09:20:33",36800
26350,-150,500,"sd","09:20:49",37300
26400,-100,100,"bu","09:21:34",37400
26400,-100,500,"bu","09:22:01",37900
26400,-100,1500,"sd","09:23:11",39400
26350,-150,200,"sd","09:23:21",39600
26400,-100,2500,"sd","09:23:37",42100
26400,-100,5000,"sd","09:23:44",47100
26400,-100,100,"bu","09:24:02",47200
26400,-100,1500,"bu","09:24:16",48700
26350,-150,600,"sd","09:24:32",49300
26400,-100,200,"sd","09:24:38",49500
26350,-150,600,"bu","09:24:46",50100
26400,-100,2100,"sd","09:25:21",52200
26350,-150,600,"sd","09:25:39",52800
26350,-150,7400,"bu","09:26:10",60200
26400,-100,1500,"sd","09:26:27",62900
26400,-100,600,"bu","09:26:34",63500
26350,-150,600,"bu","09:27:00",64100
26350,-150,600,"bu","09:27:06",64700
26350,-150,1000,"sd","09:27:10",65700
26350,-150,300,"bu","09:27:11",66000
26300,-200,2400,"bu","09:27:15",68400
26300,-200,2300,"sd","09:27:15",72000
26300,-200,600,"sd","09:27:18",72600
26300,-200,3500,"bu","09:27:31",76100
26300,-200,1500,"sd","09:27:32",77600
26250,-250,300,"sd","09:27:34",77900
26300,-200,1000,"sd","09:28:18",78900
26300,-200,2200,"sd","09:28:38",81100
26300,-200,3000,"bu","09:28:45",84100
26300,-200,1100,"sd","09:28:49",85200
26300,-200,600,"bu","09:29:01",85800
26300,-200,200,"sd","09:29:03",86000
26250,-250,700,"bu","09:29:28",86700
26250,-250,200,"bu","09:29:39",86900
26300,-200,1500,"bu","09:29:42",88400
26250,-250,600,"bu","09:29:48",89000
26250,-250,700,"sd","09:30:29",89700
26250,-250,10500,"sd","09:30:33",100200
26300,-200,1500,"bu","09:30:48",101700
26300,-200,300,"sd","09:31:14",102000
26300,-200,1000,"bu","09:31:25",103000
26300,-200,200,"bu","09:31:28",103200
26300,-200,900,"bu","09:31:29",104100
26300,-200,600,"bu","09:31:30",104700
26300,-200,1000,"bu","09:31:46",105700
26300,-200,1500,"bu","09:31:53",107200
26300,-200,2000,"bu","09:32:14",109200
26300,-200,700,"bu","09:32:29",109900
26400,-100,500,"bu","09:32:52",110400
26300,-200,2100,"bu","09:33:17",112500
26250,-250,1300,"sd","09:33:29",113800
26400,-100,600,"sd","09:33:58",114400
26400,-100,1500,"sd","09:34:03",115900
26250,-250,700,"sd","09:34:34",116600
26250,-250,600,"bu","09:34:36",117200
26250,-250,200,"sd","09:35:00",117400
26400,-100,1500,"bu","09:35:09",118900
26250,-250,600,"bu","09:35:14",119500
26250,-250,1300,"bu","09:35:30",120800
26400,-100,1500,"bu","09:36:14",122300
26250,-250,200,"sd","09:36:21",122500
26400,-100,600,"sd","09:36:27",123100
26250,-250,700,"bu","09:36:30",123800
26250,-250,600,"sd","09:36:35",124400
26250,-250,700,"bu","09:37:13",125100
26400,-100,1500,"sd","09:37:19",126600
26250,-250,100,"sd","09:37:20",126700
26250,-250,600,"sd","09:37:28",127300
26250,-250,700,"sd","09:37:31",128000
26250,-250,600,"sd","09:37:35",128600
26250,-250,600,"bu","09:37:42",129200
26300,-200,600,"bu","09:37:50",129800
26300,-200,1000,"sd","09:38:03",130800
26300,-200,100,"sd","09:38:04",130900
26400,-100,1500,"bu","09:38:24",132400
26300,-200,100,"bu","09:38:25",132500
26250,-250,700,"bu","09:38:31",133200
26400,-100,600,"bu","09:38:56",133800
26250,-250,2600,"sd","09:39:01",136400
26250,-250,200,"bu","09:39:02",136600
26250,-250,2800,"sd","09:39:03",139400
26350,-150,1500,"bu","09:39:29",140900
26250,-250,100,"sd","09:39:30",141000
26250,-250,700,"sd","09:39:31",141700
26300,-200,2200,"sd","09:40:35",143900
26250,-250,100,"sd","09:40:36",144000
26300,-200,600,"bu","09:41:25",144600
26250,-250,700,"sd","09:41:32",145300
26350,-150,1500,"sd","09:41:40",146800
26250,-250,100,"sd","09:41:41",146900
26300,-200,5500,"sd","09:41:48",152400
26300,-200,500,"sd","09:41:49",152900
26300,-200,4100,"sd","09:42:17",157000
26250,-250,400,"sd","09:42:17",157400
26250,-250,700,"sd","09:42:32",158100
26350,-150,1500,"bu","09:42:45",159600
26250,-250,100,"sd","09:42:46",159700
26300,-200,700,"sd","09:43:32",160400
26350,-150,1500,"sd","09:43:50",161900
26300,-200,100,"sd","09:43:52",162000
26350,-150,600,"bu","09:43:53",162600
26350,-150,300,"sd","09:44:23",162900
26300,-200,700,"sd","09:44:35",163600
26350,-150,1500,"sd","09:44:56",165100
26300,-200,100,"sd","09:44:57",165200
26250,-250,10500,"bu","09:45:06",175700
26250,-250,1000,"sd","09:45:07",176700
26250,-250,100,"sd","09:45:08",176800
26250,-250,700,"sd","09:45:33",177500
26250,-250,600,"sd","09:45:40",178100
26350,-150,2100,"bu","09:46:01",180200
26250,-250,100,"sd","09:46:03",180300
26300,-200,600,"sd","09:46:22",180900
26250,-250,700,"bu","09:46:33",181600
26300,-200,1500,"bu","09:47:06",183100
26250,-250,100,"sd","09:47:07",183200
26250,-250,700,"sd","09:47:34",183900
26250,-250,1600,"sd","09:48:12",185500
26300,-200,1200,"sd","09:48:24",186700
26250,-250,100,"sd","09:48:28",186800
26250,-250,700,"sd","09:48:34",187500
26300,-200,600,"bu","09:48:51",188100
26300,-200,1500,"sd","09:49:17",189600
26250,-250,100,"bu","09:49:18",189700
26300,-200,10000,"sd","09:49:21",199700
26250,-250,1000,"bu","09:49:21",200700
26250,-250,100,"sd","09:49:22",200800
26250,-250,700,"bu","09:49:34",201500
26300,-200,1500,"sd","09:50:22",203000
26250,-250,100,"sd","09:50:24",203100
26250,-250,700,"sd","09:50:34",203800
26250,-250,3300,"bu","09:50:54",207100
26250,-250,200,"bu","09:50:56",207300
26300,-200,600,"sd","09:51:20",207900
26300,-200,1500,"bu","09:51:27",209400
26250,-250,100,"sd","09:51:28",209500
26250,-250,700,"bu","09:51:35",210200
26300,-200,5000,"sd","09:52:09",215200
26250,-250,500,"sd","09:52:09",215700
26300,-200,1000,"sd","09:52:27",216700
26250,-250,100,"bu","09:52:27",216800
26300,-200,1500,"bu","09:52:29",218300
26300,-200,100,"bu","09:52:30",218400
26350,-150,1500,"bu","09:52:32",219900
26300,-200,100,"sd","09:52:33",220000
26300,-200,700,"bu","09:52:35",220700
26250,-250,4400,"bu","09:53:38",225100
26250,-250,100,"sd","09:53:49",226700
26250,-250,6500,"bu","09:53:54",233200
26250,-250,600,"sd","09:53:55",233800
26250,-250,700,"bu","09:54:36",234500
26300,-200,1500,"bu","09:54:43",236000
26250,-250,100,"sd","09:54:44",236100
26250,-250,700,"sd","09:55:36",236800
26250,-250,2600,"bu","09:55:44",239400
26250,-250,200,"bu","09:55:45",239600
26300,-200,1500,"bu","09:55:51",241100
26250,-250,100,"bu","09:55:52",241200
26250,-250,3900,"bu","09:56:01",245100
26300,-200,600,"sd","09:56:16",245700
26250,-250,700,"bu","09:56:36",246400
26250,-250,1900,"bu","09:56:45",248300
26300,-200,2600,"sd","09:56:46",250900
26300,-200,200,"bu","09:56:47",251100
26350,-150,1500,"bu","09:56:53",252600
26300,-200,2000,"sd","09:56:54",254600
26300,-200,200,"bu","09:56:55",254800
26300,-200,2000,"bu","09:57:10",256800
26300,-200,1000,"sd","09:57:22",261800
26250,-250,500,"bu","09:57:23",262300
26250,-250,10500,"bu","09:57:26",272800
26250,-250,1000,"sd","09:57:27",273800
26250,-250,100,"bu","09:57:28",273900
26250,-250,1900,"sd","09:57:33",275800
26250,-250,100,"sd","09:57:34",275900
26250,-250,700,"sd","09:57:37",276600
26250,-250,1900,"bu","09:57:58",278500
26300,-200,1500,"sd","09:57:58",280000
26250,-250,300,"sd","09:57:59",280300
26250,-250,6500,"bu","09:58:18",286800
26250,-250,600,"bu","09:58:19",287400
26250,-250,700,"bu","09:58:37",288100
26300,-200,600,"sd","09:58:46",288700
26300,-200,1500,"bu","09:59:04",290200
26250,-250,100,"bu","09:59:05",290300
26250,-250,700,"bu","09:59:37",291000
26300,-200,1500,"sd","10:00:10",292500
26250,-250,100,"bu","10:00:11",292600
26250,-250,700,"bu","10:00:37",293300
26300,-200,1500,"sd","10:01:14",294800
26300,-200,600,"bu","10:01:15",295400
26250,-250,200,"sd","10:01:16",295600
26250,-250,100,"bu","10:01:21",295700
26250,-250,700,"bu","10:01:39",296400
26300,-200,1500,"sd","10:02:20",297900
26250,-250,100,"sd","10:02:20",298000
26250,-250,800,"sd","10:02:38",298800
26300,-200,1500,"sd","10:03:25",300300
26250,-250,100,"sd","10:03:26",300400
26300,-200,1500,"sd","10:03:44",301900
26300,-200,1500,"sd","10:04:30",303400
26250,-250,100,"bu","10:04:31",303500
26250,-250,800,"bu","10:04:39",304300
26300,-200,100,"bu","10:05:14",304400
26300,-200,1600,"bu","10:05:36",306000
26250,-250,100,"sd","10:05:36",306100
26250,-250,700,"bu","10:05:39",306800
26250,-250,100,"bu","10:05:40",306900
26300,-200,600,"sd","10:06:12",307500
26250,-250,700,"bu","10:06:39",308200
26250,-250,1600,"bu","10:06:41",309800
26300,-200,300,"bu","10:07:03",310100
26250,-250,600,"bu","10:07:34",310700
26250,-250,700,"sd","10:07:39",311400
26250,-250,100,"sd","10:07:41",311500
26300,-200,1500,"bu","10:07:46",313000
26250,-250,100,"bu","10:07:48",313100
26300,-200,1400,"sd","10:08:41",314500
26250,-250,100,"bu","10:08:52",316100
26250,-250,700,"bu","10:09:40",317000
26300,-200,1500,"sd","10:09:57",318500
26250,-250,100,"sd","10:09:58",318600
26300,-200,3000,"bu","10:10:22",321600
26250,-250,200,"sd","10:10:24",321800
26250,-250,2000,"bu","10:10:28",323800
26250,-250,600,"bu","10:10:40",324900
26300,-200,1500,"sd","10:11:02",326400
26250,-250,100,"bu","10:11:03",326500
26300,-200,600,"sd","10:11:10",327100
26250,-250,100,"sd","10:11:11",327200
26300,-200,1800,"bu","10:11:22",329000
26300,-200,100,"bu","10:11:23",329100
26300,-200,800,"bu","10:11:41",329900
26250,-250,1600,"bu","10:12:07",331500
26250,-250,700,"sd","10:12:41",332300
26350,-150,6400,"sd","10:13:15",338700
26350,-150,400,"bu","10:13:16",339100
26350,-150,500,"bu","10:13:21",339600
26400,-100,600,"bu","10:13:39",340200
26350,-150,700,"sd","10:13:41",340900
26400,-100,200,"sd","10:13:56",341100
26350,-150,1600,"bu","10:14:18",342700
26350,-150,700,"sd","10:14:43",343500
26350,-150,1900,"sd","10:15:13",345400
26350,-150,100,"sd","10:15:14",345500
26400,-100,1600,"bu","10:15:23",347100
26350,-150,100,"sd","10:15:24",347200
26350,-150,800,"bu","10:15:43",348000
26400,-100,600,"bu","10:16:08",348600
26400,-100,1500,"bu","10:16:27",350100
26350,-150,100,"sd","10:16:29",350200
26350,-150,800,"sd","10:16:42",351000
26350,-150,10500,"bu","10:16:53",361500
26350,-150,1000,"sd","10:16:54",362500
26350,-150,100,"sd","10:16:55",362600
26350,-150,900,"bu","10:17:01",363500
26400,-100,1500,"bu","10:17:33",365000
26350,-150,100,"sd","10:17:35",365100
26350,-150,800,"sd","10:17:42",365900
26400,-100,600,"sd","10:18:36",366500
26400,-100,1500,"sd","10:18:39",368000
26350,-150,100,"bu","10:18:40",368100
26350,-150,800,"sd","10:18:43",368900
26350,-150,1000,"bu","10:19:32",369900
26350,-150,100,"sd","10:19:33",370000
26400,-100,2200,"sd","10:19:43",372200
26350,-150,200,"sd","10:19:45",372400
26350,-150,100,"bu","10:19:51",372500
26350,-150,700,"bu","10:20:44",373200
26400,-100,1500,"bu","10:20:49",374700
26350,-150,100,"sd","10:20:49",374800
26350,-150,600,"sd","10:20:51",375400
26400,-100,600,"sd","10:21:05",376000
26350,-150,700,"bu","10:21:44",376700
26400,-100,1500,"sd","10:21:53",378200
26350,-150,100,"bu","10:21:54",378300
26400,-100,5200,"sd","10:22:32",383500
26350,-150,400,"sd","10:22:33",383900
26350,-150,300,"sd","10:22:41",384200
26350,-150,700,"sd","10:22:44",384900
26400,-100,1500,"sd","10:23:00",386400
26350,-150,100,"sd","10:23:01",386500
26400,-100,5100,"sd","10:23:13",391600
26350,-150,500,"bu","10:23:14",392100
26350,-150,400,"sd","10:23:21",392500
26400,-100,600,"bu","10:23:35",393100
26350,-150,700,"bu","10:23:45",393800
26400,-100,1500,"sd","10:24:05",395300
26350,-150,100,"bu","10:24:06",395400
26350,-150,2900,"bu","10:24:44",398300
26350,-150,4000,"sd","10:24:50",402300
26350,-150,300,"sd","10:24:51",402600
26350,-150,400,"sd","10:24:52",403000
26350,-150,1900,"sd","10:25:05",404900
26350,-150,100,"bu","10:25:06",405000
26400,-100,1500,"bu","10:25:10",406500
26350,-150,300,"bu","10:25:11",406800
26350,-150,1900,"sd","10:25:44",408700
26350,-150,100,"sd","10:25:45",408800
26350,-150,700,"sd","10:25:45",409500
26350,-150,21200,"bu","10:25:50",430700
26350,-150,2600,"bu","10:25:51",433300
26350,-150,300,"sd","10:25:52",433600
26350,-150,200,"bu","10:25:53",433800
26350,-150,300,"sd","10:26:01",434100
26400,-100,600,"sd","10:26:04",434700
26350,-150,5000,"sd","10:26:14",439700
26350,-150,2000,"bu","10:26:15",441700
26350,-150,200,"sd","10:26:16",441900
26350,-150,300,"bu","10:26:21",442200
26350,-150,700,"sd","10:26:45",442900
26350,-150,1600,"sd","10:27:21",444500
26350,-150,700,"bu","10:27:46",445200
26350,-150,3600,"sd","10:27:54",448800
26350,-150,300,"bu","10:27:55",449100
26350,-150,2900,"sd","10:28:14",452000
26300,-200,200,"bu","10:28:15",452200
26350,-150,1500,"sd","10:28:25",453700
26300,-200,100,"sd","10:28:27",453800
26350,-150,600,"bu","10:28:31",454400
26300,-200,700,"bu","10:28:46",455100
26250,-250,10500,"bu","10:28:55",465600
26250,-250,1000,"bu","10:28:57",466600
26250,-250,100,"sd","10:28:57",466700
26400,-100,1500,"sd","10:29:31",468200
26300,-200,100,"bu","10:29:32",468300
26300,-200,700,"sd","10:29:46",469000
26400,-100,1500,"sd","10:30:36",470500
26350,-150,100,"sd","10:30:37",470600
26350,-150,500,"bu","10:30:42",471100
26300,-200,5500,"bu","10:30:43",476600
26300,-200,600,"sd","10:30:47",477200
26350,-150,500,"bu","10:31:00",477700
26350,-150,100,"bu","10:31:23",477800
26350,-150,1500,"sd","10:31:42",479300
26300,-200,100,"sd","10:31:43",479400
26300,-200,600,"bu","10:31:48",480000
26350,-150,1500,"bu","10:32:46",481500
26300,-200,600,"sd","10:32:47",482100
26300,-200,100,"sd","10:32:48",482200
26350,-150,10000,"sd","10:33:04",492200
26300,-200,1000,"sd","10:33:06",493200
26300,-200,100,"sd","10:33:07",493300
26350,-150,500,"bu","10:33:10",493800
26400,-100,600,"bu","10:33:29",494400
26350,-150,10800,"bu","10:33:32",505200
26350,-150,1000,"bu","10:33:33",506200
26350,-150,100,"sd","10:33:34",506300
26350,-150,600,"sd","10:33:48",506900
26400,-100,1500,"sd","10:33:51",508400
26350,-150,100,"bu","10:33:53",508500
26350,-150,9200,"bu","10:34:26",517700
26350,-150,1800,"bu","10:34:27",519500
26350,-150,1900,"bu","10:34:44",525500
26300,-200,600,"sd","10:34:45",526100
26350,-150,2100,"sd","10:34:57",528200
26300,-200,100,"sd","10:34:58",528300
26300,-200,600,"bu","10:35:48",528900
26350,-150,2100,"bu","10:36:02",531000
26300,-200,100,"sd","10:36:03",531100
26300,-200,600,"bu","10:36:48",531700
26350,-150,1500,"sd","10:37:08",533200
26300,-200,100,"sd","10:37:08",533300
26300,-200,600,"bu","10:37:48",533900
26350,-150,1500,"bu","10:38:13",535400
26300,-200,100,"sd","10:38:14",535500
26350,-150,600,"bu","10:38:27",536100
26300,-200,2000,"sd","10:38:39",538100
26300,-200,600,"sd","10:38:50",538700
26350,-150,900,"bu","10:38:57",539600
26350,-150,1900,"sd","10:39:12",541500
26300,-200,100,"sd","10:39:13",541600
26350,-150,1500,"bu","10:39:18",543100
26300,-200,100,"bu","10:39:18",543200
26300,-200,600,"sd","10:39:49",543800
26350,-150,100,"bu","10:40:10",543900
26350,-150,1900,"sd","10:40:20",545800
26300,-200,100,"sd","10:40:21",545900
26350,-150,1500,"sd","10:40:23",547400
26300,-200,100,"sd","10:40:24",547500
26300,-200,50000,"bu","10:40:32",597500
26250,-250,15500,"bu","10:40:33",613000
26250,-250,1500,"sd","10:40:34",614500
26250,-250,100,"bu","10:40:35",614600
26250,-250,600,"bu","10:40:49",615200
26350,-150,1600,"sd","10:40:59",616800
26250,-250,100,"bu","10:41:01",616900
26350,-150,1500,"sd","10:41:29",618400
26250,-250,100,"sd","10:41:30",618500
26250,-250,600,"sd","10:41:50",619100
26300,-200,1500,"sd","10:42:34",620600
26250,-250,100,"bu","10:42:35",620700
26300,-200,1200,"bu","10:43:25",621900
26250,-250,200,"sd","10:43:28",622100
26300,-200,1500,"bu","10:43:38",623600
26250,-250,100,"bu","10:43:41",623700
26250,-250,600,"bu","10:43:51",624300
26250,-250,2600,"sd","10:43:52",626900
26250,-250,200,"bu","10:43:53",627100
26250,-250,2600,"sd","10:43:53",629700
26250,-250,3000,"sd","10:43:55",632700
26250,-250,1900,"bu","10:44:21",634600
26250,-250,100,"bu","10:44:22",634700
26300,-200,2600,"sd","10:44:44",637300
26250,-250,100,"sd","10:44:45",637400
26300,-200,10500,"bu","10:44:46",647900
26250,-250,1000,"sd","10:44:47",648900
26250,-250,100,"bu","10:44:48",649000
26250,-250,600,"sd","10:44:51",649600
26300,-200,500,"sd","10:45:36",650100
26300,-200,1900,"sd","10:45:45",652000
26250,-250,100,"bu","10:45:47",652100
26350,-150,1500,"bu","10:45:49",653600
26250,-250,100,"sd","10:45:51",653700
26250,-250,600,"bu","10:45:51",654300
26350,-150,2500,"sd","10:46:03",656800
26250,-250,100,"sd","10:46:04",656900
26250,-250,3900,"bu","10:46:43",660800
26250,-250,100,"sd","10:46:44",660900
26250,-250,600,"bu","10:46:51",661500
26350,-150,1500,"bu","10:46:55",663000
26250,-250,100,"sd","10:46:56",663100
26250,-250,1900,"sd","10:47:01",665000
26250,-250,100,"bu","10:47:02",665100
26250,-250,600,"sd","10:47:52",665700
26350,-150,1500,"bu","10:48:00",667200
26250,-250,100,"bu","10:48:01",667300
26350,-150,600,"bu","10:48:22",667900
26350,-150,1900,"bu","10:48:37",669800
26250,-250,100,"sd","10:48:38",669900
26250,-250,600,"bu","10:48:53",670500
26350,-150,1500,"sd","10:49:05",672000
26250,-250,100,"bu","10:49:06",672100
26250,-250,100000,"bu","10:49:15",772100
26200,-300,11000,"sd","10:49:16",783100
26200,-300,100,"sd","10:49:18",783200
26200,-300,1900,"sd","10:49:21",785100
26200,-300,100,"sd","10:49:23",785200
26200,-300,600,"sd","10:49:52",785800
26350,-150,1500,"sd","10:50:10",787300
26200,-300,100,"sd","10:50:10",787400
26200,-300,15000,"sd","10:50:28",802400
26200,-300,1500,"bu","10:50:29",803900
26200,-300,100,"sd","10:50:30",804000
26350,-150,600,"bu","10:50:50",804600
26250,-250,900,"bu","10:51:05",805500
26350,-150,1500,"bu","10:51:16",807000
26250,-250,100,"bu","10:51:17",807100
26250,-250,600,"bu","10:51:52",807700
26350,-150,1500,"bu","10:52:20",809200
26250,-250,100,"sd","10:52:23",809300
26250,-250,600,"bu","10:52:53",809900
26250,-250,1900,"bu","10:53:14",811800
26250,-250,100,"bu","10:53:15",811900
26350,-150,600,"sd","10:53:20",812500
26350,-150,1500,"bu","10:53:26",814000
26350,-150,2000,"sd","10:53:27",816000
26250,-250,200,"sd","10:53:28",816200
26300,-200,2100,"sd","10:54:31",818300
26250,-250,100,"sd","10:54:32",818400
26300,-200,300,"sd","10:54:53",818700
26250,-250,600,"sd","10:54:54",819300
26250,-250,1600,"sd","10:55:38",820900
26300,-200,600,"sd","10:55:49",821500
26300,-200,2100,"bu","10:56:42",823600
26250,-250,100,"sd","10:56:43",823700
26250,-250,600,"bu","10:56:54",824300
26250,-250,1600,"bu","10:57:47",825900
26250,-250,600,"bu","10:57:55",826500
26300,-200,100,"sd","10:58:01",826600
26300,-200,600,"sd","10:58:18",827200
26250,-250,2000,"sd","10:58:19",829200
26300,-200,1500,"sd","10:58:52",830700
26250,-250,100,"bu","10:58:53",830800
26250,-250,600,"sd","10:58:54",831400
26250,-250,10500,"bu","10:59:38",841900
26250,-250,1000,"sd","10:59:39",842900
26250,-250,100,"bu","10:59:40",843000
26250,-250,600,"sd","10:59:56",843600
26350,-150,1500,"bu","10:59:58",845100
26250,-250,100,"bu","10:59:59",845200
26350,-150,600,"bu","11:00:46",845800
26350,-150,1900,"sd","11:00:53",847700
26250,-250,100,"bu","11:00:54",847800
26250,-250,600,"sd","11:00:56",848400
26350,-150,1500,"sd","11:01:03",849900
26250,-250,100,"sd","11:01:04",850000
26250,-250,1900,"sd","11:01:46",851900
26250,-250,100,"bu","11:01:48",852000
26250,-250,600,"sd","11:01:55",852600
26350,-150,1500,"bu","11:02:08",854100
26250,-250,100,"sd","11:02:09",854200
26250,-250,300,"sd","11:02:19",854500
26300,-200,600,"sd","11:02:56",855100
26350,-150,1500,"sd","11:03:13",856600
26300,-200,100,"bu","11:03:14",856700
26350,-150,600,"bu","11:03:15",857300
26300,-200,2000,"bu","11:03:27",859300
26300,-200,600,"bu","11:03:56",859900
26350,-150,1500,"sd","11:04:18",861400
26300,-200,100,"bu","11:04:20",861500
26350,-150,2200,"bu","11:05:24",863700
26300,-200,100,"sd","11:05:25",863800
26350,-150,600,"bu","11:05:44",864400
26300,-200,700,"bu","11:06:14",865100
26350,-150,1500,"bu","11:06:29",866600
26300,-200,100,"sd","11:06:30",866700
26300,-200,600,"bu","11:06:58",867300
26350,-150,1500,"sd","11:07:34",868800
26300,-200,100,"sd","11:07:35",868900
26300,-200,600,"bu","11:07:58",869500
26350,-150,600,"bu","11:08:13",870100
26350,-150,1900,"bu","11:08:18",872000
26300,-200,100,"bu","11:08:18",872100
26350,-150,1500,"bu","11:08:39",873600
26300,-200,100,"sd","11:08:40",873700
26300,-200,600,"bu","11:08:57",874300
26300,-200,200,"bu","11:09:24",874500
26350,-150,10300,"bu","11:09:39",884800
26300,-200,1000,"bu","11:09:41",885800
26300,-200,100,"bu","11:09:42",885900
26300,-200,2200,"sd","11:09:59",888100
26400,-100,600,"bu","11:10:42",888700
26300,-200,1600,"bu","11:10:51",890300
26350,-150,600,"sd","11:10:59",890900
26300,-200,11500,"bu","11:11:07",902400
26300,-200,100,"sd","11:11:08",902500
26400,-100,1500,"bu","11:11:55",904000
26300,-200,100,"bu","11:11:56",904100
26300,-200,600,"bu","11:11:59",904700
26300,-200,600,"bu","11:12:59",905300
26400,-100,1500,"sd","11:13:00",906800
26300,-200,200,"bu","11:13:01",907000
26400,-100,600,"sd","11:13:09",907600
26400,-100,2100,"bu","11:14:06",909700
26350,-150,100,"sd","11:14:07",909800
26350,-150,600,"sd","11:14:59",910400
26350,-150,1600,"sd","11:15:14",912000
26350,-150,1900,"sd","11:15:27",913900
26350,-150,100,"sd","11:15:28",914000
26400,-100,600,"bu","11:15:39",914600
26400,-100,2100,"bu","11:16:16",916700
26350,-150,100,"sd","11:16:17",916800
26350,-150,600,"bu","11:17:01",917400
26350,-150,200,"sd","11:17:09",917600
26350,-150,400,"bu","11:17:14",918000
26400,-100,1500,"bu","11:17:21",919500
26350,-150,100,"sd","11:17:22",919600
26350,-150,600,"bu","11:18:01",920200
26400,-100,2100,"sd","11:18:27",922300
26350,-150,100,"bu","11:18:28",922400
26400,-100,10000,"bu","11:18:29",932400
26350,-150,1000,"bu","11:18:30",933400
26350,-150,100,"sd","11:18:31",933500
26350,-150,200,"bu","11:18:49",933700
26350,-150,600,"bu","11:19:01",934300
26400,-100,1500,"sd","11:19:32",935800
26350,-150,100,"bu","11:19:33",935900
26350,-150,11000,"bu","11:19:56",946900
26350,-150,100,"sd","11:19:57",947000
26350,-150,600,"bu","11:20:01",947600
26350,-150,300,"sd","11:20:05",947900
26400,-100,2100,"bu","11:20:37",950000
26350,-150,100,"bu","11:20:38",950100
26350,-150,600,"bu","11:21:02",950700
26400,-100,1500,"sd","11:21:42",952200
26350,-150,100,"sd","11:21:43",952300
26350,-150,600,"sd","11:22:02",952900
26400,-100,1500,"sd","11:22:55",954400
26400,-100,200,"sd","11:22:56",954600
26350,-150,600,"bu","11:23:03",955200
26400,-100,600,"sd","11:23:04",955800
26400,-100,1500,"sd","11:23:53",957300
26350,-150,100,"bu","11:23:54",957400
26350,-150,600,"bu","11:24:03",958000
26350,-150,10500,"sd","11:24:05",968500
26350,-150,1000,"bu","11:24:06",969500
26350,-150,100,"bu","11:24:08",969600
26300,-200,66000,"sd","11:24:11",1035600
26300,-200,600,"bu","11:24:13",1036200
26400,-100,1500,"bu","11:24:58",1037700
26300,-200,100,"bu","11:24:59",1037800
26300,-200,600,"bu","11:25:02",1038400
26350,-150,2500,"sd","11:25:40",1040900
26300,-200,100,"sd","11:25:41",1041000
26300,-200,2000,"bu","11:25:45",1043000
26300,-200,200,"bu","11:25:46",1043200
26350,-150,2100,"sd","11:26:03",1045300
26300,-200,100,"sd","11:26:04",1045400
26300,-200,600,"sd","11:27:04",1046000
26350,-150,1500,"sd","11:27:08",1047500
26300,-200,100,"bu","11:27:09",1047600
26350,-150,10000,"sd","11:27:58",1057600
26300,-200,1000,"sd","11:27:59",1058600
26300,-200,100,"bu","11:28:00",1058700
26350,-150,500,"bu","11:28:03",1059200
26300,-200,600,"bu","11:28:04",1059800
26350,-150,3400,"bu","11:28:14",1063200
26300,-200,300,"sd","11:28:15",1063500
26350,-150,100,"sd","11:28:24",1063600
26350,-150,1500,"bu","11:28:31",1065100
26350,-150,100,"bu","11:28:32",1065200
26400,-100,2600,"sd","11:29:19",1067800
26350,-150,100,"sd","11:29:20",1067900
26350,-150,1000,"sd","13:00:31",1068900
26350,-150,100,"bu","13:00:40",1069000
26350,-150,7900,"sd","13:00:41",1076900
26300,-200,800,"bu","13:00:42",1077700
26350,-150,200,"bu","13:00:43",1077900
26350,-150,2000,"sd","13:00:51",1079900
26300,-200,200,"bu","13:00:52",1080100
26350,-150,1500,"bu","13:00:57",1081600
26300,-200,1400,"bu","13:00:58",1083000
26300,-200,600,"bu","13:01:19",1083600
26300,-200,2600,"sd","13:01:20",1086200
26300,-200,200,"sd","13:01:21",1086400
26350,-150,1500,"bu","13:01:28",1087900
26300,-200,100,"bu","13:01:30",1088000
26350,-150,3600,"sd","13:01:32",1091600
26300,-200,300,"bu","13:01:33",1091900
26300,-200,700,"sd","13:02:03",1092600
26350,-150,600,"sd","13:02:20",1093200
26350,-150,900,"sd","13:02:31",1094100
26400,-100,1500,"sd","13:02:35",1095600
26300,-200,1100,"bu","13:02:36",1096700
26300,-200,1400,"bu","13:03:35",1098100
26350,-150,1500,"sd","13:03:40",1099600
26300,-200,100,"bu","13:03:41",1099700
26350,-150,3600,"sd","13:03:53",1103300
26350,-150,2000,"sd","13:03:57",1105300
26300,-200,500,"sd","13:04:03",1105800
26350,-150,600,"sd","13:04:07",1106400
26300,-200,100,"sd","13:04:12",1106500
26300,-200,600,"bu","13:04:20",1107100
26300,-200,10500,"bu","13:04:36",1117600
26300,-200,1000,"bu","13:04:43",1118600
26350,-150,1500,"sd","13:04:45",1120100
26350,-150,2000,"bu","13:04:48",1122100
26300,-200,400,"bu","13:04:53",1122500
26300,-200,700,"bu","13:05:04",1123200
26300,-200,600,"sd","13:05:49",1123800
26350,-150,1500,"bu","13:05:51",1125300
26300,-200,200,"sd","13:05:53",1125500
26350,-150,600,"bu","13:05:54",1126100
26350,-150,2000,"bu","13:05:56",1128100
26300,-200,200,"bu","13:06:03",1128300
26300,-200,700,"bu","13:06:36",1129000
26350,-150,1500,"sd","13:06:56",1130500
26300,-200,100,"bu","13:07:03",1130600
26300,-200,600,"sd","13:07:21",1131200
26300,-200,700,"bu","13:07:53",1131900
26350,-150,1500,"bu","13:08:01",1133400
26300,-200,100,"sd","13:08:03",1133500
26300,-200,700,"bu","13:08:06",1134200
26350,-150,300,"sd","13:08:25",1134500
26350,-150,2000,"bu","13:08:30",1136500
26300,-200,200,"bu","13:08:33",1136700
26300,-200,700,"sd","13:08:51",1137400
26350,-150,1500,"bu","13:09:06",1138900
26300,-200,100,"bu","13:09:08",1139000
26350,-150,700,"sd","13:09:29",1139700
26350,-150,2100,"bu","13:10:11",1141800
26350,-150,2100,"bu","13:10:13",1143900
26300,-200,700,"sd","13:10:21",1144600
26300,-200,200,"sd","13:10:23",1144800
26300,-200,5400,"bu","13:11:02",1150200
26300,-200,200,"sd","13:11:03",1150400
26300,-200,600,"sd","13:11:07",1151000
26400,-100,1500,"bu","13:11:15",1152500
26350,-150,100,"bu","13:11:22",1152600
26350,-150,2800,"bu","13:11:43",1155400
26350,-150,700,"sd","13:11:52",1156100
26350,-150,1600,"bu","13:12:23",1157700
26350,-150,600,"sd","13:12:37",1158300
26350,-150,2600,"bu","13:12:39",1160900
26350,-150,15700,"sd","13:12:41",1176600
26300,-200,1800,"sd","13:12:43",1178400
26300,-200,100,"sd","13:12:53",1178500
26350,-150,600,"sd","13:13:03",1179100
26350,-150,2000,"sd","13:13:05",1181100
26300,-200,200,"bu","13:13:13",1181300
26300,-200,700,"bu","13:13:22",1182000
26350,-150,1500,"sd","13:13:27",1183500
26300,-200,100,"bu","13:13:32",1183600
26350,-150,1000,"sd","13:14:03",1184600
26300,-200,600,"sd","13:14:07",1185200
26300,-200,100,"bu","13:14:12",1185300
26350,-150,1500,"bu","13:14:32",1186800
26300,-200,100,"sd","13:14:33",1186900
26350,-150,300,"bu","13:14:38",1187200
26400,-100,600,"sd","13:14:50",1187800
26350,-150,700,"sd","13:14:52",1188500
26350,-150,3000,"sd","13:15:28",1191500
26350,-150,300,"bu","13:15:33",1191800
26400,-100,1500,"bu","13:15:37",1193300
26350,-150,600,"sd","13:15:38",1193900
26350,-150,200,"bu","13:15:43",1194100
26350,-150,700,"sd","13:16:24",1194800
26350,-150,100,"sd","13:16:34",1194900
26400,-100,600,"bu","13:16:37",1195500
26400,-100,1500,"sd","13:16:43",1197000
26350,-150,100,"bu","13:16:53",1197100
26350,-150,600,"bu","13:17:08",1197700
26350,-150,900,"bu","13:17:36",1198600
26350,-150,10500,"sd","13:17:42",1209100
26300,-200,1100,"sd","13:17:43",1210200
26400,-100,1500,"bu","13:17:48",1211700
26300,-200,900,"bu","13:17:53",1212600
26400,-100,600,"sd","13:18:24",1213200
26400,-100,2100,"bu","13:18:54",1215300
26350,-150,100,"bu","13:19:03",1215400
26350,-150,700,"bu","13:19:24",1216100
26400,-100,1500,"bu","13:19:59",1217600
26350,-150,100,"bu","13:20:03",1217700
26350,-150,600,"bu","13:20:09",1218300
26400,-100,600,"sd","13:20:12",1218900
26350,-150,800,"sd","13:20:54",1219700
26400,-100,1500,"bu","13:21:03",1221200
26350,-150,100,"bu","13:21:13",1221300
26350,-150,600,"sd","13:21:39",1221900
26400,-100,2100,"bu","13:22:09",1224000
26350,-150,100,"sd","13:22:13",1224100
26350,-150,700,"sd","13:22:25",1224800
26350,-150,100,"sd","13:22:28",1224900
26350,-150,700,"sd","13:23:11",1225600
26400,-100,1500,"sd","13:23:14",1227100
26350,-150,100,"bu","13:23:23",1227200
26400,-100,600,"sd","13:23:47",1227800
26400,-100,900,"bu","13:23:57",1228700
26400,-100,4800,"sd","13:24:19",1233500
26350,-150,400,"sd","13:24:24",1233900
26350,-150,700,"bu","13:24:40",1234600
26400,-100,1500,"bu","13:25:24",1236100
26350,-150,600,"sd","13:25:25",1236700
26350,-150,1500,"bu","13:26:11",1238200
26400,-100,2000,"bu","13:26:21",1240200
26350,-150,200,"bu","13:26:24",1240400
26400,-100,1500,"bu","13:26:30",1241900
26350,-150,100,"bu","13:26:34",1242000
26350,-150,1000,"bu","13:26:46",1243000
26350,-150,100,"bu","13:26:54",1243100
26350,-150,600,"sd","13:26:56",1243700
26350,-150,5200,"bu","13:26:59",1248900
26350,-150,500,"bu","13:27:03",1249400
26400,-100,600,"sd","13:27:21",1250000
26400,-100,1000,"bu","13:27:35",1251000
26400,-100,1500,"bu","13:27:36",1252500
26400,-100,100,"bu","13:27:38",1252600
26350,-150,700,"bu","13:27:41",1253300
26350,-150,300,"sd","13:27:42",1253600
26350,-150,500,"bu","13:27:50",1254100
26350,-150,1100,"bu","13:28:26",1255200
26400,-100,1000,"sd","13:28:27",1256200
26350,-150,100,"sd","13:28:33",1256300
26400,-100,1500,"bu","13:28:41",1257800
26350,-150,100,"bu","13:28:43",1257900
26400,-100,600,"bu","13:29:07",1258500
26350,-150,700,"sd","13:29:11",1259200
26350,-150,100,"bu","13:29:13",1259300
26400,-100,1500,"sd","13:29:45",1260800
26350,-150,100,"bu","13:29:53",1260900
26350,-150,600,"sd","13:29:57",1261500
26350,-150,2600,"bu","13:30:09",1264100
26350,-150,200,"bu","13:30:13",1264300
26350,-150,2600,"sd","13:30:22",1266900
26350,-150,200,"bu","13:30:23",1267100
26350,-150,300,"sd","13:30:36",1267400
26350,-150,700,"bu","13:30:42",1268100
26350,-150,100,"sd","13:30:44",1268200
26350,-150,4800,"sd","13:30:49",1273000
26400,-100,1500,"bu","13:30:51",1274500
26350,-150,600,"bu","13:30:53",1275100
26400,-100,600,"sd","13:30:54",1275700
26350,-150,100,"bu","13:31:04",1275800
26400,-100,1100,"bu","13:31:08",1276900
26350,-150,100,"sd","13:31:14",1277000
26400,-100,400,"bu","13:31:18",1277400
26400,-100,1400,"sd","13:31:26",1278800
26350,-150,600,"sd","13:31:27",1279400
26350,-150,200,"sd","13:31:33",1279600
26400,-100,1000,"sd","13:31:41",1280600
26350,-150,100,"bu","13:31:44",1280700
26350,-150,10500,"sd","13:31:47",1291200
26350,-150,1000,"bu","13:31:53",1292200
26400,-100,1500,"sd","13:31:56",1293700
26350,-150,200,"bu","13:32:03",1293900
26350,-150,700,"sd","13:32:14",1294600
26400,-100,4700,"sd","13:32:38",1299300
26400,-100,1100,"sd","13:32:43",1300400
26400,-100,600,"bu","13:32:57",1301000
26400,-100,500,"sd","13:32:59",1301500
26450,-50,1500,"sd","13:33:01",1303000
26400,-100,200,"bu","13:33:02",1303200
26400,-100,1000,"sd","13:33:41",1304200
26400,-100,700,"sd","13:33:42",1304900
26350,-150,100,"bu","13:33:43",1305000
26450,-50,1500,"sd","13:34:07",1306500
26400,-100,100,"bu","13:34:13",1306600
26400,-100,600,"sd","13:34:29",1307200
26400,-100,700,"bu","13:34:34",1307900
26400,-100,200,"sd","13:34:40",1308100
26450,-50,1500,"bu","13:35:12",1309600
26400,-100,1400,"sd","13:35:58",1311000
26400,-100,300,"sd","13:36:13",1311300
26450,-50,600,"bu","13:36:16",1311900
26450,-50,1500,"sd","13:36:17",1313400
26400,-100,200,"bu","13:36:23",1313600
26400,-100,700,"sd","13:36:43",1314300
26400,-100,300,"sd","13:36:56",1314600
26400,-100,500,"bu","13:36:59",1315100
26400,-100,100,"sd","13:37:02",1315200
26400,-100,3500,"sd","13:37:26",1318700
26400,-100,700,"sd","13:37:28",1319400
26400,-100,200,"bu","13:37:33",1319600
26450,-50,500,"sd","13:37:39",1320100
26450,-50,600,"bu","13:38:03",1320700
26400,-100,11600,"bu","13:38:24",1332300
26450,-50,1500,"sd","13:38:27",1333800
26450,-50,10000,"bu","13:38:32",1343800
26400,-100,1200,"bu","13:38:34",1345000
26400,-100,100,"bu","13:38:43",1345100
26400,-100,200,"bu","13:38:56",1345300
26400,-100,2600,"sd","13:39:14",1347900
26400,-100,2000,"bu","13:39:24",1349900
26450,-50,1000,"sd","13:39:27",1350900
26450,-50,1500,"sd","13:39:33",1352400
26400,-100,400,"sd","13:39:34",1352800
26400,-100,600,"bu","13:39:44",1353400
26450,-50,600,"sd","13:39:51",1354000
26450,-50,6400,"sd","13:40:05",1360400
26450,-50,600,"bu","13:40:13",1361000
26450,-50,900,"sd","13:40:29",1361900
26500,0,1500,"bu","13:40:39",1363400
26450,-50,100,"sd","13:40:43",1363500
26450,-50,600,"sd","13:41:14",1364100
26500,0,600,"sd","13:41:37",1364700
26500,0,1500,"sd","13:41:43",1366200
26450,-50,100,"sd","13:41:53",1366300
26500,0,300,"sd","13:41:56",1366600
26450,-50,700,"bu","13:41:59",1367300
26450,-50,100,"bu","13:42:03",1367400
26450,-50,1900,"sd","13:42:04",1369300
26450,-50,200,"bu","13:42:07",1369500
26450,-50,3500,"sd","13:42:33",1373000
26450,-50,600,"sd","13:42:46",1373600
26500,0,1500,"bu","13:42:48",1375100
26450,-50,200,"sd","13:42:53",1375300
26500,0,600,"sd","13:43:24",1375900
26450,-50,700,"bu","13:43:30",1376600
26450,-50,100,"bu","13:43:33",1376700
26450,-50,1900,"bu","13:43:50",1378600
26400,-100,10500,"bu","13:43:52",1389100
26500,0,2700,"sd","13:43:53",1391800
26400,-100,200,"bu","13:44:03",1392000
26450,-50,300,"bu","13:44:07",1392300
26450,-50,200,"bu","13:44:08",1392500
26450,-50,2700,"bu","13:44:15",1395200
26450,-50,200,"bu","13:44:23",1395400
26450,-50,100,"bu","13:44:40",1395500
26450,-50,600,"bu","13:44:53",1396100
26500,0,1500,"sd","13:44:59",1397600
26450,-50,700,"sd","13:45:00",1398300
26450,-50,1900,"sd","13:45:02",1400200
26450,-50,400,"sd","13:45:03",1400600
26500,0,600,"sd","13:45:12",1401200
26450,-50,100,"sd","13:45:13",1401300
26450,-50,600,"sd","13:45:45",1401900
26450,-50,100,"sd","13:45:59",1402000
26500,0,1500,"bu","13:46:05",1403500
26450,-50,100,"bu","13:46:14",1403600
26450,-50,1900,"bu","13:46:19",1405500
26450,-50,200,"bu","13:46:23",1405700
26450,-50,700,"bu","13:46:32",1406400
26450,-50,2000,"sd","13:46:44",1408400
26450,-50,200,"sd","13:46:50",1408600
26450,-50,100,"sd","13:46:54",1408700
26500,0,600,"bu","13:46:59",1409300
26450,-50,200,"bu","13:47:08",1409500
26500,0,1500,"sd","13:47:09",1411000
26450,-50,100,"sd","13:47:13",1411100
26450,-50,600,"bu","13:47:16",1411700
26450,-50,1800,"bu","13:47:26",1413500
26400,-100,100,"bu","13:47:33",1413600
26450,-50,3100,"sd","13:47:53",1416700
26450,-50,1900,"bu","13:47:55",1418600
26450,-50,200,"bu","13:47:59",1418800
26450,-50,700,"sd","13:48:02",1419500
26450,-50,800,"sd","13:48:03",1420300
26500,0,1500,"bu","13:48:14",1421800
26450,-50,200,"sd","13:48:18",1422000
26450,-50,100,"bu","13:48:24",1422100
26450,-50,600,"bu","13:48:46",1422700
26450,-50,700,"bu","13:48:53",1423400
26500,0,10000,"bu","13:48:58",1433400
26450,-50,1000,"sd","13:49:03",1434400
26450,-50,100,"sd","13:49:13",1434500
26500,0,1500,"bu","13:49:20",1436000
26450,-50,100,"bu","13:49:24",1436100
26450,-50,700,"sd","13:49:31",1436800
26450,-50,1900,"sd","13:49:38",1438700
26450,-50,100,"sd","13:49:44",1438800
26500,0,10000,"sd","13:50:15",1448800
26450,-50,600,"bu","13:50:17",1449400
26450,-50,1000,"sd","13:50:24",1450400
26500,0,1500,"bu","13:50:25",1451900
26500,0,800,"sd","13:50:33",1452700
26450,-50,700,"sd","13:51:03",1453400
26500,0,1500,"bu","13:51:30",1454900
26450,-50,100,"sd","13:51:34",1455000
26450,-50,700,"bu","13:51:48",1455700
26450,-50,1200,"sd","13:52:13",1456900
26450,-50,100,"bu","13:52:14",1457000
26500,0,600,"bu","13:52:21",1457600
26500,0,2100,"sd","13:52:36",1459700
26450,-50,100,"sd","13:52:44",1459800
26450,-50,1300,"bu","13:52:50",1461100
26450,-50,100,"sd","13:52:54",1461200
26450,-50,900,"sd","13:52:55",1462100
26400,-100,8300,"sd","13:53:03",1470400
26400,-100,1000,"bu","13:53:13",1471400
26400,-100,700,"sd","13:53:17",1472100
26400,-100,200,"bu","13:53:24",1472300
26450,-50,2700,"sd","13:53:56",1475000
26400,-100,700,"bu","13:54:03",1475700
26450,-50,400,"bu","13:54:07",1476100
26450,-50,700,"bu","13:54:19",1476800
26450,-50,200,"bu","13:54:25",1477000
26450,-50,1200,"sd","13:54:42",1478200
26450,-50,200,"sd","13:54:44",1478400
26500,0,1500,"bu","13:54:48",1479900
26400,-100,700,"sd","13:54:49",1480600
26450,-50,10200,"sd","13:55:05",1490800
26400,-100,1000,"sd","13:55:16",1491800
26400,-100,100,"bu","13:55:23",1491900
26450,-50,800,"bu","13:55:30",1492700
26450,-50,600,"bu","13:55:33",1493300
26450,-50,8000,"bu","13:55:37",1501300
26400,-100,800,"bu","13:55:43",1502100
26500,0,1500,"sd","13:55:52",1503600
26400,-100,200,"sd","13:55:53",1503800
26500,0,600,"bu","13:55:54",1504400
26400,-100,700,"bu","13:56:19",1505100
26400,-100,200,"sd","13:56:55",1505300
26500,0,1500,"sd","13:56:57",1506800
26400,-100,700,"bu","13:57:04",1507500
26400,-100,1900,"bu","13:57:20",1509400
26400,-100,10000,"sd","13:57:21",1519400
26400,-100,1100,"sd","13:57:24",1520500
26400,-100,1900,"bu","13:57:28",1522400
26400,-100,300,"bu","13:57:33",1522700
26400,-100,1900,"bu","13:57:37",1524600
26400,-100,700,"sd","13:57:43",1525300
26400,-100,700,"bu","13:57:48",1526000
26450,-50,10000,"bu","13:58:02",1536000
26450,-50,1000,"bu","13:58:03",1537000
26450,-50,1400,"sd","13:58:05",1538400
26450,-50,100,"bu","13:58:11",1538500
26400,-100,11200,"sd","13:58:14",1549700
26400,-100,1900,"sd","13:58:16",1551600
26400,-100,1300,"sd","13:58:23",1552900
26400,-100,100,"bu","13:58:33",1553000
26400,-100,600,"bu","13:58:34",1553600
26400,-100,1900,"sd","13:58:35",1555500
26400,-100,1900,"bu","13:58:41",1557400
26400,-100,400,"sd","13:58:43",1557800
26450,-50,1800,"sd","13:58:49",1559600
26450,-50,200,"bu","13:58:52",1559800
26450,-50,100,"bu","13:59:06",1559900
26450,-50,1500,"sd","13:59:07",1561400
26500,0,26500,"bu","13:59:09",1587900
26500,0,45000,"bu","13:59:10",1632900
26450,-50,7300,"bu","13:59:14",1640200
26450,-50,600,"bu","13:59:20",1640800
26450,-50,700,"bu","13:59:24",1641500
26500,0,600,"bu","13:59:29",1642100
26450,-50,100,"bu","13:59:33",1642200
26450,-50,2700,"bu","14:00:07",1644900
26500,0,1500,"sd","14:00:12",1646400
26450,-50,200,"bu","14:00:14",1646600
26450,-50,500,"bu","14:00:21",1647100
26500,0,2800,"bu","14:00:28",1649900
26500,0,300,"sd","14:00:33",1650200
26500,0,100,"sd","14:00:43",1650300
26550,50,800,"bu","14:01:17",1651100
26550,50,12200,"sd","14:01:18",1663300
26500,0,1200,"sd","14:01:24",1664500
26500,0,100,"bu","14:01:34",1664600
26500,0,15100,"bu","14:01:56",1679700
26500,0,1500,"sd","14:02:03",1681200
26500,0,4000,"bu","14:02:07",1685200
26500,0,500,"sd","14:02:14",1685700
26550,50,1500,"sd","14:02:22",1687200
26500,0,1200,"sd","14:02:29",1688400
26500,0,100,"sd","14:02:33",1688500
26550,50,10000,"sd","14:02:51",1698500
26500,0,1000,"bu","14:02:54",1699500
26550,50,800,"sd","14:03:04",1700300
26550,50,10000,"sd","14:03:05",1710300
26550,50,20000,"sd","14:03:11",1730300
26500,0,3000,"sd","14:03:12",1733300
26500,0,5400,"bu","14:03:14",1738700
26550,50,800,"bu","14:03:15",1739500
26500,0,800,"bu","14:03:23",1740300
26550,50,1500,"bu","14:03:27",1741800
26500,0,200,"sd","14:03:34",1742000
26550,50,400,"sd","14:03:35",1742400
26550,50,500,"bu","14:03:57",1742900
26550,50,200,"sd","14:04:00",1743100
26550,50,1900,"bu","14:04:29",1745000
26550,50,300,"sd","14:04:33",1745300
26600,100,1700,"bu","14:04:34",1747000
26600,100,2800,"bu","14:04:37",1749800
26500,0,400,"sd","14:04:43",1750200
26500,0,700,"bu","14:04:56",1750900
26550,50,4700,"bu","14:05:08",1755600
26550,50,400,"sd","14:05:13",1756000
26550,50,5000,"sd","14:05:25",1761000
26550,50,200,"bu","14:05:28",1761200
26500,0,500,"sd","14:05:34",1761700
26550,50,1500,"sd","14:05:39",1763200
26500,0,200,"bu","14:05:43",1763400
26550,50,10000,"bu","14:06:32",1773400
26500,0,4300,"sd","14:06:33",1777700
26550,50,600,"sd","14:06:37",1778300
26500,0,3600,"sd","14:06:39",1781900
26550,50,2000,"sd","14:06:43",1783900
26500,0,200,"sd","14:06:54",1784100
26500,0,1000,"sd","14:07:33",1785100
26500,0,100,"sd","14:07:34",1785200
26500,0,1000,"bu","14:07:48",1786200
26500,0,7500,"bu","14:07:49",1793700
26500,0,800,"sd","14:07:54",1794500
26550,50,9500,"bu","14:08:00",1804000
26550,50,1000,"sd","14:08:03",1805000
26550,50,100,"bu","14:08:14",1805100
26550,50,1300,"bu","14:08:17",1806400
26600,100,700,"sd","14:08:24",1807100
26550,50,2000,"sd","14:08:28",1809100
26550,50,5000,"bu","14:08:29",1814100
26500,0,1300,"bu","14:08:32",1815400
26500,0,900,"bu","14:08:34",1816300
26600,100,2800,"sd","14:08:54",1819100
26500,0,1200,"sd","14:09:05",1820300
26500,0,100,"sd","14:09:20",1820400
26550,50,500,"sd","14:09:31",1820900
26500,0,1300,"sd","14:09:32",1822200
26500,0,100,"bu","14:09:34",1822300
26500,0,1300,"sd","14:09:43",1823600
26500,0,100,"sd","14:09:53",1823700
26550,50,1500,"bu","14:10:00",1825200
26500,0,100,"sd","14:10:04",1825300
26550,50,8100,"bu","14:10:12",1833400
26550,50,800,"sd","14:10:13",1834200
26550,50,1500,"sd","14:10:39",1835700
26550,50,100,"bu","14:10:43",1835800
26550,50,1000,"sd","14:10:52",1836800
26550,50,300,"sd","14:10:53",1837100
26550,50,2000,"bu","14:10:56",1839100
26550,50,1000,"bu","14:11:00",1840100
26500,0,300,"bu","14:11:03",1840400
26600,100,1900,"sd","14:11:05",1842300
26500,0,200,"bu","14:11:14",1842500
26550,50,1200,"bu","14:11:48",1843700
26500,0,100,"bu","14:11:54",1843800
26550,50,600,"sd","14:12:00",1844400
26600,100,1500,"sd","14:12:10",1845900
26550,50,100,"sd","14:12:14",1846000
26550,50,200,"sd","14:12:21",1846200
26600,100,800,"sd","14:12:31",1847000
26600,100,1500,"bu","14:13:15",1848500
26550,50,100,"sd","14:13:24",1848600
26600,100,600,"sd","14:13:46",1849200
26550,50,1000,"sd","14:13:51",1850200
26550,50,100,"bu","14:13:54",1850300
26600,100,1600,"sd","14:14:21",1851900
26550,50,1900,"sd","14:14:22",1853800
26550,50,300,"bu","14:14:24",1854100
26550,50,1500,"bu","14:14:31",1855600
26550,50,2000,"sd","14:14:33",1857600
26550,50,1900,"bu","14:14:39",1859500
26550,50,300,"bu","14:14:44",1859800
26550,50,1900,"sd","14:14:45",1861700
26550,50,2300,"sd","14:14:53",1864000
26550,50,1900,"sd","14:14:58",1865900
26550,50,200,"bu","14:15:04",1866100
26550,50,10000,"bu","14:15:08",1876100
26550,50,1300,"sd","14:15:12",1877400
26550,50,6700,"bu","14:15:13",1884100
26550,50,1000,"sd","14:15:17",1885100
26550,50,300,"sd","14:15:24",1885400
26550,50,6700,"bu","14:15:27",1892100
26600,100,1300,"bu","14:15:34",1893400
26550,50,100,"bu","14:15:45",1893500
26550,50,1300,"sd","14:15:47",1894800
26550,50,5300,"sd","14:15:51",1900100
26550,50,600,"sd","14:15:54",1900700
26550,50,3100,"bu","14:16:13",1903800
26550,50,300,"bu","14:16:14",1904100
26550,50,4900,"sd","14:16:25",1909000
26550,50,3100,"bu","14:16:28",1912100
26600,100,3000,"sd","14:16:30",1915100
26600,100,1500,"sd","14:16:31",1916600
26550,50,700,"sd","14:16:34",1917300
26600,100,100,"sd","14:17:17",1917400
26600,100,600,"bu","14:17:21",1918000
26600,100,100,"bu","14:17:26",1918100
26600,100,1500,"sd","14:17:36",1919600
26550,50,100,"bu","14:17:43",1919700
26600,100,1700,"bu","14:17:46",1921400
26550,50,100,"bu","14:17:54",1921500
26600,100,20000,"bu","14:18:05",1941500
26550,50,2000,"sd","14:18:13",1943500
26550,50,200,"sd","14:18:24",1943700
26550,50,500,"bu","14:18:26",1944200
26600,100,200,"sd","14:18:31",1944400
26550,50,4000,"sd","14:18:37",1948400
26600,100,1500,"bu","14:18:42",1949900
26550,50,500,"bu","14:18:43",1950400
26600,100,600,"sd","14:19:08",1951000
26600,100,15000,"bu","14:19:32",1966000
26550,50,1500,"sd","14:19:34",1967500
26550,50,100,"sd","14:19:45",1967600
26600,100,1500,"bu","14:19:47",1969100
26550,50,100,"sd","14:19:54",1969200
26600,100,1400,"bu","14:20:05",1970600
26550,50,100,"sd","14:20:14",1970700
26550,50,600,"sd","14:20:40",1971300
26600,100,10000,"bu","14:20:41",1981300
26550,50,1000,"bu","14:20:44",1982300
26600,100,1500,"bu","14:20:51",1983800
26600,100,800,"bu","14:20:54",1984600
26600,100,200,"sd","14:21:22",1984800
26600,100,3700,"bu","14:21:57",1988500
26550,50,300,"sd","14:22:03",1988800
26550,50,100,"bu","14:22:31",1988900
26600,100,600,"bu","14:22:43",1989500
26550,50,11000,"sd","14:22:53",2000500
26550,50,1900,"bu","14:22:55",2002400
26550,50,700,"bu","14:22:58",2003100
26550,50,2000,"sd","14:23:03",2005100
26550,50,18200,"sd","14:23:27",2023300
26550,50,700,"bu","14:23:29",2024000
26550,50,12800,"sd","14:23:33",2036800
26550,50,11200,"sd","14:23:44",2048000
26550,50,1100,"sd","14:23:53",2049100
26550,50,1000,"bu","14:23:58",2050100
26550,50,200,"sd","14:24:04",2050300
26600,100,4500,"bu","14:24:07",2054800
26550,50,400,"bu","14:24:14",2055200
26550,50,2000,"bu","14:24:22",2057200
26550,50,200,"bu","14:24:23",2057400
26600,100,600,"bu","14:24:30",2058000
26550,50,3600,"bu","14:25:09",2061600
26550,50,2000,"bu","14:25:14",2063600
26550,50,4000,"sd","14:25:24",2067600
26550,50,100,"bu","14:25:37",2067700
26550,50,3600,"bu","14:25:39",2071300
26550,50,300,"bu","14:25:44",2071600
26550,50,200,"sd","14:25:50",2071800
26550,50,3600,"sd","14:25:52",2075400
26550,50,400,"bu","14:25:53",2075800
26550,50,10300,"sd","14:25:55",2086100
26550,50,1000,"sd","14:26:04",2087100
26550,50,400,"bu","14:26:07",2087500
26550,50,3600,"sd","14:26:11",2091100
26550,50,600,"sd","14:26:14",2091700
26550,50,600,"sd","14:26:16",2092300
26600,100,2100,"bu","14:26:18",2094400
26550,50,300,"sd","14:26:23",2094700
26550,50,10000,"bu","14:26:27",2104700
26550,50,100,"bu","14:26:28",2104800
26600,100,200,"sd","14:26:31",2105000
26550,50,4600,"bu","14:26:35",2109600
26550,50,1500,"sd","14:26:46",2111100
26550,50,50000,"sd","14:26:59",2161100
26550,50,1900,"bu","14:27:02",2163000
26550,50,5100,"sd","14:27:03",2168100
26550,50,500,"bu","14:27:14",2168600
26600,100,1500,"sd","14:27:25",2170100
26550,50,100,"sd","14:27:34",2170200
26550,50,200,"bu","14:27:35",2170400
26550,50,100,"bu","14:27:37",2170500
26600,100,1100,"sd","14:27:42",2171600
26550,50,100,"bu","14:27:44",2171700
26550,50,500,"sd","14:27:51",2172200
26550,50,1000,"bu","14:28:02",2173200
26600,100,700,"bu","14:28:04",2173900
26550,50,12000,"bu","14:28:21",2185900
26550,50,1200,"bu","14:28:26",2187100
26600,100,1500,"bu","14:28:30",2188600
26550,50,200,"bu","14:28:36",2188800
26550,50,500,"bu","14:29:14",2189300
26550,50,2600,"bu","14:29:17",2191900
26550,50,200,"sd","14:29:19",2192100
26550,50,300,"sd","14:29:24",2192400
26550,50,3800,"sd","14:29:25",2196200
26550,50,6000,"bu","14:29:27",2202200
26550,50,1100,"sd","14:29:33",2203300
26600,100,2600,"bu","14:29:35",2205900
26550,50,10000,"sd","14:29:50",2215900
26600,100,1000,"sd","14:29:55",2216900
26550,50,8500,"sd","14:30:03",2225400
26550,50,162900,"bu","14:45:06",2388300
