"price","change","match_qtty","side","time","total_vol"
75500,500,6600,"sd","09:15:02",6600
75200,200,100,"sd","09:15:27",6700
75200,200,400,"sd","09:15:39",7100
75200,200,100,"sd","09:15:39",7200
75200,200,1000,"bu","09:16:35",8200
75100,100,100,"sd","09:17:13",8300
75100,100,4600,"sd","09:19:55",12900
75100,100,100,"bu","09:19:59",13000
75200,200,1400,"bu","09:21:44",14400
75500,500,1500,"sd","09:23:19",15900
75500,500,400,"sd","09:24:15",16300
75300,300,500,"bu","09:24:16",16800
75300,300,300,"sd","09:24:22",17100
75200,200,100,"bu","09:24:31",17200
75300,300,600,"bu","09:25:00",17800
75200,200,500,"sd","09:25:21",18300
75200,200,100,"bu","09:25:40",18400
75300,300,1900,"sd","09:25:57",20300
75300,300,100,"sd","09:25:59",20400
75300,300,700,"sd","09:26:27",21100
75300,300,100,"sd","09:27:00",21200
75300,300,1000,"sd","09:27:32",22200
75300,300,1000,"sd","09:27:39",23200
75300,300,100,"sd","09:28:00",23300
75300,300,300,"sd","09:28:28",23600
75300,300,500,"sd","09:28:38",24100
75300,300,300,"sd","09:29:28",24400
75300,300,500,"bu","09:29:42",24900
75500,500,1100,"sd","09:30:07",26000
75300,300,300,"bu","09:30:29",26300
75500,500,100,"sd","09:30:30",26400
75300,300,500,"bu","09:30:48",26900
75300,300,300,"sd","09:31:29",27200
75300,300,500,"bu","09:31:53",27700
75300,300,200,"bu","09:31:58",27900
75300,300,100,"bu","09:31:58",28000
75300,300,1000,"bu","09:32:08",29000
75300,300,300,"sd","09:32:29",29300
75300,300,2300,"sd","09:32:58",31600
75300,300,100,"sd","09:33:17",31700
75300,300,1300,"bu","09:34:34",33000
75300,300,100,"bu","09:34:35",33100
75300,300,500,"bu","09:35:09",33600
75400,400,100,"bu","09:35:13",33700
75300,300,500,"sd","09:35:30",34200
75300,300,2000,"sd","09:35:44",36200
75300,300,1000,"bu","09:35:47",37200
75300,300,100,"bu","09:36:13",37300
75300,300,500,"sd","09:36:14",37800
75300,300,300,"bu","09:36:30",38100
75400,400,400,"bu","09:37:01",38500
75400,400,1000,"bu","09:37:03",39500
75200,200,500,"sd","09:37:19",40000
75200,200,100,"bu","09:37:29",40100
75200,200,300,"bu","09:37:31",40400
75200,200,100,"sd","09:37:35",40500
75200,200,700,"bu","09:38:24",41200
75200,200,100,"sd","09:38:28",41300
75200,200,300,"bu","09:38:31",41600
75200,200,100,"sd","09:38:47",41700
75200,200,4000,"sd","09:38:52",45700
75200,200,400,"bu","09:39:01",46100
75200,200,400,"sd","09:39:02",46500
75200,200,400,"bu","09:39:03",46900
75200,200,1200,"bu","09:39:04",48100
75200,200,500,"bu","09:39:29",48600
75200,200,300,"sd","09:39:31",48900
75200,200,1000,"bu","09:39:41",49900
75200,200,300,"sd","09:40:32",50200
75200,200,500,"bu","09:40:35",50700
75200,200,300,"bu","09:41:32",51000
75200,200,500,"bu","09:41:40",51500
75100,100,500,"sd","09:42:32",52000
75100,100,500,"bu","09:42:46",52500
75100,100,300,"bu","09:43:32",52800
75100,100,800,"bu","09:44:35",53600
75100,100,500,"sd","09:44:56",54100
75100,100,300,"bu","09:45:33",54400
75100,100,100,"bu","09:45:39",54500
75100,100,600,"sd","09:46:01",55100
75100,100,800,"bu","09:47:06",55900
75100,100,2100,"bu","09:48:34",58000
75200,200,800,"sd","09:48:46",58800
75100,100,500,"bu","09:49:17",59300
75200,200,1500,"bu","09:49:17",60800
75200,200,500,"sd","09:49:33",61300
75200,200,800,"sd","09:50:22",62100
75200,200,300,"sd","09:50:34",62400
75200,200,100,"bu","09:50:53",62500
75300,300,500,"sd","09:51:15",63000
75100,100,500,"bu","09:51:27",63500
75100,100,800,"sd","09:52:32",64300
75100,100,300,"bu","09:52:35",64600
75100,100,1000,"bu","09:53:00",65600
75100,100,300,"sd","09:53:35",65900
75100,100,400,"sd","09:53:37",66300
75100,100,500,"bu","09:53:38",66800
75100,100,300,"bu","09:54:36",67100
75100,100,500,"bu","09:54:43",67600
75100,100,100,"bu","09:54:50",67700
75100,100,300,"bu","09:55:36",68000
75100,100,400,"bu","09:55:44",68400
75100,100,500,"bu","09:55:48",68900
75100,100,600,"bu","09:56:01",69500
75100,100,300,"bu","09:56:36",69800
75100,100,1500,"sd","09:56:53",71300
75100,100,300,"sd","09:57:37",71600
75100,100,500,"sd","09:57:58",72100
75200,200,200,"bu","09:58:08",72300
75100,100,1000,"sd","09:58:17",73300
75100,100,300,"sd","09:58:37",73600
75100,100,500,"bu","09:59:04",74100
75100,100,300,"bu","09:59:37",74400
75100,100,100,"bu","10:00:02",74500
75100,100,500,"bu","10:00:10",75000
75100,100,300,"bu","10:00:37",75300
75100,100,500,"bu","10:01:14",75800
75100,100,300,"sd","10:01:39",76100
75200,200,800,"bu","10:01:55",76900
75100,100,500,"bu","10:02:20",77400
75100,100,400,"sd","10:02:36",77800
75100,100,300,"sd","10:02:38",78100
75100,100,500,"sd","10:03:25",78600
75100,100,300,"bu","10:03:38",78900
75100,100,500,"bu","10:04:30",79400
75100,100,200,"bu","10:04:39",79600
75200,200,1000,"sd","10:04:48",80600
75200,200,500,"bu","10:05:21",81100
75200,200,500,"bu","10:05:36",81600
75100,100,200,"sd","10:05:39",81800
75100,100,200,"bu","10:06:39",82000
75100,100,500,"sd","10:06:40",82500
75100,100,4500,"sd","10:06:58",87000
75100,100,100,"bu","10:07:03",87100
75100,100,400,"sd","10:07:28",87500
75100,100,200,"sd","10:07:39",87700
75000,0,500,"sd","10:07:45",88200
75000,0,200,"bu","10:08:41",88400
75200,200,600,"sd","10:09:07",89000
75200,200,1000,"sd","10:10:09",90000
75000,0,200,"bu","10:10:40",90200
75000,0,500,"sd","10:11:02",90700
75000,0,200,"sd","10:11:41",90900
75000,0,500,"sd","10:12:07",91400
75000,0,400,"sd","10:12:15",91800
75000,0,200,"sd","10:12:41",92000
75000,0,900,"bu","10:13:15",92900
75200,200,300,"bu","10:13:20",93200
75000,0,700,"sd","10:14:18",93900
75000,0,700,"sd","10:14:21",94600
75000,0,200,"sd","10:14:43",94800
75000,0,500,"bu","10:15:23",95300
75000,0,200,"bu","10:15:43",95500
75000,0,1700,"sd","10:16:27",97200
75000,0,300,"sd","10:16:42",97500
75000,0,500,"sd","10:17:33",98000
75100,100,1000,"sd","10:17:42",99000
75100,100,200,"bu","10:18:13",99200
75000,0,2300,"bu","10:18:31",101500
75000,0,500,"sd","10:18:39",102000
75000,0,800,"bu","10:19:03",102800
75000,0,700,"bu","10:19:43",103500
75000,0,10000,"bu","10:20:15",113500
75000,0,200,"sd","10:20:44",113700
75000,0,500,"sd","10:20:49",114200
75000,0,1900,"sd","10:20:52",116100
75000,0,1800,"sd","10:21:20",117900
74900,-100,900,"bu","10:21:53",118800
74900,-100,200,"sd","10:22:44",119000
74900,-100,500,"sd","10:23:00",119500
74900,-100,200,"sd","10:23:45",119700
74900,-100,500,"sd","10:24:04",120200
75000,0,1100,"sd","10:24:25",121300
75100,100,200,"bu","10:24:38",121500
74900,-100,700,"sd","10:25:10",122200
74900,-100,200,"sd","10:25:45",122400
74900,-100,700,"bu","10:26:15",123100
75100,100,900,"bu","10:27:40",124000
74800,-200,200,"sd","10:27:46",124200
74800,-200,1000,"bu","10:28:13",125200
74800,-200,500,"sd","10:28:26",125700
74800,-200,200,"sd","10:28:46",125900
74800,-200,500,"sd","10:29:30",126400
74800,-200,200,"sd","10:29:46",126600
74800,-200,1000,"sd","10:29:49",127600
75000,0,200,"sd","10:30:25",127800
74800,-200,500,"sd","10:30:36",128300
74900,-100,700,"bu","10:31:42",129000
74800,-200,200,"bu","10:31:48",129200
75000,0,200,"sd","10:32:00",129400
75000,0,100,"bu","10:32:29",129500
74800,-200,700,"bu","10:32:47",130200
75000,0,1600,"bu","10:32:50",131800
75000,0,200,"bu","10:33:14",132000
75000,0,300,"bu","10:33:31",132300
75000,0,200,"sd","10:33:37",132500
74800,-200,700,"sd","10:33:52",133200
75000,0,100,"sd","10:34:35",133300
74800,-200,200,"sd","10:34:48",133500
74800,-200,500,"bu","10:34:57",134000
74900,-100,200,"bu","10:35:48",134200
74900,-100,1000,"bu","10:35:57",135200
74900,-100,500,"sd","10:36:02",135700
75000,0,100,"sd","10:36:10",135800
75000,0,200,"sd","10:36:14",136000
75000,0,700,"sd","10:36:40",136700
74900,-100,200,"sd","10:36:48",136900
75000,0,700,"bu","10:36:49",137600
74900,-100,500,"sd","10:37:08",138100
74900,-100,200,"bu","10:37:40",138300
74900,-100,700,"sd","10:38:12",139000
75000,0,100,"bu","10:38:38",139100
74900,-100,200,"bu","10:38:50",139300
74900,-100,700,"bu","10:39:18",140000
75000,0,100,"bu","10:39:21",140100
74900,-100,200,"sd","10:39:49",140300
74900,-100,500,"sd","10:40:23",140800
74900,-100,200,"sd","10:40:49",141000
74900,-100,500,"sd","10:41:29",141500
74900,-100,200,"sd","10:41:50",141700
74900,-100,100,"sd","10:41:58",141800
75000,0,200,"sd","10:42:10",142000
74900,-100,500,"sd","10:42:34",142500
75000,0,100,"sd","10:42:36",142600
74900,-100,600,"sd","10:42:55",143200
74900,-100,100,"sd","10:43:10",143300
74900,-100,700,"bu","10:43:51",144000
74900,-100,400,"bu","10:43:53",144400
74900,-100,1800,"sd","10:44:06",146200
74900,-100,500,"bu","10:44:44",146700
74900,-100,200,"sd","10:44:51",146900
74900,-100,1200,"sd","10:45:00",148100
74900,-100,100,"bu","10:45:02",148200
75000,0,200,"bu","10:45:07",148400
74800,-200,400,"sd","10:45:17",148800
74800,-200,500,"bu","10:45:49",149300
74900,-100,1500,"sd","10:46:48",150800
74800,-200,200,"sd","10:46:52",151000
74800,-200,500,"sd","10:46:55",151500
74900,-100,200,"sd","10:47:49",151700
74800,-200,200,"bu","10:47:52",151900
74800,-200,500,"bu","10:47:59",152400
74800,-200,200,"bu","10:48:53",152600
74900,-100,400,"sd","10:48:57",153000
74800,-200,500,"sd","10:49:05",153500
74800,-200,200,"bu","10:49:52",153700
74800,-200,500,"sd","10:50:10",154200
74800,-200,400,"sd","10:50:53",154600
74800,-200,1100,"bu","10:50:57",155700
74900,-100,2500,"sd","10:50:59",158200
74900,-100,500,"sd","10:51:16",158700
75000,0,100,"bu","10:51:27",158800
75000,0,400,"bu","10:51:33",159200
74900,-100,200,"bu","10:51:52",159400
74900,-100,500,"bu","10:52:20",159900
74900,-100,200,"sd","10:52:53",160100
74900,-100,1000,"sd","10:52:57",161100
75000,0,100,"sd","10:53:00",161200
74900,-100,600,"sd","10:53:25",161800
75000,0,200,"sd","10:53:31",162000
74900,-100,900,"bu","10:54:31",162900
74900,-100,700,"bu","10:54:47",163600
74900,-100,200,"sd","10:54:54",163800
74900,-100,1000,"bu","10:54:59",164800
74900,-100,1000,"sd","10:55:33",165800
74900,-100,500,"bu","10:55:37",166300
75000,0,400,"sd","10:55:55",166700
74900,-100,1200,"bu","10:56:35",167900
74900,-100,500,"bu","10:56:42",168400
75000,0,200,"bu","10:56:49",168600
74900,-100,1700,"sd","10:57:47",170300
74900,-100,200,"bu","10:57:55",170500
74900,-100,500,"bu","10:58:52",171000
74900,-100,200,"bu","10:58:54",171200
75000,0,4000,"sd","10:59:35",175200
75000,0,200,"sd","10:59:56",175400
74900,-100,500,"bu","10:59:58",175900
74900,-100,1200,"sd","11:00:56",177100
74900,-100,500,"bu","11:01:03",177600
74900,-100,1300,"bu","11:01:09",178900
74900,-100,200,"bu","11:01:55",179100
74900,-100,500,"bu","11:02:08",179600
75100,100,200,"sd","11:02:29",179800
75100,100,700,"sd","11:03:01",180500
74900,-100,700,"bu","11:03:56",181200
74900,-100,500,"sd","11:04:18",181700
74900,-100,200,"bu","11:04:57",181900
74900,-100,700,"sd","11:05:23",182600
74900,-100,200,"sd","11:05:57",182800
74900,-100,1000,"sd","11:06:08",183800
74900,-100,500,"sd","11:06:29",184300
75000,0,200,"bu","11:06:58",184500
75000,0,100,"sd","11:07:25",184600
74900,-100,500,"bu","11:07:34",185100
75100,100,400,"bu","11:08:16",185500
74900,-100,500,"sd","11:08:39",186000
74900,-100,200,"bu","11:08:58",186200
74900,-100,500,"sd","11:09:45",186700
74900,-100,200,"bu","11:09:59",186900
74900,-100,500,"sd","11:10:50",187400
74900,-100,200,"sd","11:10:59",187600
75000,0,200,"sd","11:11:02",187800
75000,0,800,"sd","11:11:39",188600
75000,0,500,"sd","11:11:54",189100
75000,0,200,"bu","11:11:59",189300
75000,0,100,"bu","11:12:37",189400
75000,0,1000,"sd","11:12:48",190400
75000,0,700,"sd","11:12:59",191100
75000,0,100,"bu","11:13:32",191200
75000,0,600,"bu","11:13:48",191800
75000,0,400,"sd","11:13:49",192200
75100,100,200,"sd","11:13:56",192400
75000,0,200,"sd","11:13:59",192600
75000,0,500,"sd","11:14:06",193100
75000,0,100,"sd","11:14:27",193200
75000,0,1000,"bu","11:14:40",194200
75000,0,200,"bu","11:14:59",194400
75000,0,500,"sd","11:15:14",194900
75000,0,100,"bu","11:15:23",195000
75000,0,400,"sd","11:15:48",195400
75000,0,1000,"bu","11:15:54",196400
75000,0,200,"sd","11:15:59",196600
75000,0,500,"bu","11:16:16",197100
75100,100,300,"bu","11:16:58",197400
75000,0,300,"bu","11:17:13",197700
75000,0,1900,"bu","11:17:21",199600
75100,100,1200,"sd","11:17:52",200800
75100,100,200,"bu","11:18:01",201000
75100,100,1000,"bu","11:18:02",202000
75100,100,100,"bu","11:18:09",202100
75100,100,500,"sd","11:18:27",202600
75100,100,1000,"bu","11:18:48",203600
75100,100,200,"bu","11:19:01",203800
75100,100,100,"sd","11:19:04",203900
75100,100,1000,"bu","11:19:31",204900
75100,100,500,"bu","11:19:32",205400
75200,200,200,"bu","11:19:44",205600
75100,100,300,"sd","11:20:01",205900
75100,100,1000,"bu","11:20:06",206900
75100,100,1000,"bu","11:20:13",207900
75100,100,500,"bu","11:20:37",208400
75200,200,1700,"bu","11:20:49",210100
75100,100,100,"sd","11:20:55",210200
75100,100,200,"bu","11:21:02",210400
75100,100,500,"bu","11:21:42",210900
75100,100,100,"bu","11:21:51",211000
75100,100,200,"bu","11:22:02",211200
75100,100,600,"bu","11:22:55",211800
75100,100,1000,"bu","11:22:56",212800
75100,100,200,"sd","11:23:03",213000
75100,100,600,"bu","11:23:53",213600
75100,100,200,"sd","11:24:03",213800
75100,100,1000,"bu","11:24:08",214800
75100,100,100,"sd","11:24:37",214900
75100,100,1000,"sd","11:24:49",215900
75100,100,500,"bu","11:24:58",216400
75100,100,200,"bu","11:25:02",216600
75100,100,100,"bu","11:25:33",216700
75100,100,400,"bu","11:25:36",217100
75000,0,700,"bu","11:26:03",217800
75000,0,100,"sd","11:26:29",217900
75000,0,1000,"bu","11:26:30",218900
75100,100,2600,"bu","11:26:40",221500
75100,100,100,"sd","11:26:43",221600
75100,100,600,"sd","11:26:57",222200
75000,0,200,"sd","11:27:04",222400
75000,0,500,"sd","11:27:08",222900
75000,0,100,"bu","11:27:25",223000
75000,0,1100,"bu","11:28:01",224100
75000,0,200,"bu","11:28:04",224300
75000,0,500,"sd","11:28:14",224800
75000,0,100,"bu","11:28:20",224900
75100,100,400,"sd","11:29:14",225300
75000,0,500,"sd","11:29:18",225800
75100,100,1000,"sd","11:29:36",226800
75100,100,100,"bu","13:00:30",226900
75100,100,1200,"bu","13:00:57",228100
75100,100,300,"sd","13:00:58",228400
75100,100,400,"sd","13:01:01",228800
75100,100,100,"bu","13:01:03",228900
75100,100,200,"bu","13:01:19",229100
75100,100,400,"sd","13:01:20",229500
75100,100,500,"sd","13:01:28",230000
75100,100,100,"bu","13:01:29",230100
75200,200,600,"sd","13:01:32",230700
75000,0,300,"sd","13:01:49",231000
75200,200,600,"sd","13:01:50",231600
75000,0,100,"bu","13:01:57",231700
75000,0,200,"sd","13:02:03",231900
75000,0,100,"sd","13:02:24",232000
75000,0,500,"bu","13:02:35",232500
75000,0,300,"bu","13:02:41",232800
75000,0,400,"bu","13:02:51",233200
75200,200,200,"bu","13:03:02",233400
75000,0,100,"bu","13:03:18",233500
75000,0,500,"bu","13:03:35",234000
75000,0,500,"sd","13:03:40",234500
75200,200,100,"sd","13:03:43",234600
75100,100,400,"sd","13:04:20",235000
75100,100,300,"sd","13:04:28",235300
75000,0,100,"sd","13:04:39",235400
75000,0,500,"bu","13:04:45",235900
75000,0,200,"bu","13:05:04",236100
75000,0,100,"bu","13:05:07",236200
75000,0,1300,"sd","13:05:20",237500
75000,0,100,"bu","13:05:34",237600
75000,0,800,"bu","13:05:49",238400
75100,100,500,"sd","13:05:55",238900
75000,0,7500,"sd","13:05:56",246400
75000,0,2700,"sd","13:05:57",249100
75000,0,100,"bu","13:06:01",249200
75000,0,300,"bu","13:06:13",249500
75000,0,100,"sd","13:06:28",249600
75000,0,200,"sd","13:06:36",249800
75000,0,600,"bu","13:06:56",250400
75000,0,300,"bu","13:07:06",250700
75000,0,200,"bu","13:07:21",250900
75000,0,100,"bu","13:07:22",251000
75000,0,1400,"sd","13:07:58",252400
75000,0,500,"bu","13:08:00",252900
75000,0,300,"sd","13:08:06",253200
75000,0,100,"bu","13:08:17",253300
75100,100,700,"sd","13:08:50",254000
75000,0,1200,"sd","13:09:05",255200
75000,0,100,"sd","13:09:11",255300
75000,0,200,"sd","13:09:36",255500
75000,0,100,"sd","13:09:38",255600
75000,0,300,"sd","13:09:44",255900
75000,0,100,"sd","13:10:06",256000
75000,0,500,"sd","13:10:11",256500
75000,0,300,"bu","13:10:21",256800
75000,0,400,"sd","13:10:32",257200
75000,0,400,"bu","13:10:37",257600
75000,0,1100,"sd","13:11:00",258700
75000,0,400,"sd","13:11:02",259100
75000,0,200,"sd","13:11:06",259300
75000,0,500,"bu","13:11:15",259800
75000,0,1000,"sd","13:11:26",260800
75000,0,1400,"sd","13:11:29",262200
75000,0,400,"bu","13:11:35",262600
75000,0,200,"sd","13:11:52",262800
75100,100,200,"bu","13:11:53",263000
75000,0,1000,"sd","13:11:54",264000
75000,0,100,"bu","13:11:56",264100
75000,0,1000,"bu","13:12:12",265100
75000,0,900,"sd","13:12:23",266000
75000,0,1300,"bu","13:12:37",267300
74900,-100,400,"bu","13:12:39",267700
74900,-100,300,"sd","13:13:14",268000
74900,-100,200,"sd","13:13:22",268200
74900,-100,500,"bu","13:13:27",268700
75000,0,400,"bu","13:13:40",269100
75000,0,400,"bu","13:13:45",269500
74900,-100,1000,"bu","13:13:47",270500
74900,-100,500,"sd","13:14:07",271000
74900,-100,500,"bu","13:14:32",271500
75000,0,200,"sd","13:14:38",271700
75000,0,3900,"sd","13:14:57",275600
75000,0,300,"sd","13:15:00",275900
75000,0,1000,"bu","13:15:04",276900
75000,0,100,"bu","13:15:28",277000
74900,-100,500,"bu","13:15:37",277500
75000,0,2600,"bu","13:16:00",280100
75000,0,100,"sd","13:16:01",280200
75000,0,200,"sd","13:16:24",280400
75000,0,100,"sd","13:16:28",280500
75000,0,1000,"sd","13:16:29",281500
75000,0,1500,"sd","13:16:43",283000
74900,-100,300,"sd","13:16:46",283300
74900,-100,2200,"bu","13:17:12",285500
75000,0,200,"bu","13:17:34",285700
74900,-100,300,"bu","13:17:39",286000
74900,-100,500,"bu","13:17:48",286500
74900,-100,300,"sd","13:17:53",286800
74900,-100,1000,"sd","13:18:04",287800
74900,-100,300,"bu","13:18:31",288100
74900,-100,8400,"sd","13:18:32",296500
74900,-100,1600,"sd","13:18:33",298100
74800,-200,700,"sd","13:18:53",298800
74800,-200,1000,"sd","13:19:58",299800
74800,-200,1300,"sd","13:20:09",301100
75000,0,1800,"sd","13:20:13",302900
74800,-200,300,"sd","13:20:15",303200
75000,0,100,"bu","13:20:27",303300
75100,100,1300,"sd","13:20:38",304600
75000,0,100,"bu","13:20:52",304700
74900,-100,200,"sd","13:20:54",304900
75100,100,100,"bu","13:21:01",305000
74900,-100,500,"sd","13:21:03",305500
74900,-100,300,"bu","13:21:09",305800
75100,100,100,"bu","13:21:13",305900
74900,-100,200,"sd","13:21:39",306100
75100,100,100,"sd","13:21:51",306200
74900,-100,300,"sd","13:22:01",306500
74900,-100,500,"bu","13:22:09",307000
74900,-100,300,"bu","13:22:25",307300
75100,100,600,"sd","13:22:47",307900
75000,0,100,"bu","13:22:50",308000
74900,-100,600,"sd","13:22:55",308600
74900,-100,200,"sd","13:23:11",308800
74900,-100,500,"bu","13:23:14",309300
75000,0,200,"bu","13:23:25",309500
75000,0,100,"bu","13:23:31",309600
75000,0,300,"bu","13:23:47",309900
75000,0,200,"bu","13:23:55",310100
75000,0,700,"bu","13:24:09",310800
74900,-100,500,"bu","13:24:19",311300
75000,0,500,"sd","13:24:24",311800
75000,0,500,"bu","13:24:40",312300
75000,0,500,"sd","13:25:12",312800
74900,-100,500,"bu","13:25:24",313300
74900,-100,300,"sd","13:25:25",313600
75000,0,600,"sd","13:25:31",314200
75000,0,300,"bu","13:25:33",314500
75000,0,100,"bu","13:25:36",314600
75000,0,800,"sd","13:25:48",315400
75000,0,600,"bu","13:26:02",316000
75000,0,800,"bu","13:26:06",316800
74900,-100,200,"bu","13:26:11",317000
75000,0,4700,"bu","13:26:15",321700
75000,0,100,"bu","13:26:16",321800
75000,0,300,"bu","13:26:26",322100
75000,0,500,"bu","13:26:30",322600
75000,0,100,"bu","13:26:41",322700
75000,0,5700,"bu","13:26:50",328400
74900,-100,200,"bu","13:26:57",328600
74900,-100,300,"bu","13:27:18",328900
74900,-100,100,"sd","13:27:33",329000
74900,-100,500,"bu","13:27:36",329500
74900,-100,300,"sd","13:27:41",329800
75000,0,100,"bu","13:27:59",329900
74900,-100,300,"sd","13:28:12",330200
74900,-100,200,"sd","13:28:26",330400
74900,-100,500,"bu","13:28:40",330900
74900,-100,100,"bu","13:28:44",331000
74900,-100,300,"sd","13:29:04",331300
75000,0,2000,"bu","13:29:05",333300
74900,-100,200,"bu","13:29:11",333500
75000,0,100,"sd","13:29:16",333600
75000,0,700,"sd","13:29:45",334300
74900,-100,600,"bu","13:29:57",334900
74900,-100,400,"sd","13:30:09",335300
75000,0,100,"sd","13:30:20",335400
74900,-100,400,"bu","13:30:22",335800
74900,-100,200,"bu","13:30:42",336000
74900,-100,300,"bu","13:30:49",336300
74900,-100,500,"sd","13:30:51",336800
75000,0,1200,"sd","13:30:54",338000
75000,0,100,"sd","13:30:55",338100
75000,0,4400,"sd","13:31:23",342500
75000,0,200,"sd","13:31:27",342700
75000,0,400,"bu","13:31:42",343100
75000,0,500,"bu","13:31:56",343600
75000,0,200,"sd","13:32:03",343800
74900,-100,500,"sd","13:32:14",344300
74900,-100,500,"sd","13:32:57",344800
74900,-100,500,"bu","13:33:01",345300
74900,-100,5000,"bu","13:33:10",350300
74900,-100,300,"bu","13:33:27",350600
74900,-100,200,"bu","13:33:42",350800
74900,-100,500,"sd","13:34:07",351300
74900,-100,300,"bu","13:34:20",351600
74900,-100,900,"bu","13:35:12",352500
74900,-100,600,"bu","13:35:13",353100
74900,-100,500,"sd","13:35:18",353600
75000,0,700,"sd","13:35:41",354300
75000,0,2000,"sd","13:35:56",356300
74900,-100,200,"sd","13:35:58",356500
74900,-100,300,"bu","13:36:06",356800
74900,-100,500,"sd","13:36:17",357300
75000,0,400,"bu","13:36:20",357700
75000,0,100,"bu","13:36:31",357800
75000,0,300,"bu","13:36:42",358100
74900,-100,500,"sd","13:36:58",358600
74900,-100,500,"sd","13:37:22",359100
74900,-100,300,"sd","13:37:28",359400
75000,0,100,"bu","13:37:40",359500
75000,0,300,"sd","13:37:50",359800
74900,-100,300,"bu","13:37:51",360100
74900,-100,3800,"bu","13:38:13",363900
75000,0,600,"sd","13:38:30",364500
75000,0,400,"bu","13:38:44",364900
75000,0,200,"bu","13:38:59",365100
75000,0,100,"sd","13:39:01",365200
75000,0,600,"bu","13:39:33",365800
75000,0,300,"sd","13:39:36",366100
75000,0,900,"sd","13:39:37",367000
75000,0,2300,"sd","13:39:52",369300
75000,0,100,"bu","13:40:02",369400
75000,0,700,"sd","13:40:29",370100
75000,0,500,"bu","13:40:39",370600
75000,0,100,"sd","13:40:44",370700
75000,0,500,"sd","13:41:14",371200
75000,0,300,"bu","13:41:22",371500
75000,0,100,"sd","13:41:26",371600
75000,0,900,"bu","13:41:59",372500
75000,0,100,"sd","13:42:08",372600
75000,0,300,"sd","13:42:14",372900
75000,0,100,"bu","13:42:29",373000
75000,0,200,"bu","13:42:46",373200
75000,0,500,"sd","13:42:48",373700
75000,0,1100,"sd","13:43:02",374800
75000,0,400,"sd","13:43:07",375200
75000,0,6600,"bu","13:43:11",381800
74900,-100,200,"sd","13:43:30",382000
75000,0,600,"sd","13:43:33",382600
75100,100,500,"sd","13:43:46",383100
75100,100,200,"bu","13:43:47",383300
75000,0,500,"bu","13:43:53",383800
75000,0,100,"sd","13:43:54",383900
75000,0,300,"bu","13:44:00",384200
75000,0,300,"sd","13:44:15",384500
75000,0,300,"bu","13:44:28",384800
75100,100,300,"sd","13:44:33",385100
75100,100,4400,"sd","13:44:53",389500
75300,300,1100,"bu","13:44:58",390600
75000,0,500,"bu","13:44:59",391100
75000,0,300,"sd","13:45:00",391400
75100,100,100,"sd","13:45:19",391500
75100,100,900,"sd","13:45:22",392400
75100,100,100,"sd","13:45:37",392500
75000,0,600,"sd","13:45:46",393100
75100,100,100,"bu","13:46:01",393200
75000,0,800,"sd","13:46:32",394000
75000,0,300,"sd","13:46:41",394300
75000,0,300,"bu","13:46:44",394600
75000,0,600,"bu","13:47:09",395200
75000,0,400,"sd","13:47:26",395600
75000,0,300,"sd","13:47:32",395900
75000,0,100,"sd","13:47:46",396000
75100,100,1100,"sd","13:47:56",397100
75000,0,200,"bu","13:48:02",397300
75000,0,100,"bu","13:48:08",397400
75000,0,500,"bu","13:48:14",397900
75000,0,300,"bu","13:48:24",398200
75000,0,100,"bu","13:48:30",398300
75000,0,200,"bu","13:48:47",398500
75000,0,100,"bu","13:48:50",398600
75000,0,400,"sd","13:49:16",399000
75000,0,500,"sd","13:49:20",399500
75300,300,200,"sd","13:49:26",399700
75000,0,300,"bu","13:49:31",400000
75000,0,100,"bu","13:49:32",400100
75000,0,400,"bu","13:50:09",400500
75000,0,100,"bu","13:50:16",400600
75000,0,200,"bu","13:50:17",400800
75000,0,500,"bu","13:50:25",401300
75000,0,100,"sd","13:50:37",401400
75000,0,400,"sd","13:51:02",401800
75000,0,200,"bu","13:51:03",402000
75000,0,100,"bu","13:51:06",402100
75000,0,600,"sd","13:51:30",402700
75200,200,2000,"bu","13:51:37",404700
75000,0,100,"bu","13:51:40",404800
75000,0,600,"sd","13:51:54",405400
75100,100,100,"bu","13:52:02",405500
75100,100,300,"sd","13:52:33",405800
75100,100,500,"bu","13:52:36",406300
75200,200,200,"sd","13:52:37",406500
75100,100,100,"bu","13:52:45",406600
75000,0,300,"bu","13:52:48",406900
75100,100,300,"sd","13:53:07",407200
75000,0,200,"sd","13:53:17",407400
75100,100,100,"bu","13:53:29",407500
75100,100,800,"bu","13:53:40",408300
75100,100,100,"sd","13:53:50",408400
75100,100,200,"sd","13:54:02",408600
75100,100,100,"bu","13:54:11",408700
75100,100,800,"sd","13:54:45",409500
75000,0,500,"sd","13:54:46",410000
75000,0,300,"sd","13:54:49",410300
75000,0,100,"sd","13:54:55",410400
75100,100,300,"sd","13:55:17",410700
75000,0,100,"bu","13:55:19",410800
75000,0,600,"bu","13:55:26",411400
75000,0,200,"bu","13:55:33",411600
75000,0,100,"bu","13:55:39",411700
75000,0,600,"sd","13:55:52",412300
75000,0,100,"bu","13:56:00",412400
75000,0,200,"sd","13:56:18",412600
75000,0,300,"bu","13:56:19",412900
75000,0,100,"sd","13:56:22",413000
75000,0,600,"sd","13:56:56",413600
75000,0,12900,"bu","13:57:04",426500
75000,0,2400,"bu","13:57:11",428900
75000,0,3300,"bu","13:57:27",432200
75000,0,1000,"sd","13:57:32",433200
75000,0,200,"sd","13:57:48",433400
75000,0,500,"sd","13:58:02",433900
75000,0,300,"bu","13:58:03",434200
75100,100,1000,"sd","13:58:12",435200
75200,200,200,"bu","13:58:18",435400
75000,0,500,"bu","13:58:57",435900
75000,0,500,"sd","13:59:07",436400
75000,0,200,"sd","13:59:20",436600
75000,0,300,"sd","13:59:50",436900
75000,0,300,"sd","14:00:07",437200
75000,0,500,"bu","14:00:12",437700
75200,200,1900,"sd","14:00:33",439600
75000,0,300,"bu","14:00:42",439900
75200,200,200,"bu","14:01:02",440100
75000,0,500,"sd","14:01:18",440600
75000,0,300,"sd","14:01:35",440900
75000,0,10000,"sd","14:01:51",450900
74900,-100,1500,"bu","14:02:22",452400
74900,-100,300,"sd","14:02:28",452700
75000,0,400,"sd","14:02:48",453100
75000,0,100,"sd","14:02:56",453200
75000,0,500,"bu","14:03:11",453700
75000,0,300,"sd","14:03:20",454000
75100,100,1800,"bu","14:04:18",455800
75000,0,500,"bu","14:04:34",456300
75100,100,1200,"bu","14:05:06",457500
75100,100,100,"sd","14:05:13",457600
75000,0,900,"bu","14:05:58",458500
75000,0,1000,"bu","14:06:39",459500
75000,0,500,"bu","14:06:43",460000
75100,100,300,"bu","14:06:48",460300
75200,200,4300,"sd","14:07:15",464600
75000,0,300,"sd","14:07:43",464900
75000,0,500,"sd","14:07:49",465400
75100,100,200,"bu","14:08:17",465600
75100,100,900,"sd","14:08:32",466500
75000,0,300,"sd","14:08:36",466800
75100,100,300,"bu","14:08:39",467100
75100,100,700,"sd","14:08:54",467800
75100,100,300,"sd","14:09:29",468100
75100,100,200,"sd","14:09:32",468300
75100,100,500,"sd","14:09:37",468800
75000,0,200,"sd","14:09:43",469000
75200,200,3700,"sd","14:09:49",472700
75200,200,500,"sd","14:10:00",473200
75200,200,2000,"sd","14:10:07",475200
75200,200,300,"sd","14:10:21",475500
75300,300,2300,"bu","14:10:52",477800
75200,200,300,"sd","14:10:59",478100
75200,200,500,"bu","14:11:05",478600
75200,200,300,"bu","14:11:16",478900
75200,200,400,"bu","14:11:56",479300
75100,100,300,"bu","14:12:08",479600
75100,100,500,"sd","14:12:10",480100
75200,200,3900,"bu","14:12:40",484000
75100,100,300,"sd","14:13:01",484300
75200,200,1000,"sd","14:13:04",485300
75000,0,500,"bu","14:13:15",485800
75200,200,400,"bu","14:13:53",486200
75100,100,2100,"sd","14:13:54",488300
75100,100,300,"sd","14:14:01",488600
75100,100,500,"bu","14:14:21",489100
75100,100,300,"bu","14:14:45",489400
75100,100,1000,"bu","14:14:54",490400
75200,200,2000,"bu","14:15:05",492400
75100,100,400,"sd","14:15:13",492800
75100,100,500,"bu","14:15:27",493300
75100,100,300,"bu","14:15:40",493600
75100,100,200,"bu","14:15:46",493800
75100,100,1000,"bu","14:15:57",494800
75100,100,400,"sd","14:16:13",495200
75100,100,800,"bu","14:16:25",496000
75100,100,400,"bu","14:16:26",496400
75100,100,800,"bu","14:16:31",497200
75100,100,600,"bu","14:16:33",497800
75100,100,1000,"bu","14:16:47",498800
75400,400,1000,"bu","14:17:08",499800
75100,100,300,"bu","14:17:24",500100
75100,100,1800,"sd","14:18:16",501900
75100,100,1500,"sd","14:18:42",503400
75100,100,300,"sd","14:19:10",503700
75100,100,1000,"sd","14:19:15",504700
75100,100,100,"bu","14:19:16",504800
75200,200,500,"bu","14:19:47",505300
75200,200,300,"sd","14:20:02",505600
75200,200,200,"bu","14:20:06",505800
75200,200,500,"sd","14:20:13",506300
75200,200,200,"sd","14:20:20",506500
75200,200,100,"bu","14:20:28",506600
75200,200,200,"bu","14:20:35",506800
75100,100,500,"sd","14:20:51",507300
75200,200,2800,"bu","14:20:57",510100
75100,100,2000,"bu","14:20:59",512100
75200,200,100,"sd","14:21:22",512200
75200,200,200,"sd","14:21:35",512400
75200,200,100,"bu","14:21:47",512500
75200,200,300,"sd","14:21:48",512800
75200,200,1800,"bu","14:21:51",514600
75200,200,500,"bu","14:21:57",515100
75200,200,1000,"sd","14:21:59",516100
75300,300,2000,"bu","14:22:09",518100
75200,200,300,"bu","14:22:39",518400
75200,200,1000,"bu","14:22:50",519400
75200,200,500,"sd","14:23:03",519900
75200,200,1000,"bu","14:23:16",520900
75200,200,900,"sd","14:23:30",521800
75300,300,100,"sd","14:23:32",521900
75200,200,300,"sd","14:23:33",522200
75300,300,800,"sd","14:23:46",523000
75200,200,500,"bu","14:24:07",523500
75200,200,700,"bu","14:24:32",524200
75200,200,5000,"sd","14:24:53",529200
75200,200,2000,"sd","14:24:56",531200
75200,200,100,"sd","14:24:58",531300
75300,300,1000,"sd","14:25:09",532300
75300,300,500,"sd","14:25:14",532800
75300,300,300,"sd","14:25:19",533100
75300,300,100,"bu","14:25:24",533200
75200,200,600,"sd","14:25:39",533800
75200,200,600,"bu","14:25:52",534400
75200,200,600,"bu","14:25:55",535000
75200,200,600,"bu","14:26:11",535600
75200,200,300,"bu","14:26:12",535900
75100,100,500,"bu","14:26:18",536400
75300,300,500,"bu","14:26:25",536900
75100,100,2000,"sd","14:26:31",538900
75100,100,600,"sd","14:26:35",539500
75300,300,1000,"sd","14:26:37",540500
75300,300,200,"sd","14:26:46",540700
75300,300,500,"bu","14:26:57",541200
75300,300,400,"sd","14:27:03",541600
75300,300,1100,"bu","14:27:05",542700
75300,300,500,"sd","14:27:07",543200
75300,300,2500,"sd","14:27:48",545700
75300,300,2600,"bu","14:28:14",548300
75200,200,500,"sd","14:28:30",548800
75100,100,700,"sd","14:28:41",549500
75300,300,700,"bu","14:29:31",550200
75200,200,23500,"sd","14:45:08",573700
