"price","change","match_qtty","side","time","total_vol"
21650,150,98400,"sd","09:15:05",98400
21600,100,1000,"sd","09:15:29",99400
21650,150,300,"bu","09:15:32",99700
21650,150,100,"bu","09:15:32",99800
21600,100,200,"bu","09:15:36",100000
21650,150,900,"sd","09:15:38",100900
21600,100,1000,"sd","09:15:53",101900
21600,100,100,"bu","09:15:55",102000
21600,100,1000,"bu","09:16:15",103000
21600,100,500,"sd","09:16:19",103500
21600,100,600,"sd","09:16:21",104100
21600,100,1100,"sd","09:16:30",105200
21600,100,2100,"sd","09:16:34",107300
21600,100,1000,"bu","09:16:37",108300
21600,100,2000,"sd","09:16:38",110300
21600,100,1000,"bu","09:16:42",111300
21600,100,1500,"bu","09:16:47",112800
21600,100,200,"sd","09:16:49",113000
21600,100,500,"sd","09:16:50",113500
21600,100,600,"bu","09:16:51",114100
21600,100,5000,"bu","09:16:52",119100
21600,100,3500,"bu","09:16:54",122600
21600,100,500,"bu","09:16:55",134800
21550,50,400,"sd","09:17:07",135200
21600,100,5000,"sd","09:17:11",140200
21550,50,1000,"bu","09:17:16",141200
21550,50,1600,"bu","09:17:21",142800
21550,50,400,"sd","09:17:21",143200
21600,100,100,"bu","09:17:31",143300
21550,50,8300,"bu","09:17:32",151600
21550,50,500,"bu","09:17:34",152100
21500,0,5000,"sd","09:17:43",157100
21550,50,1300,"bu","09:18:30",158400
21550,50,700,"bu","09:18:50",159100
21550,50,1000,"sd","09:19:05",160100
21550,50,300,"bu","09:19:10",160400
21550,50,200,"sd","09:19:24",160600
21500,0,3500,"sd","09:19:56",164100
21500,0,400,"bu","09:19:56",164500
21500,0,600,"bu","09:20:00",165100
21500,0,900,"sd","09:20:01",166000
21500,0,2000,"bu","09:20:10",168000
21500,0,1000,"sd","09:20:11",169000
21500,0,300,"bu","09:20:12",169300
21500,0,500,"sd","09:20:14",169800
21500,0,4400,"sd","09:20:16",174200
21500,0,400,"sd","09:20:27",174600
21500,0,1000,"bu","09:20:46",175600
21500,0,500,"bu","09:20:48",176100
21500,0,3400,"sd","09:20:49",179500
21500,0,400,"sd","09:20:53",179900
21500,0,1000,"sd","09:20:54",180900
21500,0,2000,"bu","09:20:55",182900
21500,0,100,"bu","09:20:58",183000
21500,0,400,"bu","09:21:07",183400
21500,0,200,"bu","09:21:16",183600
21500,0,2000,"sd","09:21:21",185600
21500,0,2000,"bu","09:21:22",187600
21500,0,5000,"sd","09:21:24",192600
21500,0,100,"sd","09:21:37",192700
21500,0,1600,"bu","09:21:44",194300
21500,0,5000,"sd","09:21:47",199300
21500,0,1600,"bu","09:21:50",200900
21500,0,1000,"bu","09:21:54",201900
21450,-50,100,"sd","09:21:59",202000
21500,0,500,"bu","09:22:01",202500
21500,0,900,"bu","09:22:02",203400
21500,0,1000,"sd","09:22:10",204400
21500,0,1500,"sd","09:22:33",205900
21450,-50,100,"bu","09:22:40",206000
21450,-50,1100,"sd","09:23:00",207100
21500,0,100,"sd","09:23:01",207200
21500,0,500,"sd","09:23:10",207700
21500,0,100,"sd","09:23:28",207800
21500,0,1000,"sd","09:23:32",208800
21450,-50,500,"bu","09:23:36",209300
21500,0,300,"sd","09:23:38",209600
21450,-50,100,"bu","09:23:47",209700
21500,0,200,"sd","09:23:53",209900
21500,0,500,"sd","09:24:18",210400
21500,0,5000,"sd","09:24:28",215400
21500,0,600,"sd","09:24:33",216000
21500,0,600,"sd","09:24:40",216600
21500,0,2100,"sd","09:24:51",218700
21500,0,100,"bu","09:24:52",218800
21500,0,200,"bu","09:24:59",219000
21500,0,100,"sd","09:25:43",219100
21500,0,300,"bu","09:25:51",219400
21500,0,500,"bu","09:25:51",219900
21500,0,1000,"bu","09:25:53",220900
21500,0,100,"bu","09:25:54",221000
21500,0,10000,"sd","09:26:06",231000
21500,0,100,"sd","09:26:16",231100
21500,0,5000,"bu","09:26:21",236100
21500,0,2000,"sd","09:26:26",238100
21500,0,500,"sd","09:26:29",238600
21500,0,600,"sd","09:26:33",239200
21450,-50,400,"bu","09:26:35",239600
21500,0,500,"sd","09:27:07",240100
21450,-50,1100,"sd","09:27:08",241200
21450,-50,2900,"bu","09:27:10",244100
21500,0,10000,"sd","09:27:34",254100
21500,0,2000,"bu","09:27:36",256100
21500,0,800,"sd","09:27:38",256900
21500,0,500,"sd","09:27:49",257400
21500,0,300,"bu","09:27:52",257700
21500,0,15000,"bu","09:27:55",272700
21500,0,2000,"sd","09:27:57",274700
21500,0,500,"bu","09:28:03",275200
21500,0,6000,"sd","09:28:04",281200
21500,0,5000,"sd","09:28:15",286200
21500,0,500,"bu","09:28:17",286700
21500,0,2000,"sd","09:28:22",288700
21500,0,4500,"sd","09:28:24",293200
21500,0,2000,"sd","09:28:26",295200
21450,-50,2300,"bu","09:28:28",297500
21500,0,400,"bu","09:28:29",297900
21500,0,100,"bu","09:28:31",298000
21500,0,800,"bu","09:28:33",298800
21500,0,8000,"sd","09:28:39",306800
21500,0,1000,"bu","09:28:40",307800
21500,0,500,"sd","09:28:41",308300
21500,0,1100,"sd","09:28:56",309400
21500,0,100,"sd","09:29:09",309500
21500,0,300,"sd","09:29:16",309800
21500,0,4800,"bu","09:29:42",314600
21550,50,1200,"sd","09:30:05",315800
21550,50,100,"bu","09:30:13",315900
21550,50,300,"bu","09:30:23",316200
21550,50,1000,"bu","09:30:25",317200
21500,0,300,"sd","09:30:29",317500
21550,50,5000,"bu","09:30:33",322500
21550,50,300,"bu","09:31:03",322800
21550,50,2400,"sd","09:31:18",325200
21550,50,5000,"bu","09:31:21",330200
21550,50,900,"bu","09:31:26",331100
21500,0,300,"sd","09:31:29",331400
21550,50,500,"sd","09:31:31",331900
21500,0,7100,"sd","09:31:38",339000
21500,0,100,"sd","09:31:50",339100
21550,50,1500,"bu","09:31:55",340600
21550,50,4000,"sd","09:32:16",344600
21550,50,1000,"sd","09:32:22",345600
21550,50,500,"sd","09:32:26",346100
21500,0,300,"bu","09:32:29",346400
21500,0,100,"bu","09:32:50",346500
21550,50,700,"bu","09:33:04",347200
21500,0,300,"sd","09:33:29",347500
21500,0,2000,"bu","09:33:52",349500
21500,0,700,"bu","09:34:01",350200
21550,50,200,"bu","09:34:10",350400
21500,0,300,"bu","09:34:34",350700
21500,0,400,"sd","09:34:45",351100
21550,50,1000,"bu","09:34:54",352100
21500,0,31000,"bu","09:35:06",383100
21500,0,300,"bu","09:35:09",383400
21500,0,38800,"bu","09:35:10",422200
21500,0,300,"sd","09:35:12",422500
21500,0,500,"bu","09:35:14",423000
21500,0,200,"sd","09:35:15",423200
21500,0,23000,"sd","09:35:18",446200
21450,-50,300,"sd","09:35:30",446500
21450,-50,100,"sd","09:35:50",446600
21450,-50,300,"bu","09:36:01",446900
21450,-50,300,"bu","09:36:30",447200
21450,-50,400,"sd","09:36:54",447600
21500,0,1300,"sd","09:37:31",448900
21500,0,800,"sd","09:37:32",449700
21500,0,3000,"bu","09:37:57",452700
21500,0,300,"sd","09:38:12",453000
21450,-50,6600,"bu","09:38:22",459600
21450,-50,300,"sd","09:38:31",459900
21450,-50,100,"sd","09:38:53",460000
21450,-50,20100,"bu","09:39:04",480100
21450,-50,3000,"bu","09:39:12",483100
21450,-50,100,"bu","09:39:13",483200
21500,0,500,"bu","09:39:17",483700
21450,-50,300,"bu","09:39:31",484000
21450,-50,43900,"sd","09:39:33",527900
21450,-50,200,"sd","09:39:34",553600
21500,0,500,"sd","09:39:36",554100
21450,-50,200,"bu","09:39:59",554300
21400,-100,100,"bu","09:40:01",554400
21450,-50,4100,"sd","09:40:12",558500
21450,-50,100,"bu","09:40:29",558600
21450,-50,500,"sd","09:40:31",559100
21400,-100,300,"bu","09:40:32",559400
21400,-100,2000,"bu","09:41:00",561400
21400,-100,100,"sd","09:41:23",561500
21400,-100,400,"bu","09:41:32",561900
21450,-50,100,"bu","09:41:53",562000
21450,-50,600,"sd","09:41:59",562600
21450,-50,500,"bu","09:42:10",563100
21450,-50,400,"bu","09:42:12",563500
21450,-50,3000,"sd","09:42:16",566500
21450,-50,500,"bu","09:42:25",567000
21400,-100,300,"sd","09:42:32",567300
21450,-50,500,"bu","09:42:36",567800
21450,-50,1000,"bu","09:42:44",568800
21450,-50,100,"bu","09:42:45",568900
21450,-50,3800,"sd","09:43:19",572700
21400,-100,400,"sd","09:43:32",573100
21400,-100,200,"bu","09:43:42",573300
21400,-100,2000,"sd","09:43:52",575300
21400,-100,100,"bu","09:44:01",575400
21450,-50,1000,"sd","09:44:04",576400
21400,-100,1300,"sd","09:44:35",577700
21400,-100,1000,"sd","09:44:41",578700
21400,-100,2000,"sd","09:45:09",580700
21450,-50,2000,"sd","09:45:11",582700
21450,-50,200,"sd","09:45:13",582900
21400,-100,400,"sd","09:45:17",583300
21450,-50,200,"sd","09:45:18",583500
21450,-50,500,"sd","09:45:26",584000
21450,-50,1000,"bu","09:45:31",585000
21400,-100,300,"bu","09:45:33",585300
21450,-50,2000,"bu","09:45:36",587300
21450,-50,200,"bu","09:45:45",587500
21450,-50,1000,"sd","09:45:51",588500
21450,-50,200,"bu","09:46:10",588700
21450,-50,500,"sd","09:46:17",589200
21450,-50,600,"bu","09:46:19",589800
21450,-50,1500,"sd","09:46:20",591300
21450,-50,200,"bu","09:46:21",591500
21450,-50,1000,"sd","09:46:23",592500
21450,-50,200,"bu","09:46:26",592700
21450,-50,100,"bu","09:46:28",592800
21450,-50,500,"bu","09:46:30",593300
21400,-100,300,"bu","09:46:33",593600
21450,-50,400,"bu","09:46:36",594000
21450,-50,14100,"sd","09:46:42",608100
21450,-50,1300,"bu","09:46:43",610100
21450,-50,15200,"bu","09:46:44",625300
21450,-50,100,"sd","09:47:12",625400
21500,0,200,"sd","09:47:26",625600
21450,-50,300,"bu","09:47:34",625900
21450,-50,2500,"bu","09:48:31",628400
21450,-50,300,"bu","09:48:35",628700
21450,-50,100,"sd","09:48:42",628800
21450,-50,1100,"bu","09:49:05",629900
21450,-50,6500,"sd","09:49:06",636400
21450,-50,100,"bu","09:49:34",636700
21500,0,5000,"sd","09:50:08",641700
21500,0,6600,"sd","09:50:26",648300
21500,0,300,"sd","09:50:30",648600
21500,0,1300,"sd","09:50:37",649900
21500,0,2000,"sd","09:50:38",651900
21500,0,100,"sd","09:50:43",652000
21500,0,1000,"sd","09:50:44",653000
21500,0,100,"sd","09:50:57",653100
21500,0,1000,"bu","09:51:04",654100
21500,0,800,"bu","09:51:12",654900
21450,-50,300,"sd","09:51:35",655200
21450,-50,100,"bu","09:52:13",655300
21450,-50,200,"bu","09:52:16",655500
21450,-50,300,"sd","09:52:35",655800
21450,-50,2100,"sd","09:52:48",657900
21450,-50,1000,"sd","09:52:52",658900
21500,0,1000,"bu","09:52:55",659900
21450,-50,1300,"sd","09:53:35",661200
21450,-50,100,"sd","09:53:40",661300
21450,-50,26300,"sd","09:53:47",687600
21450,-50,200,"bu","09:53:59",687800
21450,-50,1000,"bu","09:54:02",688800
21450,-50,700,"bu","09:54:06",689500
21450,-50,100,"bu","09:54:10",689600
21450,-50,1000,"bu","09:54:16",690600
21450,-50,1000,"sd","09:54:17",691600
21450,-50,100,"bu","09:54:23",691700
21400,-100,300,"bu","09:54:36",692000
21450,-50,700,"sd","09:54:45",692700
21450,-50,100,"bu","09:55:16",692800
21400,-100,400,"sd","09:55:36",693200
21450,-50,100,"bu","09:55:36",693300
21450,-50,5000,"bu","09:55:46",698300
21450,-50,100,"bu","09:55:51",698400
21450,-50,5000,"sd","09:55:52",703400
21450,-50,100,"sd","09:56:04",703500
21450,-50,200,"sd","09:56:09",703700
21450,-50,100,"bu","09:56:28",703800
21400,-100,300,"bu","09:56:36",704100
21450,-50,100,"sd","09:56:42",704200
21450,-50,600,"bu","09:57:08",704800
21400,-100,300,"bu","09:57:37",705100
21450,-50,200,"sd","09:57:38",705300
21400,-100,600,"bu","09:57:50",705900
21450,-50,1000,"sd","09:57:54",706900
21450,-50,300,"sd","09:57:57",707200
21450,-50,2000,"sd","09:57:59",709200
21450,-50,10000,"bu","09:58:07",719200
21450,-50,5000,"bu","09:58:24",724200
21400,-100,300,"sd","09:58:37",724500
21450,-50,1000,"sd","09:58:42",725500
21450,-50,300,"bu","09:58:46",725800
21400,-100,100,"bu","09:58:48",725900
21400,-100,400,"bu","09:59:37",726300
21400,-100,2000,"bu","09:59:47",728300
21450,-50,800,"sd","09:59:48",729100
21400,-100,100,"sd","09:59:49",729200
21450,-50,400,"sd","10:00:03",729600
21400,-100,1000,"bu","10:00:30",730600
21450,-50,200,"sd","10:00:34",730800
21400,-100,300,"bu","10:00:37",731100
21400,-100,1000,"bu","10:01:19",732100
21400,-100,100,"sd","10:01:20",732200
21400,-100,300,"bu","10:01:39",732500
21400,-100,200,"bu","10:02:17",732700
21450,-50,1000,"sd","10:02:24",733700
21450,-50,1700,"bu","10:02:37",735400
21400,-100,300,"bu","10:02:38",735700
21450,-50,1100,"bu","10:02:44",736800
21450,-50,500,"bu","10:03:06",737300
21400,-100,600,"sd","10:03:08",737900
21400,-100,30000,"bu","10:03:10",767900
21400,-100,200,"bu","10:03:14",768100
21400,-100,3100,"bu","10:03:25",771200
21450,-50,10500,"bu","10:03:25",781700
21400,-100,300,"sd","10:03:38",782000
21400,-100,3700,"sd","10:03:57",785700
21450,-50,200,"sd","10:04:18",785900
21400,-100,5000,"sd","10:04:23",790900
21400,-100,300,"sd","10:04:39",791200
21400,-100,100,"bu","10:05:01",791300
21450,-50,1100,"bu","10:05:31",792400
21400,-100,100,"bu","10:05:37",792500
21400,-100,5000,"bu","10:05:38",797500
21400,-100,300,"bu","10:05:39",797800
21450,-50,100,"sd","10:05:40",797900
21400,-100,30100,"sd","10:05:53",828000
21400,-100,2000,"sd","10:06:20",830000
21400,-100,1000,"sd","10:06:28",831000
21400,-100,21700,"bu","10:06:30",852700
21400,-100,28300,"sd","10:06:31",881000
21400,-100,300,"sd","10:06:39",881300
21400,-100,3100,"bu","10:06:40",884400
21400,-100,6000,"bu","10:06:42",890400
21400,-100,2000,"bu","10:06:52",892400
21400,-100,2000,"sd","10:07:11",894400
21400,-100,100,"bu","10:07:18",894500
21400,-100,10200,"sd","10:07:35",904700
21400,-100,300,"sd","10:07:40",905000
21400,-100,8300,"bu","10:07:45",913300
21400,-100,1000,"sd","10:07:46",914300
21400,-100,500,"bu","10:08:07",914800
21350,-150,300,"sd","10:08:15",915100
21350,-150,300,"bu","10:08:41",915400
21400,-100,1000,"sd","10:08:49",916400
21400,-100,10000,"bu","10:09:02",926400
21350,-150,3000,"bu","10:09:09",929400
21400,-100,1000,"bu","10:09:16",930400
21400,-100,600,"sd","10:09:21",931000
21400,-100,500,"sd","10:09:22",931500
21400,-100,200,"sd","10:09:38",931700
21400,-100,2000,"sd","10:09:39",933700
21350,-150,300,"bu","10:09:40",934000
21400,-100,500,"bu","10:09:43",934500
21400,-100,4000,"sd","10:09:50",938500
21400,-100,500,"sd","10:10:03",939000
21400,-100,200,"sd","10:10:20",939200
21350,-150,3000,"bu","10:10:21",942200
21400,-100,100,"sd","10:10:23",942300
21400,-100,1000,"sd","10:10:35",943300
21400,-100,200,"sd","10:10:40",943500
21400,-100,1500,"bu","10:10:56",945000
21400,-100,100,"bu","10:11:02",945100
21400,-100,3000,"sd","10:11:07",948100
21400,-100,1000,"bu","10:11:33",949100
21400,-100,1000,"sd","10:11:38",950100
21350,-150,800,"bu","10:11:41",950900
21350,-150,100,"bu","10:12:06",951000
21350,-150,2100,"sd","10:12:17",953100
21400,-100,1200,"bu","10:12:23",954300
21400,-100,500,"bu","10:12:31",954800
21350,-150,300,"bu","10:12:41",955100
21350,-150,2000,"sd","10:12:57",957100
21400,-100,200,"bu","10:13:15",957300
21400,-100,300,"bu","10:13:27",957600
21400,-100,1000,"bu","10:13:29",958600
21350,-150,300,"sd","10:13:41",958900
21350,-150,1000,"bu","10:13:46",959900
21400,-100,4000,"bu","10:14:18",963900
21400,-100,100,"sd","10:14:30",964000
21350,-150,400,"sd","10:14:43",964400
21400,-100,200,"bu","10:15:18",964600
21400,-100,1000,"bu","10:15:27",965600
21400,-100,500,"sd","10:15:31",966100
21400,-100,1500,"bu","10:15:33",967600
21400,-100,2000,"bu","10:15:35",969600
21400,-100,600,"sd","10:15:36",970200
21400,-100,10000,"sd","10:15:38",980200
21400,-100,200,"bu","10:15:39",980400
21350,-150,2000,"sd","10:15:41",982400
21400,-100,100,"bu","10:15:42",982500
21400,-100,700,"sd","10:15:55",983200
21400,-100,9000,"bu","10:16:01",992200
21400,-100,500,"sd","10:16:08",992700
21400,-100,2900,"bu","10:16:12",995600
21400,-100,1400,"sd","10:16:15",997000
21400,-100,23000,"bu","10:16:18",1020000
21400,-100,200,"sd","10:16:21",1020200
21400,-100,600,"bu","10:16:26",1020800
21400,-100,300,"sd","10:16:42",1021100
21400,-100,800,"bu","10:16:53",1021900
21400,-100,700,"bu","10:16:57",1022600
21400,-100,1000,"sd","10:17:20",1023600
21400,-100,3400,"sd","10:17:25",1027000
21350,-150,200,"sd","10:17:42",1027200
21400,-100,1000,"bu","10:17:44",1028200
21400,-100,500,"bu","10:17:46",1028700
21400,-100,2000,"bu","10:18:04",1030700
21400,-100,200,"bu","10:18:43",1030900
21400,-100,2000,"bu","10:19:06",1032900
21400,-100,1000,"bu","10:19:21",1033900
21400,-100,1200,"bu","10:19:30",1035100
21400,-100,5000,"bu","10:19:36",1040100
21400,-100,1000,"sd","10:19:38",1041100
21350,-150,2200,"sd","10:19:43",1043300
21400,-100,2000,"sd","10:19:45",1045300
21400,-100,400,"bu","10:19:48",1045700
21400,-100,500,"sd","10:19:55",1046200
21400,-100,200,"sd","10:19:59",1046400
21400,-100,500,"bu","10:20:08",1046900
21400,-100,300,"sd","10:20:12",1047200
21400,-100,500,"sd","10:20:39",1047700
21350,-150,100,"sd","10:20:40",1047800
21350,-150,200,"bu","10:20:44",1048000
21400,-100,500,"bu","10:20:46",1048500
21400,-100,100,"bu","10:20:49",1048600
21400,-100,2000,"bu","10:21:18",1050600
21400,-100,1500,"bu","10:21:26",1052100
21400,-100,200,"sd","10:21:35",1052300
21400,-100,300,"bu","10:21:37",1052600
21350,-150,300,"bu","10:21:44",1052900
21400,-100,1000,"sd","10:22:04",1053900
21350,-150,200,"sd","10:22:33",1054100
21400,-100,1200,"bu","10:22:50",1055300
21400,-100,2000,"sd","10:23:01",1057300
21400,-100,500,"bu","10:23:06",1057800
21400,-100,100,"sd","10:23:17",1057900
21350,-150,300,"sd","10:23:45",1058200
21400,-100,100,"bu","10:24:01",1058300
21400,-100,1000,"bu","10:24:41",1059300
21350,-150,200,"sd","10:24:44",1059500
21400,-100,800,"bu","10:25:41",1060300
21350,-150,200,"sd","10:25:46",1060500
21400,-100,20100,"bu","10:25:50",1080600
21400,-100,300,"bu","10:25:55",1080900
21400,-100,5000,"sd","10:25:59",1085900
21400,-100,1000,"sd","10:26:19",1086900
21400,-100,300,"sd","10:26:26",1087200
21400,-100,3000,"sd","10:26:37",1090200
21400,-100,300,"sd","10:26:38",1090500
21400,-100,1200,"bu","10:26:52",1091700
21400,-100,10100,"bu","10:27:08",1101800
21400,-100,300,"bu","10:27:12",1102100
21400,-100,32000,"sd","10:27:19",1134100
21400,-100,500,"sd","10:27:38",1134600
21400,-100,200,"sd","10:27:46",1134800
21400,-100,1000,"bu","10:27:50",1135800
21400,-100,900,"bu","10:28:22",1136700
21400,-100,20800,"sd","10:28:36",1157500
21400,-100,1000,"bu","10:28:43",1158500
21400,-100,200,"bu","10:28:47",1158700
21400,-100,5000,"sd","10:29:19",1163700
21400,-100,200,"bu","10:29:46",1163900
21400,-100,300,"bu","10:30:01",1164200
21400,-100,1000,"sd","10:30:05",1165200
21400,-100,200,"sd","10:30:47",1165400
21400,-100,200,"sd","10:31:15",1165600
21400,-100,300,"sd","10:31:17",1165900
21400,-100,2000,"bu","10:31:20",1167900
21400,-100,200,"bu","10:31:48",1168100
21400,-100,100,"sd","10:32:32",1168200
21400,-100,200,"bu","10:32:47",1168400
21400,-100,1500,"sd","10:32:52",1169900
21400,-100,1500,"sd","10:33:21",1171400
21400,-100,200,"bu","10:33:48",1171600
21400,-100,7000,"bu","10:34:43",1178600
21400,-100,100,"bu","10:34:45",1178700
21450,-50,2000,"bu","10:34:46",1180700
21400,-100,200,"bu","10:34:48",1180900
21400,-100,300,"bu","10:34:53",1181200
21450,-50,2000,"sd","10:35:23",1183200
21400,-100,57300,"bu","10:35:43",1240500
21400,-100,3000,"bu","10:35:45",1243500
21400,-100,300,"bu","10:35:46",1243800
21350,-150,200,"bu","10:35:48",1244000
21400,-100,1000,"bu","10:35:49",1245000
21400,-100,200,"sd","10:35:58",1245200
21400,-100,700,"sd","10:36:05",1245900
21400,-100,5000,"sd","10:36:08",1250900
21400,-100,1000,"bu","10:36:09",1251900
21400,-100,1400,"sd","10:36:25",1253300
21400,-100,100,"sd","10:36:28",1253400
21400,-100,300,"bu","10:36:33",1253700
21400,-100,3000,"sd","10:36:34",1256700
21400,-100,50100,"sd","10:36:36",1306800
21400,-100,700,"bu","10:36:41",1307500
21400,-100,200,"bu","10:36:43",1307700
21400,-100,10000,"bu","10:36:47",1317700
21400,-100,300,"sd","10:36:49",1318000
21400,-100,400,"sd","10:36:51",1318400
21400,-100,200,"bu","10:36:55",1318600
21400,-100,3000,"bu","10:37:00",1321600
21400,-100,2000,"bu","10:37:02",1323600
21400,-100,500,"bu","10:37:03",1324100
21400,-100,1500,"bu","10:37:04",1325600
21400,-100,500,"sd","10:37:08",1326100
21350,-150,1100,"bu","10:37:49",1327200
21400,-100,500,"bu","10:38:11",1327700
21400,-100,300,"sd","10:38:16",1328000
21350,-150,600,"sd","10:38:19",1328600
21400,-100,1000,"bu","10:38:26",1329600
21400,-100,100,"sd","10:38:46",1329700
21350,-150,200,"sd","10:38:50",1329900
21400,-100,100,"bu","10:39:00",1330000
21400,-100,400,"bu","10:39:06",1330400
21400,-100,300,"bu","10:39:26",1330700
21400,-100,400,"sd","10:39:31",1331100
21400,-100,2300,"bu","10:39:46",1333400
21350,-150,200,"sd","10:39:49",1333600
21400,-100,1000,"bu","10:39:58",1334600
21350,-150,1700,"sd","10:40:02",1336300
21400,-100,700,"sd","10:40:41",1337000
21350,-150,200,"bu","10:40:50",1337200
21400,-100,400,"sd","10:40:59",1337600
21400,-100,5000,"bu","10:41:10",1342600
21400,-100,4400,"bu","10:41:24",1347000
21400,-100,10000,"sd","10:41:33",1357000
21400,-100,2000,"sd","10:41:40",1359000
21400,-100,200,"sd","10:41:47",1359200
21400,-100,1600,"sd","10:41:55",1360800
21400,-100,5000,"bu","10:42:27",1365800
21400,-100,1300,"sd","10:42:38",1367100
21400,-100,500,"bu","10:42:46",1367600
21400,-100,1000,"sd","10:42:51",1368600
21400,-100,700,"sd","10:42:52",1369300
21400,-100,500,"bu","10:43:01",1369800
21400,-100,200,"bu","10:43:42",1370000
21400,-100,4100,"bu","10:43:44",1374100
21400,-100,900,"bu","10:43:45",1375000
21400,-100,200,"sd","10:43:50",1375200
21400,-100,16800,"bu","10:43:54",1392000
21400,-100,100,"bu","10:43:58",1392100
21400,-100,900,"sd","10:44:04",1393000
21400,-100,400,"sd","10:44:06",1393400
21400,-100,1000,"sd","10:44:08",1394400
21400,-100,100,"bu","10:44:09",1394500
21400,-100,1500,"sd","10:45:05",1396000
21400,-100,1500,"bu","10:45:20",1397500
21400,-100,200,"sd","10:45:33",1397700
21400,-100,300,"sd","10:46:06",1398000
21350,-150,10500,"bu","10:46:52",1408500
21400,-100,300,"sd","10:47:06",1408800
21400,-100,100,"sd","10:47:09",1408900
21400,-100,700,"bu","10:47:28",1409600
21350,-150,200,"sd","10:47:52",1409800
21400,-100,700,"bu","10:48:30",1410500
21350,-150,200,"sd","10:48:53",1410700
21350,-150,200,"sd","10:49:53",1410900
21400,-100,200,"sd","10:50:07",1411100
21400,-100,1000,"bu","10:50:22",1412100
21400,-100,500,"bu","10:50:35",1412600
21350,-150,200,"bu","10:50:53",1412800
21400,-100,1000,"bu","10:50:55",1413800
21350,-150,1400,"sd","10:51:16",1415200
21350,-150,300,"sd","10:51:38",1415500
21400,-100,500,"bu","10:51:47",1416000
21350,-150,200,"sd","10:51:53",1416200
21400,-100,100,"sd","10:51:58",1416300
21400,-100,50000,"bu","10:52:22",1466300
21400,-100,500,"sd","10:52:28",1466800
21400,-100,2000,"bu","10:52:52",1468800
21350,-150,200,"sd","10:52:54",1469000
21400,-100,300,"bu","10:53:20",1469300
21400,-100,20000,"bu","10:53:37",1489300
21350,-150,200,"sd","10:53:53",1489500
21400,-100,700,"sd","10:53:55",1490200
21400,-100,1500,"bu","10:54:02",1491700
21400,-100,2000,"bu","10:54:14",1493700
21400,-100,1100,"bu","10:54:19",1494800
21350,-150,200,"sd","10:54:54",1495000
21400,-100,100,"bu","10:55:08",1495100
21350,-150,200,"sd","10:55:55",1495300
21400,-100,5000,"sd","10:56:00",1500300
21400,-100,200,"sd","10:56:04",1500500
21400,-100,2000,"bu","10:56:05",1502500
21350,-150,2000,"bu","10:56:11",1504500
21350,-150,1000,"bu","10:56:27",1505500
21350,-150,10000,"bu","10:56:41",1515500
21350,-150,200,"bu","10:56:55",1515700
21400,-100,2000,"sd","10:57:00",1517700
21350,-150,10000,"bu","10:57:30",1527700
21350,-150,200,"bu","10:57:55",1527900
21400,-100,100,"sd","10:58:07",1528000
21350,-150,300,"bu","10:58:55",1528300
21350,-150,300,"sd","10:59:16",1528600
21400,-100,600,"sd","10:59:20",1529200
21350,-150,200,"bu","10:59:56",1529400
21350,-150,500,"bu","11:00:39",1529900
21350,-150,200,"bu","11:00:56",1530100
21400,-100,500,"sd","11:01:28",1530600
21350,-150,100,"sd","11:01:32",1530700
21350,-150,300,"bu","11:01:36",1531000
21400,-100,200,"sd","11:01:42",1531200
21400,-100,700,"sd","11:01:56",1531900
21350,-150,400,"bu","11:02:10",1532300
21350,-150,5000,"sd","11:02:49",1537300
21350,-150,4000,"bu","11:02:52",1541300
21350,-150,2200,"sd","11:03:29",1543500
21350,-150,500,"sd","11:03:36",1544000
21350,-150,2200,"sd","11:03:56",1546200
21350,-150,500,"sd","11:04:21",1546700
21400,-100,100,"bu","11:04:31",1546800
21400,-100,3000,"bu","11:04:46",1549800
21400,-100,2000,"bu","11:04:49",1551800
21350,-150,200,"bu","11:04:57",1552000
21400,-100,10200,"bu","11:05:58",1562200
21400,-100,300,"bu","11:06:15",1562500
21400,-100,2000,"sd","11:06:33",1564500
21400,-100,500,"bu","11:06:42",1565000
21350,-150,700,"bu","11:06:58",1565700
21350,-150,100,"sd","11:07:20",1565800
21350,-150,200,"bu","11:07:58",1566000
21350,-150,2000,"bu","11:08:56",1568000
21350,-150,200,"bu","11:08:58",1568200
21400,-100,100,"bu","11:09:42",1568300
21350,-150,200,"bu","11:09:59",1568500
21350,-150,20000,"bu","11:10:49",1588500
21350,-150,30000,"sd","11:10:58",1618500
21350,-150,3200,"bu","11:10:59",1621700
21350,-150,1000,"bu","11:11:11",1622700
21400,-100,100,"bu","11:11:13",1622800
21350,-150,200,"bu","11:11:59",1623000
21350,-150,500,"sd","11:12:41",1623500
21350,-150,200,"bu","11:12:59",1623700
21350,-150,1200,"bu","11:14:10",1624900
21350,-150,200,"sd","11:15:00",1625100
21350,-150,500,"sd","11:15:35",1625600
21350,-150,200,"bu","11:16:00",1625800
21350,-150,100,"sd","11:16:04",1625900
21350,-150,3000,"bu","11:16:53",1628900
21350,-150,200,"sd","11:17:01",1629100
21350,-150,300,"bu","11:17:07",1629400
21350,-150,1000,"bu","11:17:21",1630400
21350,-150,1000,"sd","11:17:25",1631400
21350,-150,200,"sd","11:18:01",1631600
21400,-100,1000,"bu","11:18:05",1632600
21350,-150,2000,"bu","11:18:57",1634600
21350,-150,200,"sd","11:19:01",1634800
21400,-100,500,"sd","11:20:04",1635300
21400,-100,7300,"bu","11:20:58",1642600
21350,-150,4200,"sd","11:21:29",1646800
21350,-150,200,"bu","11:22:02",1647000
21400,-100,100,"sd","11:22:20",1647100
21350,-150,200,"sd","11:23:03",1647300
21350,-150,100,"sd","11:23:08",1647400
21350,-150,600,"sd","11:23:25",1648000
21400,-100,500,"sd","11:23:43",1648500
21350,-150,200,"bu","11:24:03",1648700
21350,-150,500,"sd","11:24:05",1649200
21350,-150,700,"sd","11:24:10",1649900
21350,-150,9300,"sd","11:24:11",1659200
21400,-100,500,"bu","11:24:23",1659700
21400,-100,200,"bu","11:24:50",1659900
21350,-150,700,"sd","11:25:06",1660600
21400,-100,200,"sd","11:25:27",1660800
21350,-150,700,"bu","11:25:31",1661500
21350,-150,200,"sd","11:26:03",1661700
21350,-150,3000,"bu","11:26:46",1664700
21350,-150,200,"sd","11:26:54",1664900
21350,-150,500,"sd","11:27:38",1665400
21350,-150,1300,"sd","11:28:36",1666700
21350,-150,5000,"bu","11:28:53",1671700
21350,-150,1500,"sd","11:29:45",1673200
21350,-150,100,"sd","13:00:03",1673300
21400,-100,500,"bu","13:00:31",1673800
21350,-150,400,"sd","13:00:31",1674200
21350,-150,10100,"bu","13:00:32",1684300
21350,-150,300,"bu","13:00:33",1684600
21350,-150,4600,"bu","13:00:39",1689200
21350,-150,5000,"sd","13:00:40",1694200
21350,-150,2000,"bu","13:00:42",1696200
21350,-150,500,"sd","13:00:42",1696700
21350,-150,300,"sd","13:00:44",1697000
21350,-150,17300,"bu","13:00:45",1714300
21350,-150,1000,"bu","13:00:47",1715300
21350,-150,400,"sd","13:00:48",1715700
21350,-150,100,"sd","13:00:49",1715800
21350,-150,3200,"sd","13:00:54",1719000
21350,-150,100,"bu","13:00:56",1719100
21300,-200,300,"sd","13:00:59",1719400
21350,-150,100,"bu","13:01:00",1719500
21300,-200,200,"sd","13:01:19",1719700
21300,-200,300,"sd","13:02:04",1720000
21300,-200,900,"bu","13:02:12",1720900
21300,-200,400,"sd","13:02:30",1721300
21300,-200,1000,"sd","13:02:34",1722300
21350,-150,1600,"bu","13:02:49",1723900
21300,-200,200,"bu","13:02:50",1724100
21300,-200,100,"sd","13:02:57",1724200
21350,-150,1000,"sd","13:03:14",1725200
21350,-150,2500,"sd","13:03:29",1727700
21300,-200,100,"bu","13:03:31",1727800
21300,-200,200,"sd","13:03:35",1728000
21350,-150,100,"sd","13:03:49",1728100
21300,-200,2300,"sd","13:03:52",1730400
21300,-200,60000,"sd","13:03:55",1790400
21350,-150,500,"bu","13:04:01",1790900
21350,-150,1000,"sd","13:04:09",1791900
21300,-200,300,"sd","13:04:20",1792200
21300,-200,600,"sd","13:04:56",1792800
21300,-200,200,"sd","13:05:05",1793000
21350,-150,100,"sd","13:05:42",1793100
21300,-200,300,"bu","13:05:51",1793400
21350,-150,100,"bu","13:06:20",1793500
21350,-150,3000,"bu","13:06:30",1796500
21300,-200,200,"bu","13:06:36",1796700
21350,-150,1000,"sd","13:06:44",1797700
21350,-150,1100,"bu","13:06:56",1798800
21300,-200,300,"bu","13:07:21",1799100
21350,-150,1200,"sd","13:07:40",1800300
21300,-200,1300,"bu","13:08:06",1801600
21300,-200,5000,"sd","13:08:08",1806600
21300,-200,200,"bu","13:08:51",1806800
21350,-150,2000,"bu","13:08:52",1808800
21350,-150,100,"sd","13:09:16",1808900
21300,-200,300,"bu","13:09:36",1809200
21350,-150,1200,"bu","13:09:47",1810400
21350,-150,2000,"sd","13:10:13",1812400
21300,-200,200,"bu","13:10:21",1812600
21350,-150,500,"bu","13:10:49",1813100
21300,-200,100,"bu","13:10:50",1813200
21300,-200,800,"bu","13:10:56",1814000
21350,-150,5000,"bu","13:11:02",1819000
21300,-200,200,"bu","13:11:07",1819200
21300,-200,2000,"sd","13:11:46",1821200
21300,-200,300,"sd","13:11:52",1821500
21350,-150,1000,"sd","13:11:54",1822500
21350,-150,5700,"sd","13:12:07",1828200
21350,-150,300,"sd","13:12:19",1828500
21350,-150,1700,"bu","13:12:23",1830200
21300,-200,2400,"sd","13:12:26",1832600
21350,-150,5000,"bu","13:12:30",1837600
21350,-150,100,"sd","13:12:34",1837700
21300,-200,200,"sd","13:12:37",1837900
21300,-200,300,"bu","13:13:22",1838200
21350,-150,100,"bu","13:13:35",1838300
21300,-200,800,"bu","13:14:07",1839100
21350,-150,200,"sd","13:14:08",1839300
21350,-150,600,"bu","13:14:13",1839900
21350,-150,2700,"sd","13:14:27",1842600
21350,-150,2200,"bu","13:14:29",1844800
21350,-150,500,"bu","13:14:35",1845300
21350,-150,600,"bu","13:14:44",1845900
21350,-150,500,"bu","13:14:48",1846400
21300,-200,2200,"bu","13:14:54",1848600
21300,-200,1100,"bu","13:15:08",1849700
21350,-150,200,"bu","13:15:11",1849900
21300,-200,8000,"sd","13:15:31",1857900
21350,-150,500,"sd","13:15:36",1858400
21300,-200,300,"sd","13:15:38",1858700
21350,-150,200,"bu","13:15:44",1858900
21350,-150,700,"sd","13:16:01",1859600
21300,-200,500,"bu","13:16:08",1860100
21350,-150,400,"bu","13:16:54",1860500
21350,-150,1500,"bu","13:16:59",1862000
21300,-200,300,"sd","13:17:08",1862300
21350,-150,1600,"bu","13:17:51",1863900
21300,-200,200,"sd","13:17:53",1864100
21300,-200,1400,"sd","13:18:05",1865500
21350,-150,4000,"sd","13:18:13",1869500
21300,-200,1000,"sd","13:18:25",1870500
21350,-150,300,"sd","13:18:30",1870800
21350,-150,200,"sd","13:18:37",1871000
21350,-150,2300,"sd","13:18:44",1873300
21350,-150,5000,"bu","13:18:46",1878300
21350,-150,100,"bu","13:18:55",1878400
21350,-150,2000,"sd","13:19:02",1880400
21350,-150,800,"sd","13:19:07",1881200
21300,-200,2000,"bu","13:19:11",1883200
21300,-200,200,"bu","13:19:24",1883400
21350,-150,500,"bu","13:19:28",1883900
21350,-150,100,"bu","13:19:43",1884000
21300,-200,6100,"bu","13:19:47",1890100
21350,-150,5000,"bu","13:20:03",1895100
21350,-150,3200,"bu","13:20:09",1898300
21350,-150,15600,"sd","13:20:10",1913900
21350,-150,7300,"sd","13:20:16",1921200
21350,-150,1000,"sd","13:20:19",1922200
21350,-150,400,"bu","13:20:22",1922600
21350,-150,18000,"bu","13:20:24",1940600
21350,-150,2000,"sd","13:20:26",1942600
21350,-150,5000,"bu","13:20:30",1947600
21350,-150,3000,"bu","13:20:32",1950600
21350,-150,500,"bu","13:20:33",1951100
21350,-150,3500,"bu","13:20:35",1954600
21350,-150,500,"bu","13:20:36",1955100
21350,-150,100,"sd","13:20:37",1955200
21350,-150,400,"sd","13:20:39",1955600
21350,-150,3000,"sd","13:20:41",1958600
21350,-150,1200,"sd","13:20:45",1959800
21350,-150,300,"sd","13:20:54",1960100
21350,-150,100,"bu","13:20:56",1960200
21350,-150,2000,"sd","13:21:02",1962200
21350,-150,200,"sd","13:21:39",1962400
21350,-150,800,"sd","13:21:59",1963200
21350,-150,2000,"sd","13:22:00",1965200
21350,-150,400,"bu","13:22:14",1965600
21350,-150,300,"sd","13:22:25",1965900
21350,-150,100,"sd","13:22:32",1966000
21350,-150,2000,"bu","13:23:00",1968000
21350,-150,200,"sd","13:23:11",1968200
21350,-150,500,"sd","13:23:13",1968700
21400,-100,100,"bu","13:23:30",1968800
21400,-100,500,"sd","13:23:37",1969300
21400,-100,700,"bu","13:23:44",1970000
21350,-150,900,"bu","13:23:55",1970900
21400,-100,5000,"sd","13:23:56",1975900
21400,-100,5000,"sd","13:24:02",1980900
21400,-100,100,"bu","13:24:03",1981000
21400,-100,200,"bu","13:24:04",1981200
21400,-100,5500,"sd","13:24:22",1986700
21400,-100,100,"sd","13:24:27",1986800
21400,-100,400,"bu","13:24:33",1987200
21400,-100,1300,"sd","13:24:53",1988500
21400,-100,10000,"bu","13:24:54",1998500
21400,-100,700,"sd","13:24:56",1999200
21400,-100,400,"bu","13:25:01",1999600
21400,-100,100,"bu","13:25:02",1999700
21400,-100,200,"sd","13:25:03",1999900
21400,-100,400,"sd","13:25:04",2000300
21400,-100,5000,"sd","13:25:06",2005300
21400,-100,500,"bu","13:25:08",2005800
21350,-150,300,"sd","13:25:14",2006100
21400,-100,1000,"sd","13:25:19",2007100
21350,-150,200,"sd","13:25:25",2007300
21400,-100,3900,"bu","13:25:33",2011200
21400,-100,1000,"sd","13:25:37",2012200
21400,-100,500,"sd","13:25:38",2012700
21400,-100,10000,"sd","13:25:51",2022700
21400,-100,2200,"sd","13:25:53",2024900
21400,-100,1500,"bu","13:25:56",2026400
21400,-100,3600,"sd","13:26:09",2030000
21350,-150,800,"bu","13:26:11",2030800
21400,-100,1600,"bu","13:26:38",2032400
21400,-100,1300,"sd","13:26:43",2033700
21400,-100,500,"sd","13:26:44",2034200
21400,-100,3000,"bu","13:26:53",2037200
21400,-100,300,"sd","13:26:54",2037500
21400,-100,100,"sd","13:26:55",2037600
21350,-150,300,"bu","13:26:56",2037900
21400,-100,1000,"bu","13:26:57",2038900
21400,-100,300,"bu","13:26:59",2039200
21400,-100,1100,"bu","13:27:02",2040300
21400,-100,10000,"bu","13:27:05",2050300
21400,-100,1000,"sd","13:27:07",2051300
21400,-100,1200,"bu","13:27:08",2052500
21400,-100,100,"bu","13:27:09",2052600
21400,-100,1000,"sd","13:27:14",2053600
21400,-100,3000,"sd","13:27:17",2056600
21400,-100,100,"sd","13:27:18",2056700
21400,-100,1100,"bu","13:27:21",2057800
21400,-100,15300,"sd","13:27:28",2073100
21400,-100,200,"sd","13:27:41",2073300
21400,-100,300,"sd","13:27:50",2073600
21400,-100,200,"bu","13:28:15",2073800
21400,-100,2300,"sd","13:28:26",2076100
21450,-50,100,"sd","13:28:27",2076200
21450,-50,400,"bu","13:28:28",2076600
21450,-50,1000,"bu","13:28:31",2077600
21450,-50,100,"bu","13:28:38",2077700
21450,-50,2500,"sd","13:28:42",2080200
21450,-50,100,"bu","13:28:44",2080300
21450,-50,22300,"bu","13:28:45",2102600
21450,-50,2000,"sd","13:28:46",2104600
21450,-50,4000,"sd","13:28:54",2108600
21450,-50,1000,"bu","13:28:57",2109600
21450,-50,2100,"sd","13:28:59",2111700
21450,-50,3000,"sd","13:29:07",2114700
21450,-50,100,"sd","13:29:08",2114800
21400,-100,200,"sd","13:29:12",2115000
21450,-50,4000,"bu","13:29:16",2119000
21450,-50,2000,"sd","13:29:18",2121000
21450,-50,500,"sd","13:29:19",2121500
21400,-100,1500,"bu","13:29:21",2123000
21450,-50,300,"sd","13:29:27",2123300
21400,-100,1000,"sd","13:29:28",2124300
21450,-50,100,"bu","13:29:39",2124400
21450,-50,10000,"bu","13:29:49",2134400
21450,-50,200,"sd","13:29:51",2134600
21400,-100,300,"sd","13:29:57",2134900
21450,-50,5000,"sd","13:29:59",2139900
21400,-100,5200,"sd","13:30:42",2145100
21450,-50,34800,"bu","13:31:21",2179900
21400,-100,300,"bu","13:31:27",2180200
21450,-50,4000,"sd","13:31:38",2184200
21450,-50,3500,"bu","13:31:52",2187700
21450,-50,1800,"bu","13:32:17",2189500
21450,-50,2000,"sd","13:32:19",2191500
21450,-50,1000,"sd","13:32:23",2192500
21450,-50,1600,"bu","13:32:25",2194100
21450,-50,100,"sd","13:32:26",2194200
21450,-50,4000,"bu","13:32:42",2198200
21450,-50,3500,"bu","13:32:50",2201700
21400,-100,200,"bu","13:32:58",2201900
21450,-50,100,"bu","13:33:04",2202000
21450,-50,500,"bu","13:33:23",2202500
21450,-50,300,"bu","13:33:28",2202800
21450,-50,500,"sd","13:33:30",2203300
21450,-50,2000,"bu","13:33:35",2205300
21400,-100,300,"bu","13:33:42",2205600
21400,-100,100,"bu","13:33:59",2205700
21450,-50,500,"sd","13:34:10",2206200
21450,-50,2700,"sd","13:34:20",2208900
21450,-50,1000,"bu","13:34:25",2209900
21400,-100,200,"sd","13:34:29",2210100
21450,-50,500,"bu","13:34:37",2210600
21450,-50,1000,"bu","13:34:38",2211600
21450,-50,500,"bu","13:34:50",2212100
21450,-50,1000,"sd","13:35:04",2213100
21400,-100,1300,"bu","13:35:13",2214400
21450,-50,100,"sd","13:35:39",2214500
21400,-100,200,"sd","13:35:58",2214700
21400,-100,1500,"sd","13:36:14",2216200
21400,-100,200,"sd","13:36:43",2216400
21400,-100,300,"bu","13:36:49",2216700
21400,-100,200,"bu","13:36:57",2216900
21450,-50,1000,"bu","13:37:15",2217900
21400,-100,300,"bu","13:37:28",2218200
21400,-100,100,"bu","13:37:30",2218300
21450,-50,600,"bu","13:37:40",2218900
21450,-50,1300,"sd","13:38:20",2220200
21400,-100,3000,"bu","13:38:30",2223200
21400,-100,200,"sd","13:38:54",2223400
21400,-100,300,"bu","13:38:59",2223700
21400,-100,800,"bu","13:39:14",2224500
21400,-100,200,"sd","13:39:44",2224700
21400,-100,300,"bu","13:39:56",2225000
21450,-50,2800,"sd","13:39:57",2227800
21450,-50,100,"bu","13:40:28",2227900
21400,-100,200,"bu","13:40:29",2228100
21400,-100,1000,"sd","13:40:38",2229100
21450,-50,5000,"bu","13:40:49",2234100
21400,-100,20000,"bu","13:40:53",2254100
21450,-50,1000,"sd","13:40:55",2255100
21400,-100,300,"bu","13:41:14",2255400
21450,-50,500,"sd","13:41:19",2255900
21450,-50,100,"bu","13:41:22",2256000
21450,-50,1000,"sd","13:41:36",2257000
21400,-100,1000,"bu","13:41:38",2258000
21450,-50,5000,"sd","13:41:39",2263000
21450,-50,500,"bu","13:41:52",2263500
21450,-50,100,"bu","13:41:56",2263600
21400,-100,200,"sd","13:41:59",2263800
21450,-50,200,"bu","13:42:03",2264000
21450,-50,400,"sd","13:42:04",2264400
21450,-50,2800,"bu","13:42:08",2267200
21450,-50,3000,"sd","13:42:11",2270200
21450,-50,800,"sd","13:42:20",2271000
21450,-50,10000,"sd","13:42:21",2281000
21450,-50,2500,"bu","13:42:36",2283500
21450,-50,100,"bu","13:42:40",2283600
21400,-100,3300,"bu","13:42:46",2286900
21450,-50,200,"bu","13:42:47",2287100
21400,-100,500,"sd","13:42:48",2287600
21450,-50,10000,"sd","13:42:51",2297600
21450,-50,100,"sd","13:42:52",2297700
21450,-50,1000,"bu","13:42:55",2298700
21450,-50,100,"sd","13:43:00",2298800
21450,-50,400,"sd","13:43:05",2299200
21450,-50,2000,"bu","13:43:10",2301200
21450,-50,5000,"bu","13:43:12",2306200
21450,-50,10000,"bu","13:43:14",2316200
21450,-50,1600,"bu","13:43:16",2317800
21450,-50,9900,"bu","13:43:22",2327700
21450,-50,500,"sd","13:43:24",2328200
21450,-50,200,"bu","13:43:31",2328400
21450,-50,100,"bu","13:43:37",2328500
21450,-50,200,"bu","13:43:38",2328700
21500,0,500,"sd","13:43:43",2329200
21500,0,100,"bu","13:44:09",2329300
21450,-50,200,"bu","13:44:15",2329500
21500,0,500,"sd","13:44:27",2330000
21500,0,10000,"bu","13:44:28",2340000
21500,0,200,"sd","13:44:33",2340200
21500,0,2000,"sd","13:44:35",2342200
21450,-50,2000,"bu","13:44:39",2344200
21500,0,2000,"sd","13:44:45",2346200
21500,0,1000,"bu","13:44:58",2347200
21450,-50,300,"bu","13:45:00",2347500
21450,-50,500,"bu","13:45:08",2348000
21500,0,1500,"sd","13:45:27",2349500
21500,0,4100,"sd","13:45:28",2353600
21450,-50,500,"bu","13:45:43",2354100
21450,-50,200,"bu","13:45:46",2354300
21450,-50,2300,"bu","13:46:32",2356600
21450,-50,500,"sd","13:46:48",2357100
21450,-50,18000,"bu","13:47:08",2375100
21450,-50,200,"bu","13:47:17",2375300
21450,-50,300,"sd","13:47:20",2375600
21500,0,200,"bu","13:47:27",2375800
21500,0,2500,"bu","13:47:34",2378300
21500,0,200,"sd","13:47:50",2378500
21500,0,1000,"bu","13:47:52",2379500
21450,-50,10000,"sd","13:47:56",2389500
21450,-50,300,"bu","13:48:02",2389800
21450,-50,500,"sd","13:48:37",2390300
21500,0,100,"bu","13:48:44",2390400
21450,-50,200,"sd","13:48:47",2390600
21500,0,400,"bu","13:48:52",2391000
21450,-50,50000,"sd","13:48:59",2441000
21500,0,2000,"sd","13:49:02",2443000
21500,0,100,"sd","13:49:03",2443100
21500,0,2000,"bu","13:49:07",2445100
21450,-50,5000,"bu","13:49:11",2450100
21450,-50,200,"bu","13:49:15",2450300
21500,0,1200,"bu","13:49:32",2451500
21450,-50,5200,"sd","13:49:39",2456700
21450,-50,1000,"sd","13:49:47",2457700
21450,-50,15100,"sd","13:50:03",2472800
21450,-50,1500,"sd","13:50:09",2474300
21450,-50,1900,"sd","13:50:13",2476200
21450,-50,300,"bu","13:50:17",2476500
21450,-50,7100,"bu","13:50:19",2483600
21450,-50,1400,"bu","13:50:20",2485000
21450,-50,900,"bu","13:50:21",2485900
21450,-50,1100,"bu","13:50:22",2487000
21500,0,3000,"sd","13:50:24",2490000
21450,-50,600,"bu","13:50:36",2490600
21450,-50,100,"sd","13:50:49",2490700
21450,-50,500,"sd","13:50:55",2491200
21500,0,100,"bu","13:50:58",2491300
21450,-50,200,"sd","13:51:03",2491500
21450,-50,700,"sd","13:51:10",2492200
21450,-50,4500,"sd","13:51:26",2496700
21450,-50,5000,"bu","13:51:29",2501700
21450,-50,5000,"sd","13:51:33",2506700
21450,-50,400,"bu","13:52:08",2507100
21450,-50,2400,"sd","13:52:18",2509500
21450,-50,100,"bu","13:52:25",2509600
21450,-50,2400,"sd","13:52:26",2512000
21450,-50,200,"sd","13:52:28",2512200
21450,-50,1000,"bu","13:52:29",2513200
21450,-50,700,"sd","13:52:33",2513900
21450,-50,200,"sd","13:52:34",2514100
21450,-50,5100,"bu","13:52:36",2519200
21450,-50,5100,"sd","13:52:40",2524300
21450,-50,4000,"sd","13:52:45",2528300
21450,-50,1000,"sd","13:52:55",2529300
21450,-50,2000,"bu","13:53:01",2531300
21450,-50,700,"bu","13:53:05",2532000
21450,-50,500,"bu","13:53:13",2532500
21450,-50,400,"bu","13:53:17",2532900
21450,-50,61000,"bu","13:53:24",2593900
21450,-50,100,"sd","13:53:25",2594000
21450,-50,1100,"bu","13:53:26",2595100
21450,-50,100,"sd","13:53:34",2595200
21450,-50,1000,"sd","13:53:36",2596200
21450,-50,8900,"bu","13:53:39",2605100
21450,-50,3100,"sd","13:53:41",2608200
21450,-50,500,"bu","13:53:50",2608700
21450,-50,2400,"sd","13:53:52",2611100
21400,-100,10000,"sd","13:53:53",2621100
21400,-100,300,"bu","13:54:02",2621400
21450,-50,500,"bu","13:54:31",2621900
21450,-50,1000,"sd","13:54:46",2622900
21450,-50,6000,"sd","13:54:49",2628900
21400,-100,1000,"sd","13:54:56",2629900
21450,-50,1300,"sd","13:55:19",2631200
21450,-50,100,"bu","13:55:22",2631300
21400,-100,300,"bu","13:55:33",2631600
21400,-100,1500,"sd","13:55:47",2633100
21450,-50,3000,"bu","13:55:56",2636100
21400,-100,1700,"bu","13:56:02",2637800
21400,-100,200,"sd","13:56:19",2638000
21400,-100,900,"sd","13:56:42",2638900
21400,-100,1600,"bu","13:56:58",2640500
21400,-100,200,"sd","13:57:04",2640700
21400,-100,900,"bu","13:57:29",2641600
21400,-100,4800,"bu","13:57:48",2646400
21400,-100,10000,"bu","13:57:49",2656400
21400,-100,5000,"bu","13:58:07",2661400
21400,-100,20000,"sd","13:58:28",2681400
21400,-100,200,"bu","13:58:34",2681600
21400,-100,500,"bu","13:58:37",2682100
21450,-50,1000,"bu","13:58:51",2683100
21450,-50,1500,"sd","13:59:18",2684600
21400,-100,200,"bu","13:59:20",2684800
21400,-100,7000,"bu","13:59:22",2691800
21400,-100,400,"sd","13:59:25",2692200
21400,-100,500,"sd","13:59:52",2692700
21400,-100,38000,"bu","14:00:00",2730700
21400,-100,300,"sd","14:00:07",2731000
21450,-50,1000,"bu","14:00:11",2732000
21450,-50,3800,"sd","14:00:51",2735800
21450,-50,700,"sd","14:01:35",2736500
21450,-50,1000,"bu","14:01:43",2737500
21450,-50,4500,"sd","14:01:46",2742000
21450,-50,100,"bu","14:01:48",2742100
21450,-50,500,"bu","14:01:50",2742600
21450,-50,100,"bu","14:02:24",2742700
21450,-50,2100,"sd","14:02:54",2744800
21450,-50,500,"bu","14:03:11",2745300
21450,-50,100,"sd","14:03:24",2745400
21450,-50,200,"sd","14:03:26",2745600
21400,-100,100,"bu","14:03:35",2745700
21400,-100,500,"sd","14:03:47",2746200
21400,-100,3000,"bu","14:03:57",2749200
21400,-100,500,"bu","14:04:13",2749700
21400,-100,2900,"sd","14:04:56",2752600
21450,-50,1000,"bu","14:05:07",2753600
21450,-50,2100,"bu","14:05:24",2755700
21450,-50,200,"bu","14:05:25",2755900
21450,-50,3500,"sd","14:05:30",2759400
21450,-50,6600,"bu","14:05:39",2766000
21450,-50,500,"bu","14:05:47",2766500
21450,-50,100,"bu","14:05:52",2766600
21450,-50,2100,"bu","14:06:01",2768700
21450,-50,4000,"sd","14:06:04",2772700
21450,-50,4000,"bu","14:06:10",2776700
21450,-50,5000,"bu","14:06:12",2781700
21450,-50,10000,"sd","14:06:18",2791700
21450,-50,1000,"bu","14:06:20",2792700
21450,-50,2300,"bu","14:06:21",2795000
21450,-50,500,"bu","14:06:28",2795500
21450,-50,7500,"sd","14:06:34",2803000
21450,-50,8500,"sd","14:06:39",2811500
21400,-100,2000,"bu","14:06:40",2813500
21450,-50,200,"bu","14:06:43",2813700
21450,-50,300,"bu","14:06:51",2814000
21450,-50,11500,"bu","14:06:55",2825500
21450,-50,6000,"sd","14:06:58",2831500
21450,-50,12000,"sd","14:07:01",2843500
21450,-50,400,"sd","14:07:02",2843900
21450,-50,1700,"sd","14:07:04",2845600
21450,-50,2000,"sd","14:07:07",2847600
21450,-50,600,"sd","14:07:18",2848200
21450,-50,2000,"sd","14:07:21",2850200
21450,-50,300,"sd","14:07:25",2850500
21450,-50,500,"sd","14:07:34",2851000
21450,-50,200,"sd","14:07:36",2851200
21500,0,4800,"bu","14:07:55",2856000
21500,0,800,"sd","14:07:59",2856800
21450,-50,1900,"sd","14:08:00",2858700
21450,-50,100,"sd","14:08:35",2858800
21450,-50,3100,"bu","14:09:05",2861900
21450,-50,1000,"bu","14:09:08",2862900
21500,0,200,"sd","14:09:20",2863100
21450,-50,2000,"sd","14:09:23",2865100
21450,-50,100,"sd","14:09:38",2865200
21450,-50,1500,"bu","14:09:41",2866700
21450,-50,2000,"bu","14:09:45",2868700
21450,-50,200,"bu","14:09:49",2868900
21450,-50,10000,"bu","14:09:56",2878900
21450,-50,20000,"bu","14:09:57",2898900
21450,-50,4000,"bu","14:10:13",2902900
21450,-50,1700,"sd","14:10:16",2904600
21450,-50,300,"sd","14:10:29",2904900
21500,0,2900,"bu","14:10:35",2907800
21450,-50,21500,"bu","14:10:46",2929300
21450,-50,5000,"bu","14:11:03",2934300
21450,-50,9000,"sd","14:11:08",2943300
21500,0,10000,"bu","14:11:09",2953300
21450,-50,3900,"bu","14:11:11",2957200
21500,0,3500,"bu","14:11:21",2960700
21450,-50,500,"bu","14:11:22",2961200
21500,0,10000,"sd","14:11:27",2971200
21500,0,200,"bu","14:11:33",2971400
21450,-50,1000,"bu","14:11:36",2972400
21500,0,10500,"bu","14:11:43",2982900
21500,0,1000,"bu","14:11:56",2983900
21500,0,1000,"sd","14:11:57",2984900
21500,0,11900,"sd","14:12:17",2996800
21500,0,2000,"bu","14:12:23",2998800
21500,0,1000,"sd","14:12:25",2999800
21500,0,200,"sd","14:12:27",3000000
21500,0,500,"sd","14:12:32",3000500
21500,0,2000,"sd","14:12:55",3002500
21500,0,3000,"sd","14:13:07",3005500
21500,0,1000,"sd","14:13:11",3006500
21500,0,400,"bu","14:13:14",3006900
21500,0,10300,"sd","14:13:21",3017200
21450,-50,10000,"sd","14:13:31",3027200
21450,-50,2000,"sd","14:13:36",3029200
21500,0,20000,"sd","14:13:42",3049200
21450,-50,100,"sd","14:13:45",3049300
21500,0,24000,"bu","14:14:08",3073300
21500,0,500,"bu","14:14:18",3073800
21500,0,100,"bu","14:14:21",3073900
21500,0,600,"bu","14:14:30",3074500
21500,0,5000,"bu","14:14:33",3079500
21450,-50,9700,"sd","14:14:35",3089200
21450,-50,100,"bu","14:14:42",3089300
21500,0,1000,"sd","14:14:48",3090300
21500,0,200,"bu","14:14:58",3090500
21500,0,20000,"sd","14:15:02",3110500
21500,0,20000,"sd","14:15:04",3130500
21500,0,22700,"sd","14:15:15",3153200
21450,-50,100,"bu","14:15:17",3153300
21500,0,10300,"bu","14:15:21",3163600
21500,0,10000,"bu","14:15:26",3173600
21500,0,700,"sd","14:15:29",3174300
21500,0,3600,"sd","14:15:47",3177900
21500,0,3000,"sd","14:15:51",3180900
21450,-50,4000,"sd","14:15:52",3184900
21500,0,5000,"sd","14:15:56",3189900
21500,0,1000,"bu","14:16:08",3190900
21500,0,1000,"bu","14:16:13",3191900
21500,0,3000,"sd","14:16:25",3194900
21500,0,400,"bu","14:16:28",3195300
21450,-50,300,"bu","14:16:30",3195600
21500,0,16000,"sd","14:16:31",3211600
21500,0,1400,"bu","14:16:33",3213000
21500,0,10000,"sd","14:16:34",3223000
21450,-50,3500,"sd","14:16:36",3226500
21500,0,1100,"bu","14:16:37",3227600
21500,0,2100,"sd","14:16:39",3229700
21500,0,5000,"bu","14:16:42",3234700
21500,0,2000,"sd","14:16:44",3236700
21500,0,2000,"sd","14:16:45",3238700
21500,0,1000,"bu","14:16:47",3239700
21500,0,14800,"bu","14:16:48",3254500
21500,0,100,"bu","14:16:49",3254600
21500,0,4000,"sd","14:16:52",3258600
21500,0,500,"sd","14:16:54",3259100
21450,-50,5100,"sd","14:16:57",3264200
21500,0,300,"sd","14:16:58",3264500
21500,0,20000,"sd","14:17:01",3284500
21500,0,15500,"bu","14:17:04",3300000
21500,0,2900,"bu","14:17:06",3302900
21500,0,3000,"bu","14:17:10",3305900
21500,0,4500,"sd","14:17:15",3310400
21500,0,5600,"bu","14:17:16",3316000
21500,0,500,"sd","14:17:28",3316500
21550,50,100,"sd","14:17:35",3316600
21500,0,1000,"sd","14:17:36",3317600
21500,0,14100,"bu","14:17:37",3331700
21500,0,4500,"bu","14:17:43",3336200
21500,0,500,"bu","14:17:46",3336700
21500,0,100,"bu","14:17:48",3336800
21500,0,22900,"bu","14:17:53",3359700
21550,50,5300,"bu","14:17:56",3365000
21500,0,2000,"sd","14:18:03",3367000
21500,0,44000,"bu","14:18:07",3411000
21500,0,15500,"bu","14:18:12",3426500
21500,0,500,"bu","14:18:16",3427000
21500,0,3900,"sd","14:18:24",3430900
21500,0,1000,"bu","14:18:28",3431900
21500,0,500,"bu","14:18:31",3432400
21500,0,1000,"bu","14:18:38",3433400
21450,-50,200,"sd","14:18:45",3433600
21500,0,700,"sd","14:18:49",3434300
21500,0,200,"bu","14:18:58",3434500
21500,0,500,"bu","14:19:03",3435000
21500,0,10000,"bu","14:19:05",3445000
21500,0,1300,"bu","14:19:13",3446300
21500,0,800,"bu","14:19:18",3447100
21500,0,500,"sd","14:19:21",3447600
21500,0,12000,"bu","14:19:35",3459600
21500,0,5300,"sd","14:19:45",3464900
21450,-50,2900,"sd","14:19:48",3467800
21500,0,500,"sd","14:19:55",3468300
21500,0,22000,"bu","14:20:00",3490300
21500,0,1300,"sd","14:20:09",3491600
21450,-50,2500,"bu","14:20:17",3494100
21500,0,2500,"bu","14:20:19",3496600
21500,0,5000,"sd","14:20:22",3501600
21500,0,3000,"sd","14:20:28",3504600
21500,0,200,"bu","14:20:30",3504800
21500,0,500,"sd","14:20:45",3505300
21450,-50,100,"sd","14:20:50",3505400
21450,-50,400,"sd","14:21:03",3505800
21500,0,300,"bu","14:21:04",3506100
21500,0,10700,"bu","14:21:10",3516800
21500,0,29300,"sd","14:21:12",3546100
21500,0,2600,"sd","14:21:16",3548700
21500,0,1000,"sd","14:21:17",3549700
21500,0,2000,"bu","14:21:21",3551700
21500,0,5000,"bu","14:21:22",3556700
21500,0,2000,"sd","14:21:43",3558700
21500,0,3000,"sd","14:21:48",3561700
21500,0,5000,"bu","14:21:54",3566700
21500,0,2200,"bu","14:21:57",3568900
21500,0,500,"bu","14:22:06",3569400
21500,0,100,"bu","14:22:08",3569500
21500,0,200,"bu","14:22:14",3569700
21500,0,1500,"sd","14:22:16",3571200
21500,0,400,"sd","14:22:17",3571600
21500,0,1000,"sd","14:22:24",3572600
21500,0,500,"sd","14:22:27",3573100
21500,0,2000,"bu","14:22:31",3575100
21500,0,500,"bu","14:22:33",3575600
21500,0,1100,"bu","14:22:41",3576700
21500,0,3500,"sd","14:22:50",3580200
21500,0,300,"sd","14:22:52",3580500
21500,0,2700,"bu","14:22:53",3583200
21500,0,2000,"bu","14:23:01",3585200
21450,-50,100,"bu","14:23:03",3585300
21500,0,5900,"sd","14:23:16",3591200
21500,0,4900,"sd","14:23:19",3596100
21500,0,4800,"bu","14:23:22",3600900
21500,0,200,"sd","14:23:29",3601100
21500,0,1000,"bu","14:23:32",3602100
21500,0,5000,"bu","14:23:35",3607100
21500,0,5000,"sd","14:23:43",3612100
21500,0,100,"bu","14:23:53",3612200
21500,0,300,"sd","14:23:57",3612500
21450,-50,500,"sd","14:24:22",3613000
21450,-50,500,"bu","14:24:43",3613500
21450,-50,10000,"sd","14:24:45",3623500
21450,-50,100,"sd","14:24:48",3623600
21450,-50,200,"sd","14:24:52",3623800
21450,-50,300,"sd","14:24:56",3624100
21450,-50,1800,"bu","14:24:59",3625900
21500,0,52000,"bu","14:25:14",3677900
21500,0,500,"bu","14:25:15",3678400
21500,0,5500,"sd","14:25:24",3683900
21500,0,500,"bu","14:25:32",3684400
21450,-50,4000,"bu","14:25:39",3688400
21450,-50,2000,"bu","14:25:41",3690400
21450,-50,1400,"bu","14:25:50",3691800
21450,-50,1000,"sd","14:25:55",3692800
21450,-50,2000,"sd","14:26:02",3694800
21450,-50,5000,"sd","14:26:09",3699800
21450,-50,500,"sd","14:26:12",3700300
21500,0,20800,"sd","14:26:23",3721100
21450,-50,1000,"bu","14:26:27",3722100
21500,0,2300,"sd","14:26:46",3724400
21500,0,100,"bu","14:26:54",3724500
21450,-50,1100,"bu","14:26:59",3725600
21450,-50,200,"bu","14:27:05",3725800
21500,0,700,"sd","14:27:08",3726500
21450,-50,3000,"bu","14:27:16",3729500
21450,-50,100,"sd","14:27:19",3729600
21450,-50,200,"bu","14:27:22",3729800
21450,-50,100,"sd","14:27:27",3729900
21450,-50,300,"bu","14:27:35",3730200
21500,0,1000,"sd","14:27:41",3731200
21450,-50,2300,"sd","14:27:42",3733500
21500,0,1000,"bu","14:27:46",3734500
21500,0,1200,"sd","14:28:07",3735700
21500,0,1000,"bu","14:28:15",3736700
21500,0,25000,"sd","14:28:17",3761700
21450,-50,900,"bu","14:28:19",3762600
21500,0,200,"sd","14:28:21",3762800
21500,0,800,"sd","14:28:28",3763600
21500,0,5300,"bu","14:28:38",3768900
21500,0,1700,"sd","14:28:47",3770600
21500,0,1500,"bu","14:28:54",3772100
21500,0,4000,"bu","14:28:55",3776100
21450,-50,15500,"sd","14:29:03",3791600
21500,0,800,"bu","14:29:13",3792400
21450,-50,7600,"sd","14:29:16",3800000
21450,-50,4000,"bu","14:29:19",3804000
21450,-50,2000,"bu","14:29:20",3806000
21450,-50,20000,"bu","14:29:22",3826000
21450,-50,1000,"bu","14:29:25",3827000
21450,-50,20000,"sd","14:29:27",3847000
21500,0,53500,"sd","14:29:30",3900500
21450,-50,3000,"sd","14:29:33",3903500
21450,-50,6500,"sd","14:29:40",3910000
21500,0,600,"bu","14:29:42",3910600
21450,-50,200,"bu","14:29:44",3910800
21450,-50,11100,"bu","14:29:53",3921900
21450,-50,6100,"sd","14:29:55",3928000
21450,-50,6000,"bu","14:29:57",3934000
21450,-50,1000,"sd","14:29:59",3935000
21450,-50,2000,"sd","14:30:00",3937000
21450,-50,31000,"bu","14:30:05",3968000
21500,0,497800,"bu","14:45:11",4465800
