"price","change","match_qtty","side","time","total_vol"
25350,150,2000,"bu","09:15:09",2000
25400,200,800,"sd","09:15:26",2800
25400,200,500,"bu","09:16:51",3700
25400,200,100,"bu","09:17:31",3800
25400,200,2300,"sd","09:19:10",6100
25400,200,100,"sd","09:20:21",6200
25400,200,3000,"bu","09:20:29",9200
25400,200,100,"sd","09:20:47",9300
25400,200,1500,"bu","09:21:05",10800
25450,250,5000,"sd","09:21:21",15800
25400,200,5000,"sd","09:21:29",20800
25400,200,200,"bu","09:22:00",21000
25400,200,400,"sd","09:22:35",21400
25400,200,1100,"sd","09:25:05",22500
25400,200,100,"sd","09:25:11",22600
25450,250,1500,"sd","09:26:08",24100
25450,250,100,"bu","09:26:14",24200
25450,250,200,"sd","09:26:31",24400
25450,250,1000,"sd","09:26:41",25400
25450,250,1500,"sd","09:27:18",26900
25450,250,100,"bu","09:27:19",27000
25450,250,1300,"bu","09:28:49",28300
25450,250,4900,"sd","09:29:40",33200
25500,300,3100,"bu","09:30:30",36300
25500,300,100,"sd","09:31:22",36400
25400,200,200,"bu","09:32:21",36600
25450,250,400,"bu","09:32:37",37000
25450,250,100,"bu","09:33:21",37100
25450,250,1200,"sd","09:36:42",38300
25450,250,200,"bu","09:37:03",38500
25450,250,500,"bu","09:37:13",39000
25450,250,400,"sd","09:37:44",39400
25450,250,2900,"sd","09:37:56",42300
25450,250,3600,"bu","09:38:53",45900
25450,250,6400,"bu","09:39:11",52300
25400,200,7900,"bu","09:39:49",60200
25400,200,300,"bu","09:41:34",60500
25400,200,100,"sd","09:43:14",60600
25400,200,300,"sd","09:43:56",60900
25400,200,1400,"sd","09:44:55",62300
25400,200,300,"bu","09:47:29",62600
25400,200,1000,"bu","09:48:13",63600
25400,200,100,"bu","09:48:47",63700
25400,200,2000,"bu","09:50:20",65700
25400,200,1000,"sd","09:50:46",66700
25400,200,1800,"bu","09:51:28",68500
25350,150,1000,"sd","09:53:06",69500
25350,150,2400,"bu","09:56:16",71900
25300,100,200,"bu","09:57:05",72100
25300,100,600,"bu","09:57:58",72700
25350,150,200,"bu","09:58:32",72900
25350,150,500,"bu","09:58:43",73400
25350,150,100,"sd","09:59:00",73500
25350,150,200,"bu","10:01:11",73700
25300,100,5000,"sd","10:02:29",78700
25300,100,19900,"bu","10:02:55",98600
25300,100,3000,"sd","10:07:46",101600
25300,100,800,"bu","10:07:53",102400
25300,100,4000,"sd","10:08:03",106400
25200,0,2500,"bu","10:09:56",108900
25300,100,100,"bu","10:09:57",109000
25300,100,2000,"bu","10:10:10",111000
25300,100,100,"sd","10:10:49",111100
25300,100,2100,"bu","10:12:35",113200
25300,100,200,"sd","10:13:01",113400
25400,200,900,"sd","10:13:19",114300
25400,200,100,"sd","10:14:51",114400
25400,200,600,"sd","10:16:34",115000
25400,200,300,"bu","10:23:20",115300
25400,200,1000,"bu","10:23:46",116300
25350,150,100,"sd","10:23:47",116400
25350,150,1000,"sd","10:34:01",117400
25350,150,1900,"sd","10:34:16",119300
25350,150,1700,"sd","10:38:17",121000
25350,150,500,"bu","10:41:07",121500
25350,150,100,"bu","10:42:02",121600
25350,150,300,"bu","10:42:10",121900
25350,150,100,"bu","10:42:10",122000
25350,150,2000,"bu","10:42:51",124000
25350,150,600,"sd","10:43:28",124600
25400,200,500,"bu","10:45:35",125100
25400,200,1000,"bu","10:47:06",126100
25400,200,100,"sd","10:47:33",126200
25350,150,1700,"sd","10:50:24",127900
25300,100,100,"sd","10:53:03",128000
25300,100,500,"bu","10:55:47",128500
25300,100,100,"bu","10:56:45",128600
25350,150,200,"bu","10:57:18",128800
25350,150,400,"sd","11:13:23",129200
25350,150,300,"sd","11:15:53",129500
25300,100,20000,"sd","11:20:53",149500
25300,100,500,"bu","11:26:22",150000
25300,100,300,"sd","11:26:46",150300
25300,100,300,"bu","11:27:04",150600
25300,100,700,"bu","11:27:43",151300
25250,50,9000,"bu","13:04:26",160300
25300,100,2800,"bu","13:05:14",163100
25200,0,17000,"bu","13:05:32",180100
25200,0,41300,"sd","13:06:46",221400
25200,0,1300,"bu","13:08:59",222700
25200,0,2900,"sd","13:09:08",225600
25250,50,5000,"bu","13:11:05",230600
25250,50,200,"bu","13:11:32",230800
25250,50,4900,"bu","13:12:17",235700
25250,50,7400,"sd","13:12:44",243100
25250,50,500,"bu","13:15:26",243600
25250,50,10000,"sd","13:18:58",253600
25250,50,10000,"bu","13:19:15",263600
25250,50,1900,"bu","13:21:13",265500
25250,50,4900,"sd","13:21:33",270400
25250,50,100,"sd","13:21:45",270500
25250,50,2900,"bu","13:21:49",273400
25200,0,1000,"sd","13:21:52",274400
25250,50,2000,"sd","13:22:15",276400
25250,50,100,"sd","13:22:30",276500
25250,50,400,"sd","13:23:23",276900
25250,50,500,"bu","13:23:26",277400
25250,50,1300,"bu","13:23:58",278700
25350,150,5000,"bu","13:25:38",283700
25350,150,400,"bu","13:25:50",284100
25350,150,2000,"sd","13:26:06",286100
25350,150,1100,"sd","13:26:24",287200
25350,150,4000,"bu","13:27:55",291200
25350,150,1000,"bu","13:28:42",292200
25350,150,700,"sd","13:28:49",292900
25350,150,400,"sd","13:29:08",293300
25300,100,1700,"bu","13:30:15",295000
25350,150,500,"sd","13:30:37",295500
25300,100,2600,"bu","13:31:27",298100
25300,100,1500,"bu","13:31:57",299600
25300,100,500,"sd","13:32:30",300100
25300,100,200,"bu","13:33:11",300300
25300,100,600,"bu","13:38:20",300900
25300,100,700,"sd","13:38:21",301600
25300,100,1900,"sd","13:38:56",303500
25300,100,100,"bu","13:39:14",303600
25350,150,500,"bu","13:41:39",304100
25350,150,2000,"bu","13:42:24",306100
25350,150,1000,"bu","13:43:08",307100
25350,150,100,"bu","13:43:52",307200
25350,150,500,"sd","13:44:11",307700
25300,100,800,"sd","13:44:15",308500
25300,100,500,"bu","13:44:17",309000
25250,50,10000,"sd","13:44:56",319000
25300,100,100,"sd","13:48:27",319100
25300,100,1000,"sd","13:48:58",320100
25350,150,300,"sd","13:50:13",320400
25300,100,900,"bu","13:50:20",321300
25300,100,500,"sd","13:50:25",321800
25300,100,100,"sd","13:50:31",321900
25300,100,500,"bu","13:50:33",322400
25300,100,1000,"sd","13:50:36",323400
25350,150,3000,"sd","13:50:44",326400
25350,150,4000,"bu","13:50:45",330400
25350,150,3600,"bu","13:51:38",334000
25400,200,10000,"sd","13:51:54",344000
25350,150,7000,"sd","13:53:42",351000
25350,150,1900,"bu","13:54:16",352900
25300,100,600,"sd","13:55:20",353500
25300,100,4200,"sd","13:55:33",357700
25300,100,1500,"sd","13:56:32",359200
25300,100,4700,"sd","13:56:49",363900
25300,100,2000,"bu","13:58:11",365900
25300,100,1000,"bu","13:59:06",366900
25300,100,1600,"sd","14:00:28",368500
25300,100,800,"sd","14:01:04",369300
25300,100,5000,"sd","14:02:00",374300
25350,150,1000,"sd","14:02:06",375300
25300,100,100,"bu","14:03:47",375400
25300,100,29700,"bu","14:03:50",405100
25300,100,100,"sd","14:03:56",405200
25300,100,200,"sd","14:04:13",405400
25350,150,1000,"bu","14:05:32",406400
25300,100,5000,"bu","14:05:52",411400
25350,150,2000,"sd","14:06:08",413400
25350,150,3000,"bu","14:07:01",416400
25350,150,2300,"bu","14:08:20",418700
25350,150,100,"sd","14:08:47",418800
25400,200,1000,"bu","14:09:07",419800
25400,200,1000,"sd","14:09:24",420800
25400,200,1000,"bu","14:09:38",421800
25400,200,800,"bu","14:09:41",422600
25400,200,1000,"bu","14:09:43",423600
25400,200,100,"bu","14:09:51",423700
25350,150,5000,"bu","14:09:53",428700
25400,200,500,"sd","14:10:32",429200
25400,200,200,"sd","14:10:46",429400
25400,200,3000,"sd","14:11:03",432400
25400,200,100,"sd","14:11:05",432500
25400,200,10100,"sd","14:11:26",442600
25400,200,7300,"bu","14:11:29",449900
25450,250,6000,"sd","14:12:28",455900
25450,250,1200,"bu","14:12:43",457100
25450,250,900,"sd","14:12:46",458000
25500,300,1300,"bu","14:13:33",459300
25450,250,1200,"bu","14:14:16",460500
25500,300,10000,"bu","14:14:54",470500
25500,300,100,"sd","14:15:32",470600
25500,300,700,"sd","14:15:52",471300
25500,300,4500,"sd","14:16:20",475800
25500,300,5000,"bu","14:16:25",480800
25500,300,10000,"bu","14:16:39",490800
25500,300,100,"sd","14:16:42",490900
25500,300,4000,"sd","14:17:08",494900
25450,250,2000,"sd","14:17:26",496900
25500,300,200,"sd","14:17:28",497100
25450,250,700,"bu","14:17:50",497800
25450,250,1000,"bu","14:17:51",498800
25450,250,5900,"sd","14:17:56",504700
25450,250,1000,"sd","14:17:57",505700
25450,250,19200,"sd","14:19:05",524900
25450,250,6300,"sd","14:19:24",531200
25450,250,300,"sd","14:19:38",531500
25450,250,100,"sd","14:19:47",531600
25450,250,1000,"sd","14:20:09",532600
25450,250,100,"bu","14:20:31",532700
25450,250,500,"sd","14:20:49",533200
25450,250,100,"bu","14:21:14",533300
25450,250,2400,"bu","14:21:19",535700
25450,250,800,"sd","14:21:43",536500
25450,250,13000,"sd","14:21:45",549500
25450,250,100,"sd","14:21:54",549600
25450,250,500,"bu","14:21:56",550100
25450,250,1000,"bu","14:22:02",551100
25450,250,3600,"bu","14:22:06",554700
25450,250,1000,"bu","14:24:06",555700
25500,300,2000,"bu","14:24:40",557700
25450,250,100,"sd","14:24:53",557800
25500,300,3800,"bu","14:25:44",561600
25500,300,5000,"sd","14:25:55",566600
25500,300,9700,"sd","14:26:02",576300
25500,300,5500,"sd","14:26:04",581800
25550,350,2100,"bu","14:26:20",583900
25500,300,500,"bu","14:26:46",584400
25500,300,1500,"bu","14:26:51",585900
25500,300,3600,"sd","14:27:27",589500
25550,350,4900,"bu","14:27:33",594400
25550,350,500,"bu","14:27:37",594900
25550,350,10600,"bu","14:27:59",605500
25550,350,100,"sd","14:28:09",605600
25600,400,9700,"sd","14:28:30",615300
25600,400,400,"bu","14:28:40",615700
25600,400,1000,"sd","14:28:50",616700
25600,400,4000,"sd","14:29:02",620700
25650,450,2000,"sd","14:29:20",622700
25650,450,1200,"sd","14:29:35",623900
25650,450,1300,"sd","14:29:57",625200
25750,550,10000,"bu","14:30:02",635200
25650,450,34600,"sd","14:45:14",669800
