"price","change","match_qtty","side","time","total_vol"
40650,0,54100,"sd","09:15:04",54100
40800,150,1200,"sd","09:15:10",55300
40800,150,300,"sd","09:15:10",55600
40800,150,800,"bu","09:15:11",56400
40700,50,400,"bu","09:15:11",56800
40700,50,500,"bu","09:15:14",57300
40700,50,200,"bu","09:15:20",57500
40700,50,300,"bu","09:15:22",57800
40650,0,900,"sd","09:15:28",58700
40650,0,100,"bu","09:15:32",58800
40650,0,10000,"sd","09:15:32",68800
40650,0,1500,"sd","09:15:32",70300
40600,-50,500,"sd","09:15:38",71700
40550,-100,900,"sd","09:15:40",72600
40550,-100,900,"sd","09:15:45",73500
40600,-50,400,"bu","09:15:50",73900
40600,-50,100,"bu","09:15:52",74000
40550,-100,900,"sd","09:15:53",74900
40600,-50,400,"bu","09:15:57",75300
40600,-50,200,"sd","09:16:02",75500
40550,-100,1300,"bu","09:16:04",76800
40500,-150,1200,"bu","09:16:05",78000
40550,-100,1300,"bu","09:16:09",79300
40600,-50,400,"sd","09:16:23",79700
40550,-100,900,"sd","09:16:30",80600
40600,-50,400,"bu","09:16:32",81000
40600,-50,500,"bu","09:16:42",81500
40600,-50,400,"bu","09:16:50",81900
40600,-50,900,"sd","09:16:56",82800
40600,-50,400,"sd","09:16:59",83200
40600,-50,1000,"bu","09:17:01",84200
40600,-50,900,"sd","09:17:02",85100
40600,-50,200,"bu","09:17:02",85300
40550,-100,13900,"sd","09:17:04",99200
40650,0,500,"sd","09:17:08",99700
40650,0,1200,"sd","09:17:11",100900
40650,0,200,"sd","09:17:12",101100
40650,0,900,"bu","09:17:15",102000
40700,50,400,"sd","09:17:17",102400
40650,0,900,"sd","09:17:21",103300
40650,0,900,"sd","09:17:30",104200
40650,0,900,"bu","09:17:34",105100
40650,0,1100,"bu","09:17:49",106200
40650,0,900,"bu","09:17:56",107100
40700,50,500,"sd","09:17:57",107600
40650,0,100,"sd","09:17:59",107700
40650,0,900,"bu","09:18:02",108600
40700,50,500,"bu","09:18:06",109100
40700,50,200,"bu","09:18:12",109300
40700,50,400,"bu","09:18:15",109700
40700,50,100,"sd","09:18:22",109800
40700,50,700,"sd","09:18:24",110500
40650,0,900,"bu","09:18:29",111400
40700,50,1500,"bu","09:18:33",112900
40700,50,200,"bu","09:18:42",113500
40650,0,900,"bu","09:18:47",114400
40700,50,200,"sd","09:18:48",114600
40700,50,1500,"sd","09:18:51",116100
40650,0,900,"sd","09:18:52",117300
40700,50,2000,"bu","09:18:54",119300
40700,50,3100,"sd","09:18:55",122400
40700,50,100,"bu","09:18:56",122500
40700,50,500,"bu","09:19:00",123000
40700,50,100,"sd","09:19:02",123100
40700,50,900,"sd","09:19:03",124000
40800,150,500,"sd","09:19:09",124500
40800,150,1100,"sd","09:19:12",125600
40800,150,100,"sd","09:19:22",126600
40800,150,400,"bu","09:19:29",127100
40750,100,900,"bu","09:19:30",128000
40800,150,400,"bu","09:19:38",128400
40800,150,500,"bu","09:19:47",128900
40750,100,100,"sd","09:19:51",129000
40750,100,1700,"sd","09:19:52",130700
40800,150,500,"sd","09:19:56",131200
40750,100,900,"bu","09:20:00",132100
40800,150,500,"bu","09:20:05",132600
40800,150,400,"sd","09:20:14",133000
40800,150,900,"bu","09:20:23",133900
40800,150,200,"bu","09:20:25",134100
40800,150,600,"sd","09:20:32",134700
40800,150,100,"bu","09:20:33",134800
40800,150,500,"sd","09:20:41",135300
40800,150,100,"sd","09:20:42",135400
40800,150,400,"sd","09:20:50",135800
40800,150,500,"sd","09:20:59",136300
40800,150,10000,"bu","09:21:04",146300
40800,150,500,"bu","09:21:08",146800
40800,150,100,"bu","09:21:10",146900
40800,150,1500,"sd","09:21:12",148400
40800,150,400,"bu","09:21:20",148800
40750,100,16400,"bu","09:21:22",165200
40750,100,300,"bu","09:21:32",165500
40750,100,200,"bu","09:21:33",165700
40750,100,400,"sd","09:21:36",166100
40750,100,100,"bu","09:21:38",166200
40750,100,700,"bu","09:21:44",166900
40750,100,2000,"bu","09:21:45",168900
40750,100,300,"bu","09:21:52",169300
40750,100,400,"sd","09:21:55",169700
40750,100,200,"bu","09:21:56",169900
40800,150,500,"sd","09:22:03",170400
40800,150,1200,"sd","09:22:06",171600
40750,100,100,"bu","09:22:08",171700
40800,150,400,"sd","09:22:13",172100
40800,150,1000,"sd","09:22:21",173100
40800,150,100,"sd","09:22:23",173200
40800,150,300,"sd","09:22:30",173500
40800,150,400,"sd","09:22:31",173900
40800,150,100,"bu","09:22:32",174000
40800,150,400,"bu","09:22:40",174400
40800,150,800,"sd","09:22:43",175200
40800,150,500,"bu","09:22:49",175700
40800,150,100,"sd","09:22:52",175800
40800,150,400,"sd","09:22:58",176200
40800,150,500,"sd","09:23:02",176700
40800,150,400,"sd","09:23:07",177100
40800,150,5000,"sd","09:23:08",182100
40750,100,500,"sd","09:23:11",182600
40800,150,1400,"bu","09:23:16",184000
40800,150,500,"bu","09:23:25",185500
40800,150,500,"sd","09:23:34",186000
40700,50,4900,"sd","09:23:36",190900
40800,150,1700,"sd","09:23:42",192600
40700,50,400,"bu","09:23:47",193000
40750,100,400,"sd","09:23:53",193400
40700,50,100,"sd","09:23:58",193500
40700,50,5900,"sd","09:24:02",199400
40700,50,100,"bu","09:24:03",199500
40700,50,400,"sd","09:24:07",199900
40700,50,2900,"bu","09:24:13",202800
40700,50,700,"sd","09:24:13",203500
40750,100,5300,"sd","09:24:15",208800
40650,0,500,"bu","09:24:16",209300
40700,50,1900,"sd","09:24:22",211200
40700,50,100,"sd","09:24:29",211300
40750,100,400,"sd","09:24:31",211700
40750,100,1200,"sd","09:24:33",212900
40700,50,400,"bu","09:24:37",213300
40700,50,100,"bu","09:24:38",213400
40700,50,1000,"sd","09:24:39",214400
40700,50,400,"sd","09:24:42",214800
40650,0,900,"bu","09:24:45",215700
40700,50,500,"sd","09:24:51",216200
40650,0,900,"sd","09:24:52",217100
40700,50,200,"bu","09:24:53",217300
40700,50,3600,"sd","09:24:55",220900
40700,50,400,"sd","09:25:00",221300
40700,50,700,"bu","09:25:03",222000
40700,50,500,"bu","09:25:09",222500
40700,50,100,"sd","09:25:12",222600
40700,50,400,"sd","09:25:18",223000
40650,0,500,"bu","09:25:21",223500
40700,50,400,"bu","09:25:27",223900
40700,50,800,"bu","09:25:34",224700
40700,50,400,"bu","09:25:36",225100
40650,0,900,"bu","09:25:39",226000
40700,50,1300,"bu","09:25:45",227300
40650,0,1000,"sd","09:25:50",228900
40700,50,3000,"sd","09:25:53",231900
40700,50,400,"bu","09:25:54",232300
40650,0,900,"sd","09:25:55",233200
40700,50,9900,"sd","09:25:59",243100
40650,0,200,"sd","09:26:00",244000
40750,100,400,"sd","09:26:03",244400
40700,50,900,"sd","09:26:05",245300
40750,100,400,"bu","09:26:12",245700
40750,100,9100,"bu","09:26:18",254800
40800,150,400,"bu","09:26:21",255200
40750,100,900,"sd","09:26:22",256100
40800,150,1900,"bu","09:26:22",258000
40700,50,500,"bu","09:26:27",258500
40800,150,300,"bu","09:26:34",258800
40800,150,500,"sd","09:26:42",259300
40800,150,500,"bu","09:26:49",259800
40750,100,400,"bu","09:26:58",260200
40700,50,900,"bu","09:27:00",261100
40800,150,1400,"bu","09:27:07",262500
40750,100,900,"bu","09:27:11",263400
40800,150,200,"bu","09:27:16",263600
40800,150,200,"bu","09:27:16",263800
40750,100,1400,"bu","09:27:19",265200
40800,150,800,"sd","09:27:23",285200
40800,150,1300,"bu","09:27:25",286500
40750,100,2000,"bu","09:27:30",288500
40750,100,1400,"sd","09:27:32",289900
40800,150,400,"sd","09:27:35",290300
40800,150,500,"sd","09:27:41",290800
40800,150,200,"sd","09:27:43",291000
40800,150,400,"sd","09:27:45",291400
40800,150,400,"sd","09:27:52",291800
40800,150,4600,"bu","09:28:01",296400
40850,200,500,"sd","09:28:10",296900
40850,200,400,"bu","09:28:11",297300
40850,200,100,"sd","09:28:13",297400
40800,150,1600,"sd","09:28:14",299000
40850,200,400,"bu","09:28:19",299400
40800,150,1300,"sd","09:28:21",300700
40850,200,400,"sd","09:28:29",301100
40850,200,1200,"bu","09:28:32",302300
40850,200,200,"sd","09:28:33",302500
40850,200,2000,"bu","09:28:35",304500
40850,200,1100,"bu","09:28:38",305600
40850,200,900,"bu","09:28:41",306500
40850,200,800,"bu","09:28:46",307300
40850,200,500,"sd","09:28:46",307800
40800,150,5000,"bu","09:28:47",312800
40850,200,1000,"bu","09:28:49",313800
40800,150,1300,"sd","09:28:52",315100
40850,200,400,"sd","09:28:55",315500
40850,200,300,"sd","09:29:01",315800
40850,200,1100,"sd","09:29:04",316900
40800,150,1600,"sd","09:29:10",318500
40850,200,900,"bu","09:29:23",319400
40800,150,4700,"bu","09:29:32",324100
40750,100,500,"bu","09:29:42",324600
40800,150,10500,"bu","09:29:44",335100
40800,150,3200,"bu","09:29:47",338300
40800,150,900,"sd","09:29:49",339200
40850,200,2800,"bu","09:29:52",342000
40850,200,400,"sd","09:30:01",342400
40800,150,500,"sd","09:30:06",342900
40850,200,400,"bu","09:30:10",343300
40850,200,100,"bu","09:30:12",343400
40850,200,400,"sd","09:30:19",343800
40800,150,500,"sd","09:30:32",344300
40850,200,500,"bu","09:30:37",344800
40850,200,5500,"bu","09:30:40",350300
40850,200,8500,"sd","09:30:41",358800
40850,200,100,"bu","09:30:41",358900
40900,250,2500,"bu","09:30:45",361400
40900,250,900,"sd","09:30:55",362300
40900,250,700,"sd","09:31:04",363000
40900,250,300,"sd","09:31:10",363300
40900,250,1000,"sd","09:31:13",364300
40900,250,800,"sd","09:31:15",365100
40900,250,400,"bu","09:31:22",365500
40900,250,200,"bu","09:31:23",365700
40900,250,19300,"bu","09:31:24",385000
40950,300,800,"sd","09:31:27",385800
40950,300,300,"bu","09:31:30",386100
40950,300,500,"bu","09:31:31",386600
40950,300,3200,"bu","09:31:32",389800
40950,300,100,"bu","09:31:35",389900
40950,300,500,"bu","09:31:40",390400
40950,300,500,"sd","09:31:43",390900
40900,250,200,"bu","09:31:48",391100
40950,300,700,"bu","09:31:52",391800
40950,300,1000,"bu","09:31:58",392800
40950,300,20000,"bu","09:32:00",412800
40950,300,3100,"bu","09:32:03",415900
40900,250,20000,"sd","09:32:03",435900
40950,300,10000,"sd","09:32:05",445900
40950,300,500,"sd","09:32:07",446400
40950,300,10000,"bu","09:32:09",456400
40950,300,1500,"bu","09:32:10",457900
40950,300,100,"sd","09:32:12",459700
40950,300,3000,"sd","09:32:14",462700
41000,350,500,"sd","09:32:16",463200
41000,350,200,"bu","09:32:20",463400
41000,350,800,"bu","09:32:22",464200
41000,350,400,"bu","09:32:25",464600
41000,350,100,"bu","09:32:31",464700
41000,350,500,"sd","09:32:34",465200
40950,300,12000,"sd","09:32:35",477200
40900,250,100,"bu","09:32:37",477300
40900,250,4100,"bu","09:32:44",481400
40950,300,100,"bu","09:32:47",481500
40950,300,500,"sd","09:32:48",482000
40950,300,700,"sd","09:32:52",482700
40950,300,400,"bu","09:32:53",483100
40900,250,900,"sd","09:32:58",484000
40950,300,400,"sd","09:32:59",484400
40950,300,1200,"bu","09:33:09",485600
40950,300,400,"bu","09:33:11",486000
40950,300,200,"bu","09:33:12",486200
40900,250,900,"bu","09:33:16",487100
40950,300,800,"sd","09:33:16",487900
40950,300,400,"sd","09:33:20",488300
40900,250,1300,"sd","09:33:21",489600
40950,300,400,"sd","09:33:29",490000
40950,300,400,"bu","09:33:30",490400
40950,300,100,"bu","09:33:31",490500
40900,250,600,"bu","09:33:38",491100
40950,300,400,"sd","09:33:39",491500
40950,300,1100,"sd","09:33:42",492600
40950,300,400,"sd","09:33:48",493000
40900,250,4100,"bu","09:33:51",497100
40900,250,400,"sd","09:33:51",497500
40900,250,1000,"sd","09:33:52",498500
40900,250,300,"sd","09:33:58",498800
40900,250,500,"bu","09:34:02",499300
40900,250,1400,"sd","09:34:07",500700
40900,250,200,"bu","09:34:13",500900
40900,250,500,"sd","09:34:13",501400
40900,250,400,"sd","09:34:16",501800
40900,250,10000,"sd","09:34:21",511800
40900,250,3400,"bu","09:34:23",515200
40850,200,100,"sd","09:34:27",515700
40900,250,5000,"bu","09:34:35",520700
40900,250,400,"sd","09:34:35",521100
40900,250,500,"sd","09:34:35",521600
40850,200,900,"bu","09:34:36",522500
40900,250,300,"sd","09:34:37",522800
40950,300,500,"sd","09:34:43",523300
40950,300,400,"sd","09:34:44",523700
40900,250,3500,"sd","09:34:49",527200
40900,250,2000,"bu","09:34:52",529200
40950,300,500,"sd","09:34:55",529700
40900,250,200,"bu","09:35:01",530700
40950,300,400,"sd","09:35:05",531100
40900,250,500,"bu","09:35:09",531600
40900,250,3700,"bu","09:35:11",535300
40900,250,400,"bu","09:35:13",535700
40850,200,900,"bu","09:35:15",536600
40950,300,400,"sd","09:35:16",537000
40950,300,100,"sd","09:35:17",537100
40900,250,200,"sd","09:35:22",537300
40900,250,300,"sd","09:35:27",537600
40850,200,1000,"bu","09:35:29",538600
40900,250,400,"sd","09:35:34",539000
40900,250,400,"bu","09:35:37",539400
40900,250,100,"sd","09:35:38",539500
40900,250,500,"sd","09:35:43",540000
40900,250,400,"bu","09:35:48",540400
40900,250,1000,"bu","09:35:50",541400
40900,250,700,"bu","09:35:52",542100
40900,250,600,"sd","09:35:54",542700
40950,300,1500,"bu","09:35:59",544200
40950,300,200,"bu","09:36:02",546000
40900,250,1000,"sd","09:36:08",547000
40950,300,400,"bu","09:36:09",547400
40950,300,500,"sd","09:36:10",547900
40950,300,400,"sd","09:36:13",548300
40900,250,500,"bu","09:36:14",548800
40950,300,900,"sd","09:36:20",549700
40950,300,100,"sd","09:36:21",549800
40950,300,200,"sd","09:36:22",550000
40900,250,500,"sd","09:36:24",550500
40950,300,100,"bu","09:36:25",550600
40950,300,300,"bu","09:36:27",550900
40950,300,500,"sd","09:36:28",551400
40950,300,400,"bu","09:36:31",551800
40950,300,300,"bu","09:36:33",552100
40900,250,900,"bu","09:36:35",553000
40950,300,10000,"bu","09:36:36",563000
41000,350,152100,"bu","09:36:37",715100
41000,350,400,"sd","09:36:38",715500
41050,400,500,"sd","09:36:42",716000
41050,400,6700,"bu","09:36:43",722700
41100,450,300,"bu","09:36:45",723000
41100,450,11200,"sd","09:36:46",734200
41100,450,900,"bu","09:36:47",735100
41150,500,500,"sd","09:36:52",735600
41150,500,300,"bu","09:36:53",738500
41150,500,200,"bu","09:36:55",738700
41150,500,400,"bu","09:36:56",739100
41150,500,2300,"bu","09:36:57",741400
41200,550,200,"sd","09:37:02",742700
41200,550,100,"bu","09:37:03",742800
41200,550,400,"sd","09:37:04",743200
41150,500,1000,"bu","09:37:08",744200
41150,500,1300,"bu","09:37:09",745500
41200,550,50000,"sd","09:37:09",795500
41100,450,1000,"sd","09:37:11",796500
41200,550,200,"bu","09:37:12",796700
41200,550,400,"bu","09:37:13",797100
41200,550,30400,"bu","09:37:16",827500
41200,550,600,"bu","09:37:19",828100
41250,600,400,"bu","09:37:23",828900
41250,600,1000,"sd","09:37:25",829900
41200,550,1000,"sd","09:37:30",830900
41250,600,2700,"sd","09:37:34",833600
41250,600,2000,"bu","09:37:38",835600
41250,600,2000,"bu","09:37:42",837600
41250,600,400,"sd","09:37:45",838000
41250,600,800,"sd","09:37:46",838800
41250,600,500,"sd","09:37:47",839300
41250,600,200,"bu","09:37:47",839500
41200,550,1200,"sd","09:37:50",840700
41250,600,1600,"sd","09:37:52",842300
41250,600,400,"sd","09:37:54",842700
41250,600,500,"sd","09:37:55",843200
41250,600,500,"sd","09:38:00",843700
41200,550,1600,"bu","09:38:01",845300
41250,600,500,"sd","09:38:03",845800
41250,600,400,"bu","09:38:06",846200
41250,600,200,"sd","09:38:07",846400
41250,600,100,"bu","09:38:07",846500
41200,550,500,"sd","09:38:08",847000
41250,600,400,"bu","09:38:09",847400
41200,550,100,"sd","09:38:10",847500
41200,550,20000,"bu","09:38:13",867500
41100,450,5100,"bu","09:38:15",872600
41250,600,400,"sd","09:38:17",873000
41200,550,3800,"sd","09:38:22",876800
41100,450,500,"sd","09:38:24",877300
41150,500,400,"bu","09:38:27",877700
41150,500,600,"sd","09:38:33",878300
41150,500,400,"bu","09:38:36",878700
41150,500,1600,"bu","09:38:42",880300
41150,500,500,"sd","09:38:49",880800
41100,450,1100,"bu","09:38:51",885800
41150,500,12300,"sd","09:38:56",898100
41150,500,400,"sd","09:38:59",898500
41100,450,1900,"bu","09:39:03",900400
41100,450,400,"sd","09:39:11",900800
41100,450,1800,"sd","09:39:16",902600
41000,350,100,"bu","09:39:18",902700
41100,450,400,"bu","09:39:20",903100
41100,450,200,"bu","09:39:22",903300
41100,450,100,"sd","09:39:23",903400
41100,450,500,"bu","09:39:25",903900
41100,450,10000,"sd","09:39:28",913900
41000,350,500,"bu","09:39:29",914400
41100,450,400,"bu","09:39:31",914800
41100,450,100,"bu","09:39:32",914900
41100,450,1700,"sd","09:39:33",916600
41100,450,500,"sd","09:39:34",917100
41050,400,400,"sd","09:39:41",917500
41000,350,800,"sd","09:39:42",918300
41050,400,500,"sd","09:39:43",918800
41050,400,800,"bu","09:39:47",919600
41000,350,11800,"bu","09:39:50",931400
41050,400,400,"sd","09:39:51",931800
41050,400,2400,"sd","09:39:53",934200
41050,400,100,"bu","09:39:53",934300
41000,350,300,"sd","09:39:54",934600
41000,350,4100,"sd","09:39:57",938700
41000,350,1400,"sd","09:40:03",940100
41000,350,5000,"sd","09:40:05",945100
41000,350,500,"bu","09:40:07",946100
41050,400,400,"sd","09:40:11",951100
41050,400,500,"bu","09:40:15",951600
41050,400,1000,"sd","09:40:21",952600
41050,400,10600,"sd","09:40:25",963200
41050,400,5600,"sd","09:40:27",968800
41100,450,400,"sd","09:40:30",969200
41100,450,2400,"sd","09:40:32",971600
41100,450,400,"sd","09:40:33",972000
41050,400,500,"sd","09:40:35",972500
41100,450,100,"sd","09:40:36",972600
41100,450,400,"sd","09:40:39",973000
41100,450,900,"sd","09:40:40",973900
41100,450,700,"bu","09:40:42",974600
41100,450,400,"bu","09:40:44",975000
41050,400,100,"sd","09:40:45",975100
41050,400,200,"sd","09:40:47",975300
41100,450,400,"bu","09:40:48",975700
41100,450,200,"bu","09:40:52",975900
41100,450,400,"bu","09:40:55",976300
41100,450,500,"bu","09:40:58",976800
41100,450,35000,"bu","09:41:02",1011800
41150,500,1900,"sd","09:41:06",1013700
41150,500,5500,"sd","09:41:13",1019200
41150,500,500,"bu","09:41:15",1019700
41150,500,400,"sd","09:41:16",1020100
41150,500,8900,"bu","09:41:17",1029000
41150,500,100,"bu","09:41:17",1029100
41200,550,2100,"bu","09:41:23",1031200
41200,550,400,"bu","09:41:24",1031600
41200,550,300,"sd","09:41:25",1031900
41200,550,400,"bu","09:41:27",1032300
41200,550,500,"sd","09:41:35",1032800
41200,550,400,"bu","09:41:37",1033200
41200,550,600,"sd","09:41:40",1033800
41200,550,1000,"bu","09:41:41",1034800
41200,550,400,"sd","09:41:42",1035200
41150,500,1900,"sd","09:41:57",1037100
41200,550,400,"bu","09:41:58",1037500
41200,550,500,"bu","09:42:00",1038000
41200,550,600,"sd","09:42:01",1038600
41150,500,700,"sd","09:42:06",1039300
41200,550,400,"bu","09:42:08",1039700
41200,550,1300,"bu","09:42:23",1041000
41200,550,400,"bu","09:42:27",1041400
41200,550,1400,"bu","09:42:30",1042800
41200,550,400,"sd","09:42:36",1043200
41200,550,100,"sd","09:42:37",1043300
41200,550,800,"bu","09:42:38",1044100
41200,550,400,"sd","09:42:40",1044500
41200,550,32400,"bu","09:42:41",1076900
41200,550,6000,"bu","09:42:43",1082900
41250,600,100,"bu","09:42:44",1083000
41200,550,500,"bu","09:42:45",1083500
41250,600,400,"bu","09:42:45",1083900
41200,550,3800,"bu","09:42:49",1087700
41250,600,400,"sd","09:42:51",1088100
41250,600,10000,"sd","09:42:52",1098100
41250,600,400,"bu","09:42:54",1098500
41250,600,1200,"sd","09:42:58",1099700
41250,600,10600,"bu","09:43:00",1110300
41300,650,27900,"sd","09:43:02",1138200
41350,700,100,"bu","09:43:06",1138300
41450,800,15000,"sd","09:43:08",1153300
41350,700,400,"bu","09:43:11",1153700
41350,700,900,"bu","09:43:15",1154600
41350,700,8700,"bu","09:43:15",1163300
41450,800,500,"bu","09:43:21",1163800
41450,800,400,"bu","09:43:23",1164200
41450,800,800,"bu","09:43:24",1165000
41350,700,500,"sd","09:43:25",1165500
41450,800,100,"sd","09:43:26",1165600
41350,700,2900,"sd","09:43:27",1168500
41350,700,100,"sd","09:43:29",1168600
41450,800,10000,"bu","09:43:33",1178600
41400,750,200,"bu","09:43:35",1178800
41450,800,800,"bu","09:43:36",1179600
41450,800,400,"sd","09:43:41",1180000
41400,750,300,"bu","09:43:42",1180300
41400,750,700,"sd","09:43:43",1181000
41400,750,300,"sd","09:43:44",1181300
41400,750,100,"bu","09:43:48",1181400
41350,700,500,"bu","09:43:50",1181900
41400,750,1200,"bu","09:43:53",1183100
41400,750,400,"bu","09:43:54",1183500
41400,750,400,"bu","09:43:56",1183900
41400,750,9500,"bu","09:43:57",1193400
41400,750,200,"sd","09:43:59",1193600
41400,750,500,"sd","09:44:00",1194100
41400,750,100,"bu","09:44:01",1194200
41400,750,10400,"bu","09:44:05",1204600
41400,750,500,"sd","09:44:09",1205100
41400,750,5000,"bu","09:44:11",1210100
41400,750,10000,"bu","09:44:12",1220100
41400,750,100,"bu","09:44:14",1220200
41400,750,3000,"bu","09:44:14",1223200
41450,800,400,"sd","09:44:15",1223600
41450,800,500,"bu","09:44:18",1224100
41450,800,400,"sd","09:44:25",1224500
41450,800,1400,"bu","09:44:32",1225900
41450,800,100,"sd","09:44:34",1226000
41450,800,30000,"bu","09:44:35",1256000
41450,800,6900,"sd","09:44:35",1262900
41400,750,100,"sd","09:44:36",1289100
41350,700,400,"sd","09:44:37",1289500
41400,750,200,"bu","09:44:38",1289700
41400,750,100,"bu","09:44:41",1289800
41400,750,500,"sd","09:44:41",1290300
41400,750,2500,"bu","09:44:45",1292800
41400,750,400,"bu","09:44:46",1293200
41400,750,5000,"bu","09:44:49",1298200
41500,850,50000,"bu","09:44:50",1348200
41500,850,100,"sd","09:44:52",1348300
41500,850,400,"sd","09:44:56",1348700
41400,750,500,"sd","09:44:56",1349200
41500,850,400,"sd","09:44:57",1349600
41400,750,4100,"bu","09:45:01",1353700
41500,850,100,"sd","09:45:03",1353800
41500,850,15900,"bu","09:45:03",1369700
41400,750,900,"sd","09:45:05",1370600
41400,750,100,"bu","09:45:08",1371500
41450,800,3600,"sd","09:45:14",1375100
41450,800,400,"bu","09:45:17",1375500
41450,800,6100,"sd","09:45:18",1381600
41500,850,200,"sd","09:45:20",1393800
41500,850,35900,"bu","09:45:21",1429700
41550,900,1200,"sd","09:45:23",1431300
41450,800,20000,"sd","09:45:24",1451300
41500,850,100,"bu","09:45:28",1451400
41550,900,1100,"bu","09:45:29",1452500
41500,850,100,"sd","09:45:32",1452600
41550,900,800,"bu","09:45:36",1453400
41550,900,400,"bu","09:45:38",1453800
41550,900,20000,"sd","09:45:39",1473800
41550,900,100,"bu","09:45:41",1473900
41500,850,900,"bu","09:45:42",1474800
41550,900,2500,"sd","09:45:43",1477300
41550,900,500,"sd","09:45:44",1477800
41550,900,900,"sd","09:45:45",1478700
41600,950,600,"bu","09:45:49",1479300
41600,950,700,"sd","09:45:50",1480000
41550,900,1000,"sd","09:45:51",1481000
41550,900,800,"sd","09:45:52",1481800
41550,900,100,"sd","09:45:56",1481900
41550,900,5000,"sd","09:45:58",1486900
41550,900,400,"sd","09:46:00",1487300
41500,850,500,"bu","09:46:01",1487800
41550,900,300,"bu","09:46:05",1488100
41550,900,1000,"bu","09:46:05",1489100
41500,850,5000,"sd","09:46:06",1494100
41550,900,400,"bu","09:46:11",1494500
41550,900,1400,"sd","09:46:13",1495900
41550,900,100,"sd","09:46:16",1496000
41550,900,3100,"bu","09:46:18",1499100
41600,950,50400,"bu","09:46:20",1549500
41600,950,300,"bu","09:46:22",1552000
41550,900,1400,"bu","09:46:25",1553400
41550,900,4600,"bu","09:46:29",1558000
41600,950,400,"sd","09:46:31",1558400
41600,950,1000,"bu","09:46:33",1559400
41550,900,5100,"bu","09:46:36",1564500
41600,950,600,"bu","09:46:40",1565100
41600,950,400,"sd","09:46:42",1565500
41600,950,2000,"bu","09:46:43",1567500
41650,1000,68600,"sd","09:46:45",1636100
41700,1050,100,"bu","09:46:47",1652300
41700,1050,16400,"sd","09:46:48",1668700
41750,1100,400,"sd","09:46:49",1669100
41700,1050,3200,"bu","09:46:50",1672300
41650,1000,200,"bu","09:46:51",1672500
41700,1050,100,"bu","09:46:52",1672600
41700,1050,400,"sd","09:46:53",1673000
41700,1050,100,"sd","09:46:56",1673100
41700,1050,2000,"bu","09:46:56",1675100
41700,1050,23400,"sd","09:46:58",1698500
41650,1000,100,"sd","09:46:59",1698600
41700,1050,23200,"sd","09:47:01",1721800
41700,1050,1900,"bu","09:47:03",1723700
41700,1050,1000,"bu","09:47:04",1724700
41700,1050,2600,"bu","09:47:06",1727300
41700,1050,100,"bu","09:47:09",1729200
41750,1100,300,"bu","09:47:10",1729500
41700,1050,400,"bu","09:47:12",1729900
41700,1050,400,"sd","09:47:14",1730300
41700,1050,1500,"bu","09:47:15",1731800
41700,1050,500,"sd","09:47:16",1732300
41750,1100,4500,"bu","09:47:20",1736800
41700,1050,3400,"sd","09:47:21",1740200
41700,1050,1000,"sd","09:47:23",1741200
41750,1100,900,"bu","09:47:24",1742100
41750,1100,100,"sd","09:47:26",1742200
41700,1050,35600,"sd","09:47:29",1777800
41700,1050,21000,"bu","09:47:31",1798800
41750,1100,100,"sd","09:47:31",1787900
41700,1050,11900,"bu","09:47:32",1799800
41700,1050,10000,"sd","09:47:33",1809800
41750,1100,2300,"sd","09:47:34",1812100
41700,1050,100,"bu","09:47:36",1812200
41650,1000,800,"sd","09:47:44",1813000
41650,1000,400,"sd","09:47:45",1813400
41650,1000,400,"sd","09:47:55",1813800
41600,950,300,"sd","09:47:56",1814100
41550,900,1200,"bu","09:48:00",1815300
41600,950,600,"sd","09:48:01",1815900
41600,950,100,"bu","09:48:04",1816000
41600,950,3400,"sd","09:48:08",1819400
41600,950,400,"sd","09:48:11",1819800
41550,900,500,"bu","09:48:12",1820300
41550,900,5000,"bu","09:48:13",1825300
41550,900,900,"bu","09:48:17",1826200
41550,900,5700,"sd","09:48:22",1831900
41550,900,7000,"bu","09:48:24",1838900
41600,950,100,"sd","09:48:25",1839000
41550,900,600,"sd","09:48:26",1839600
41600,950,400,"sd","09:48:28",1840000
41550,900,1200,"sd","09:48:30",1841200
41550,900,2000,"sd","09:48:31",1843200
41550,900,600,"bu","09:48:31",1843800
41550,900,100,"bu","09:48:32",1843900
41550,900,6100,"sd","09:48:33",1850000
41550,900,500,"bu","09:48:34",1854100
41550,900,600,"bu","09:48:35",1854700
41550,900,2000,"bu","09:48:37",1856700
41550,900,400,"bu","09:48:38",1857100
41550,900,200,"sd","09:48:38",1857300
41550,900,10000,"sd","09:48:43",1867300
41550,900,100,"bu","09:48:47",1867400
41550,900,800,"sd","09:48:48",1868200
41550,900,100,"sd","09:48:50",1873300
41600,950,7900,"sd","09:48:51",1881200
41600,950,500,"bu","09:48:56",1881700
41550,900,1000,"sd","09:48:58",1882700
41600,950,400,"sd","09:48:59",1883100
41550,900,5000,"sd","09:49:02",1888100
41600,950,400,"sd","09:49:06",1888500
41600,950,100,"bu","09:49:08",1888600
41550,900,2200,"sd","09:49:09",1890800
41550,900,1500,"sd","09:49:10",1892300
41600,950,300,"bu","09:49:19",1893100
41600,950,400,"bu","09:49:20",1893500
41600,950,200,"sd","09:49:24",1893700
41600,950,400,"sd","09:49:25",1894100
41600,950,10000,"bu","09:49:26",1904100
41600,950,100,"bu","09:49:30",1904200
41600,950,400,"sd","09:49:30",1904600
41550,900,4100,"bu","09:49:36",1908700
41550,900,8200,"bu","09:49:37",1916900
41600,950,400,"bu","09:49:41",1917300
41550,900,1800,"bu","09:49:46",1919100
41550,900,1000,"bu","09:49:49",1920100
41600,950,100,"bu","09:49:51",1920200
41600,950,400,"bu","09:49:52",1920600
41550,900,6400,"bu","09:50:05",1927000
41550,900,4600,"sd","09:50:08",1931600
41600,950,6000,"sd","09:50:08",1937600
41600,950,400,"bu","09:50:10",1938000
41600,950,3100,"bu","09:50:11",1941100
41550,900,100,"bu","09:50:12",1941200
41600,950,1100,"sd","09:50:13",1942300
41550,900,200,"bu","09:50:21",1945100
41550,900,500,"bu","09:50:22",1945600
41550,900,4500,"bu","09:50:23",1950100
41550,900,6100,"bu","09:50:25",1956200
41550,900,10000,"sd","09:50:28",1966200
41600,950,4200,"bu","09:50:32",1970400
41550,900,100,"sd","09:50:33",1970500
41600,950,500,"bu","09:50:34",1971000
41550,900,400,"bu","09:50:35",1974100
41550,900,1600,"bu","09:50:37",1975700
41550,900,900,"bu","09:50:41",1976600
41550,900,400,"bu","09:50:44",1977000
41550,900,3900,"bu","09:50:45",1980900
41600,950,500,"sd","09:50:47",1981400
41550,900,10500,"sd","09:50:50",1991900
41550,900,3800,"bu","09:50:54",1995700
41550,900,200,"bu","09:50:56",1995900
41550,900,4200,"sd","09:50:58",2000100
41600,950,300,"bu","09:51:02",2000400
41600,950,800,"sd","09:51:06",2001200
41550,900,2200,"sd","09:51:07",2003400
41600,950,500,"bu","09:51:08",2003900
41600,950,800,"sd","09:51:10",2004700
41600,950,500,"bu","09:51:14",2005200
41600,950,200,"bu","09:51:15",2005400
41600,950,1600,"bu","09:51:17",2007000
41600,950,100,"bu","09:51:17",2006000
41600,950,1300,"sd","09:51:20",2007300
41550,900,1700,"bu","09:51:22",2009000
41550,900,400,"bu","09:51:26",2009400
41500,850,500,"bu","09:51:27",2009900
41550,900,5000,"bu","09:51:30",2014900
41550,900,100,"sd","09:51:34",2015000
41550,900,400,"sd","09:51:36",2015400
41550,900,500,"sd","09:51:38",2015900
41550,900,500,"sd","09:51:46",2016400
41550,900,400,"sd","09:51:47",2016800
41500,850,100,"sd","09:51:54",2016900
41550,900,400,"bu","09:51:55",2017300
41550,900,2800,"sd","09:51:56",2020100
41550,900,100,"sd","09:51:59",2020600
41550,900,400,"sd","09:52:04",2021000
41500,850,30000,"bu","09:52:06",2051000
41550,900,400,"bu","09:52:07",2051400
41550,900,24200,"bu","09:52:12",2075600
41500,850,600,"bu","09:52:13",2076200
41550,900,400,"sd","09:52:13",2076600
41550,900,10000,"sd","09:52:16",2086600
41550,900,400,"bu","09:52:17",2087000
41550,900,100,"bu","09:52:18",2087100
41550,900,20700,"sd","09:52:22",2107800
41550,900,300,"sd","09:52:24",2108100
41550,900,800,"bu","09:52:25",2108900
41550,900,300,"bu","09:52:27",2109300
41550,900,10600,"sd","09:52:31",2119900
41500,850,500,"bu","09:52:32",2120400
41550,900,1000,"sd","09:52:35",2121400
41550,900,12400,"bu","09:52:37",2133800
41600,950,1900,"bu","09:52:38",2135700
41550,900,600,"bu","09:52:40",2136300
41550,900,1500,"bu","09:52:42",2137800
41600,950,100,"sd","09:52:43",2137900
41600,950,400,"sd","09:52:48",2138300
41600,950,500,"sd","09:52:49",2138800
41600,950,100,"bu","09:52:55",2138900
41600,950,400,"sd","09:52:58",2139300
41600,950,500,"bu","09:53:04",2139800
41550,900,15500,"sd","09:53:06",2155300
41600,950,500,"sd","09:53:07",2155800
41600,950,400,"sd","09:53:09",2156200
41550,900,1300,"bu","09:53:10",2157500
41550,900,100,"sd","09:53:11",2157600
41550,900,800,"sd","09:53:13",2158400
41550,900,8000,"sd","09:53:15",2166400
41550,900,12400,"bu","09:53:17",2178800
41600,950,400,"bu","09:53:20",2179200
41550,900,100,"sd","09:53:24",2179300
41600,950,600,"sd","09:53:26",2179900
41550,900,300,"bu","09:53:29",2180200
41600,950,500,"sd","09:53:32",2180700
41600,950,500,"sd","09:53:35",2181200
41550,900,3800,"bu","09:53:37",2185000
41550,900,1800,"bu","09:53:38",2186800
41550,900,1000,"sd","09:53:39",2187800
41550,900,900,"bu","09:53:40",2188700
41600,950,1900,"sd","09:53:43",2190900
41600,950,400,"sd","09:53:44",2191300
41600,950,100,"bu","09:53:47",2191400
41550,900,1900,"sd","09:53:49",2193300
41600,950,300,"sd","09:53:49",2193600
41600,950,400,"bu","09:53:50",2194000
41550,900,1400,"sd","09:53:55",2195400
41550,900,500,"bu","09:53:57",2195900
41600,950,18000,"sd","09:53:58",2213900
41550,900,100,"bu","09:53:59",2214000
41600,950,400,"sd","09:54:01",2214400
41600,950,400,"sd","09:54:02",2214800
41600,950,100,"bu","09:54:08",2214900
41600,950,800,"sd","09:54:12",2215700
41600,950,500,"sd","09:54:20",2216200
41550,900,1000,"bu","09:54:21",2217200
41600,950,400,"bu","09:54:22",2217600
41550,900,1100,"bu","09:54:28",2218700
41600,950,500,"bu","09:54:29",2219200
41600,950,900,"bu","09:54:39",2220100
41600,950,100,"bu","09:54:41",2220200
41550,900,19200,"bu","09:54:44",2239400
41550,900,100,"sd","09:54:47",2239500
41550,900,700,"sd","09:54:49",2240200
41550,900,100,"sd","09:54:51",2240300
41550,900,400,"sd","09:54:53",2240700
41550,900,600,"sd","09:55:02",2241300
41550,900,400,"sd","09:55:04",2241700
41550,900,500,"sd","09:55:07",2242200
41550,900,1100,"bu","09:55:08",2243300
41550,900,4600,"sd","09:55:09",2247900
41550,900,100,"sd","09:55:12",2248000
41550,900,1000,"sd","09:55:14",2249000
41550,900,1500,"sd","09:55:15",2250500
41550,900,400,"sd","09:55:16",2250900
41550,900,2000,"bu","09:55:21",2252900
41550,900,500,"bu","09:55:23",2253400
41550,900,900,"sd","09:55:25",2254300
41550,900,100,"sd","09:55:26",2254400
41550,900,500,"bu","09:55:28",2254900
41550,900,1100,"bu","09:55:31",2256000
41550,900,500,"bu","09:55:34",2256500
41550,900,400,"bu","09:55:36",2256900
41500,850,4200,"bu","09:55:44",2261100
41550,900,400,"bu","09:55:46",2261500
41500,850,500,"sd","09:55:48",2262000
41550,900,400,"sd","09:55:52",2262400
41550,900,100,"bu","09:55:55",2262500
41550,900,2400,"sd","09:55:57",2264900
41500,850,700,"sd","09:56:01",2270600
41550,900,400,"sd","09:56:02",2271000
41500,850,1000,"sd","09:56:03",2272000
41550,900,400,"sd","09:56:07",2272400
41550,900,100,"sd","09:56:08",2272500
41500,850,500,"sd","09:56:09",2273000
41500,850,2900,"bu","09:56:10",2275900
41550,900,400,"bu","09:56:10",2276300
41550,900,200,"bu","09:56:16",2276500
41550,900,300,"bu","09:56:17",2276800
41550,900,400,"bu","09:56:18",2277200
41500,850,10500,"sd","09:56:27",2287700
41550,900,10400,"bu","09:56:28",2298100
41500,850,900,"bu","09:56:30",2299000
41500,850,100,"sd","09:56:31",2299100
41500,850,1000,"bu","09:56:32",2300100
41500,850,600,"bu","09:56:35",2300700
41550,900,600,"sd","09:56:37",2301300
41550,900,1100,"sd","09:56:38",2302400
41550,900,400,"sd","09:56:39",2302800
41500,850,200,"bu","09:56:43",2303000
41500,850,1000,"bu","09:56:43",2304000
41500,850,12000,"bu","09:56:45",2316000
41500,850,1000,"sd","09:56:46",2317000
41550,900,12400,"sd","09:56:47",2329400
41500,850,3500,"bu","09:56:48",2332900
41500,850,100,"sd","09:56:50",2333100
41500,850,1000,"sd","09:56:51",2334100
41500,850,1800,"bu","09:56:53",2335900
41500,850,100,"sd","09:57:00",2336000
41500,850,300,"bu","09:57:01",2336300
41500,850,100,"sd","09:57:05",2336400
41500,850,400,"bu","09:57:07",2336800
41500,850,1000,"sd","09:57:08",2337800
41500,850,400,"sd","09:57:11",2338200
41450,800,600,"sd","09:57:19",2338800
41450,800,200,"bu","09:57:21",2339000
41500,850,400,"bu","09:57:22",2339400
41450,800,7900,"sd","09:57:23",2347300
41500,850,400,"sd","09:57:25",2347700
41450,800,2100,"bu","09:57:26",2349800
41450,800,600,"sd","09:57:32",2350400
41450,800,6100,"sd","09:57:33",2356500
41450,800,1000,"sd","09:57:41",2357500
41450,800,500,"sd","09:57:42",2358000
41450,800,800,"bu","09:57:52",2358800
41400,750,20400,"sd","09:57:56",2379200
41400,750,6600,"bu","09:57:58",2385800
41400,750,4300,"bu","09:57:59",2390100
41450,800,200,"sd","09:58:00",2390300
41400,750,300,"bu","09:58:01",2390600
41450,800,400,"bu","09:58:02",2391000
41450,800,500,"sd","09:58:04",2391500
41400,750,3900,"bu","09:58:11",2395400
41350,700,5000,"sd","09:58:13",2400400
41450,800,400,"bu","09:58:15",2400800
41400,750,500,"sd","09:58:26",2401300
41350,700,3000,"bu","09:58:29",2404300
41400,750,400,"sd","09:58:31",2404700
41400,750,400,"bu","09:58:35",2405100
41400,750,500,"sd","09:58:40",2405600
41400,750,100,"bu","09:58:44",2405700
41400,750,700,"sd","09:58:46",2406400
41400,750,100,"bu","09:58:47",2406500
41400,750,400,"sd","09:58:49",2406900
41350,700,1300,"sd","09:59:04",2408200
41400,750,700,"bu","09:59:07",2408900
41400,750,100,"sd","09:59:08",2409000
41400,750,14800,"bu","09:59:14",2423800
41400,750,400,"sd","09:59:16",2424200
41350,700,1200,"bu","09:59:20",2425400
41400,750,600,"bu","09:59:22",2426000
41350,700,5200,"bu","09:59:23",2431200
41400,750,400,"sd","09:59:25",2431600
41350,700,600,"sd","09:59:28",2432200
41400,750,100,"sd","09:59:30",2432300
41400,750,400,"bu","09:59:34",2432700
41400,750,1400,"bu","09:59:38",2434100
41400,750,700,"bu","09:59:42",2434800
41400,750,400,"bu","09:59:43",2435200
41400,750,500,"sd","09:59:51",2435700
41400,750,400,"sd","09:59:52",2436100
41400,750,2100,"sd","10:00:10",2438200
41350,700,200,"sd","10:00:12",2438400
41400,750,100,"bu","10:00:13",2438500
41400,750,1000,"sd","10:00:14",2439500
41400,750,800,"sd","10:00:20",2440300
41400,750,10000,"sd","10:00:24",2450300
41400,750,2000,"sd","10:00:26",2452300
41400,750,400,"bu","10:00:28",2452700
41400,750,5000,"bu","10:00:29",2457700
41400,750,400,"sd","10:00:30",2458100
41400,750,2000,"bu","10:00:31",2460100
41400,750,200,"bu","10:00:31",2460300
41450,800,100,"bu","10:00:34",2460400
41450,800,400,"bu","10:00:38",2460800
41400,750,1000,"sd","10:00:39",2461800
41450,800,400,"bu","10:00:40",2462200
41400,750,200,"sd","10:00:41",2462400
41450,800,400,"sd","10:00:46",2462800
41400,750,1800,"sd","10:00:52",2464600
41450,800,900,"sd","10:00:55",2465500
41450,800,2700,"sd","10:00:56",2468200
41400,750,2700,"sd","10:00:57",2470900
41400,750,600,"bu","10:01:01",2471500
41450,800,800,"bu","10:01:05",2472300
41400,750,2200,"sd","10:01:10",2474500
41400,750,200,"sd","10:01:11",2474700
41450,800,400,"bu","10:01:13",2475100
41400,750,900,"bu","10:01:14",2476000
41450,800,300,"sd","10:01:15",2476300
41450,800,100,"bu","10:01:18",2476400
41450,800,5000,"sd","10:01:23",2481400
41450,800,400,"bu","10:01:23",2481800
41450,800,3100,"bu","10:01:33",2484900
41450,800,400,"sd","10:01:34",2485300
41400,750,500,"sd","10:01:35",2485800
41450,800,100,"sd","10:01:39",2485900
41400,750,800,"bu","10:01:41",2486700
41450,800,400,"sd","10:01:45",2487100
41400,750,500,"bu","10:01:51",2487600
41450,800,600,"bu","10:01:56",2488200
41450,800,2600,"sd","10:01:58",2490800
41450,800,100,"bu","10:02:00",2490900
41400,750,200,"bu","10:02:01",2491100
41400,750,100,"sd","10:02:04",2491200
41450,800,400,"sd","10:02:06",2491600
41400,750,700,"sd","10:02:14",2492300
41450,800,900,"bu","10:02:17",2493200
41400,750,11400,"sd","10:02:19",2504600
41400,750,500,"bu","10:02:20",2505100
41400,750,1100,"bu","10:02:21",2506200
41450,800,500,"bu","10:02:26",2506800
41450,800,300,"sd","10:02:27",2507100
41400,750,100,"sd","10:02:31",2507200
41450,800,400,"sd","10:02:36",2507600
41450,800,3900,"bu","10:02:37",2511500
41400,750,1000,"sd","10:02:39",2512500
41400,750,4500,"bu","10:02:41",2517000
41450,800,100,"bu","10:02:43",2517100
41450,800,400,"sd","10:02:44",2517500
41450,800,2100,"bu","10:03:03",2519600
41450,800,500,"bu","10:03:10",2520100
41400,750,2300,"sd","10:03:21",2522400
41400,750,500,"bu","10:03:25",2522900
41450,800,100,"bu","10:03:26",2523000
41400,750,14600,"bu","10:03:28",2537600
41400,750,400,"sd","10:03:29",2538000
41350,700,1600,"bu","10:03:31",2539600
41350,700,100,"sd","10:03:41",2539700
41400,750,400,"sd","10:03:41",2540100
41400,750,1400,"sd","10:03:44",2541500
41400,750,100,"bu","10:03:48",2541600
41400,750,400,"sd","10:03:49",2542000
41350,700,100,"bu","10:03:51",2542100
41400,750,6400,"sd","10:03:52",2548500
41350,700,100,"sd","10:03:53",2548600
41400,750,400,"sd","10:03:59",2549000
41350,700,500,"sd","10:04:01",2549500
41400,750,400,"sd","10:04:02",2549900
41400,750,4400,"bu","10:04:03",2554300
41450,800,400,"sd","10:04:07",2554700
41400,750,200,"bu","10:04:08",2554900
41450,800,100,"sd","10:04:10",2555000
41400,750,400,"sd","10:04:11",2555400
41450,800,300,"sd","10:04:13",2555700
41450,800,400,"bu","10:04:16",2556100
41400,750,200,"sd","10:04:20",2556300
41400,750,100,"sd","10:04:22",2556400
41450,800,400,"sd","10:04:23",2556800
41400,750,900,"sd","10:04:30",2557700
41450,800,200,"sd","10:04:31",2557900
41450,800,400,"bu","10:04:34",2558300
41400,750,900,"bu","10:04:35",2559200
41400,750,100,"sd","10:04:41",2559300
41450,800,400,"sd","10:04:44",2559700
41450,800,92500,"bu","10:04:55",2652200
41450,800,1100,"sd","10:04:59",2653300
41450,800,7400,"bu","10:05:01",2660700
41500,850,500,"sd","10:05:02",2661200
41450,800,100,"sd","10:05:04",2661300
41500,850,600,"bu","10:05:06",2661900
41450,800,1000,"bu","10:05:11",2662900
41450,800,600,"sd","10:05:14",2663500
41500,850,400,"sd","10:05:15",2663900
41450,800,500,"sd","10:05:21",2664400
41450,800,4100,"sd","10:05:25",2668500
41500,850,300,"bu","10:05:26",2668800
41500,850,400,"bu","10:05:29",2669200
41450,800,300,"sd","10:05:30",2669500
41450,800,400,"bu","10:05:31",2669900
41500,850,600,"sd","10:05:36",2670500
41500,850,4500,"sd","10:05:36",2675000
41500,850,100500,"sd","10:05:38",2775500
41550,900,500,"bu","10:05:39",2776000
41500,850,8500,"sd","10:05:41",2784500
41550,900,3700,"bu","10:05:45",2788200
41550,900,400,"bu","10:05:46",2788600
41550,900,4500,"sd","10:05:47",2793100
41550,900,3000,"bu","10:05:49",2796100
41550,900,50000,"bu","10:05:51",2846100
41500,850,1600,"bu","10:05:51",2847700
41550,900,100,"sd","10:05:54",2847800
41550,900,30000,"bu","10:05:55",2877800
41550,900,400,"bu","10:05:56",2878200
41600,950,111900,"bu","10:05:57",2990100
41600,950,2000,"sd","10:05:59",2992100
41600,950,15600,"sd","10:06:01",3007700
41650,1000,400,"bu","10:06:04",3008100
41650,1000,400,"sd","10:06:07",3008500
41600,950,1300,"sd","10:06:11",3009800
41650,1000,300,"bu","10:06:12",3010100
41650,1000,4200,"sd","10:06:14",3014300
41650,1000,400,"sd","10:06:18",3014700
41650,1000,100,"bu","10:06:18",3014800
41600,950,500,"sd","10:06:21",3015300
41650,1000,400,"sd","10:06:23",3015700
41650,1000,200,"bu","10:06:28",3015900
41650,1000,1300,"bu","10:06:29",3017200
41600,950,100,"bu","10:06:31",3017300
41650,1000,400,"bu","10:06:32",3017700
41600,950,1000,"sd","10:06:40",3018700
41600,950,100,"bu","10:06:41",3019200
41650,1000,30000,"bu","10:06:48",3049200
41650,1000,400,"bu","10:06:50",3049600
41650,1000,400,"sd","10:06:50",3050000
41600,950,2500,"bu","10:06:51",3052500
41650,1000,100,"sd","10:06:52",3052600
41600,950,1100,"sd","10:06:54",3053700
41650,1000,8500,"bu","10:06:56",3062200
41650,1000,400,"sd","10:06:59",3062600
41600,950,2000,"bu","10:07:00",3064600
41600,950,1100,"sd","10:07:01",3065700
41650,1000,500,"bu","10:07:02",3066200
41650,1000,500,"bu","10:07:08",3066700
41650,1000,5300,"sd","10:07:09",3072000
41650,1000,13100,"sd","10:07:10",3085100
41650,1000,7500,"sd","10:07:11",3092600
41600,950,2100,"bu","10:07:11",3094700
41700,1050,400,"bu","10:07:12",3095100
41650,1000,500,"bu","10:07:14",3095600
41700,1050,400,"bu","10:07:17",3096000
41650,1000,5000,"sd","10:07:18",3101000
41650,1000,700,"sd","10:07:21",3101700
41700,1050,400,"bu","10:07:25",3102100
41650,1000,900,"bu","10:07:26",3103000
41650,1000,1000,"bu","10:07:28",3104000
41650,1000,300,"sd","10:07:31",3104300
41700,1050,400,"sd","10:07:32",3104700
41650,1000,500,"bu","10:07:34",3105200
41700,1050,400,"bu","10:07:36",3105600
41650,1000,100,"bu","10:07:37",3105700
41700,1050,400,"sd","10:07:43",3106100
41650,1000,600,"sd","10:07:45",3106700
41700,1050,400,"bu","10:07:46",3107100
41700,1050,900,"sd","10:07:46",3108000
41700,1050,100,"bu","10:07:47",3108100
41700,1050,500,"sd","10:07:53",3108600
41700,1050,200,"sd","10:07:54",3108800
41700,1050,400,"bu","10:07:55",3109200
41700,1050,10000,"sd","10:07:56",3119200
41650,1000,2400,"bu","10:07:57",3121600
41700,1050,900,"bu","10:08:01",3122500
41650,1000,1000,"sd","10:08:01",3123500
41700,1050,800,"sd","10:08:04",3124300
41700,1050,200,"sd","10:08:05",3124500
41700,1050,100,"bu","10:08:06",3124600
41700,1050,2000,"bu","10:08:09",3126600
41650,1000,10400,"sd","10:08:11",3137000
41700,1050,49800,"bu","10:08:11",3186800
41700,1050,36100,"sd","10:08:12",3222900
41700,1050,1000,"sd","10:08:12",3223900
41750,1100,1100,"bu","10:08:14",3225000
41750,1100,300,"bu","10:08:15",3225300
41700,1050,7800,"sd","10:08:21",3233100
41700,1050,1100,"bu","10:08:22",3234200
41700,1050,2000,"bu","10:08:23",3236200
41750,1100,300,"sd","10:08:25",3236500
41750,1100,30000,"sd","10:08:26",3266500
41750,1100,200,"sd","10:08:27",3266700
41750,1100,20000,"bu","10:08:30",3286700
41700,1050,5300,"sd","10:08:31",3292000
41750,1100,11300,"bu","10:08:32",3303300
41750,1100,8700,"bu","10:08:32",3312000
41750,1100,20000,"sd","10:08:33",3332000
41750,1100,400,"bu","10:08:34",3332400
41750,1100,2300,"bu","10:08:36",3334700
41750,1100,6500,"bu","10:08:37",3341200
41800,1150,500,"bu","10:08:38",3341700
41800,1150,71700,"bu","10:08:40",3413400
41800,1150,9400,"sd","10:08:41",3422800
41800,1150,5000,"sd","10:08:42",3427800
41800,1150,200,"bu","10:08:44",3428000
41800,1150,400,"sd","10:08:45",3428400
41800,1150,3500,"bu","10:08:49",3431900
41750,1100,600,"sd","10:08:52",3432500
41800,1150,800,"bu","10:08:52",3433300
41800,1150,9000,"sd","10:08:54",3442300
41800,1150,900,"bu","10:08:56",3443200
41800,1150,16500,"sd","10:08:57",3459700
41800,1150,1000,"bu","10:08:59",3460700
41800,1150,200,"sd","10:09:04",3460900
41850,1200,3800,"sd","10:09:06",3464700
41850,1200,100,"bu","10:09:07",3465100
41850,1200,17200,"sd","10:09:08",3482300
41850,1200,9600,"sd","10:09:09",3491900
41850,1200,200,"bu","10:09:09",3486600
41850,1200,5800,"sd","10:09:10",3492400
41850,1200,100,"sd","10:09:11",3492500
41850,1200,500,"bu","10:09:11",3493000
41850,1200,3000,"bu","10:09:12",3496000
41850,1200,1700,"sd","10:09:13",3497700
41850,1200,1600,"sd","10:09:14",3499300
41850,1200,1500,"sd","10:09:15",3500800
41850,1200,5800,"bu","10:09:16",3506600
41850,1200,100,"bu","10:09:17",3506700
41900,1250,1300,"bu","10:09:18",3508000
41850,1200,1000,"bu","10:09:20",3509000
41900,1250,3800,"bu","10:09:23",3512800
41900,1250,1000,"sd","10:09:25",3518300
41900,1250,5000,"bu","10:09:26",3523300
41900,1250,1700,"bu","10:09:28",3525000
41900,1250,20000,"bu","10:09:28",3545000
41900,1250,1400,"bu","10:09:29",3546400
41900,1250,20000,"bu","10:09:31",3566400
41900,1250,5400,"bu","10:09:32",3571800
41900,1250,2000,"sd","10:09:33",3573800
41900,1250,12600,"bu","10:09:34",3586400
41900,1250,1000,"sd","10:09:35",3607500
41900,1250,5400,"sd","10:09:37",3612900
41900,1250,5000,"bu","10:09:38",3617900
41900,1250,10200,"sd","10:09:39",3628100
41900,1250,2000,"bu","10:09:42",3630100
41900,1250,700,"bu","10:09:43",3630800
41950,1300,100,"sd","10:09:44",3630900
41950,1300,2100,"sd","10:09:49",3633000
41950,1300,5400,"sd","10:09:52",3638400
41950,1300,100,"sd","10:09:56",3638500
41900,1250,1500,"sd","10:09:57",3640000
41950,1300,400,"bu","10:09:58",3640400
41950,1300,3400,"sd","10:10:03",3643800
41950,1300,700,"bu","10:10:04",3644500
41950,1300,36000,"sd","10:10:05",3680500
41950,1300,3000,"bu","10:10:06",3683500
41950,1300,5500,"sd","10:10:07",3689000
41950,1300,15500,"sd","10:10:09",3704500
41950,1300,400,"bu","10:10:10",3704900
41950,1300,2000,"bu","10:10:11",3706900
41950,1300,6200,"sd","10:10:13",3713100
41950,1300,1000,"sd","10:10:18",3731500
41950,1300,700,"bu","10:10:19",3732200
42000,1350,500,"sd","10:10:22",3732700
42000,1350,9500,"sd","10:10:23",3742200
42000,1350,200,"sd","10:10:26",3742700
42000,1350,5000,"sd","10:10:28",3747700
42000,1350,5500,"bu","10:10:28",3753200
42000,1350,200,"sd","10:10:29",3753400
41950,1300,30000,"bu","10:10:33",3783400
42000,1350,2000,"bu","10:10:35",3785400
42000,1350,100,"sd","10:10:36",3785500
42000,1350,20900,"bu","10:10:37",3806400
42000,1350,9000,"bu","10:10:38",3815400
41950,1300,6700,"sd","10:10:39",3822100
42000,1350,4300,"sd","10:10:40",3842100
42000,1350,400,"bu","10:10:42",3842500
42000,1350,200,"sd","10:10:43",3842700
42000,1350,2000,"sd","10:10:45",3844700
42000,1350,600,"bu","10:10:46",3845300
42000,1350,7500,"bu","10:10:48",3852800
42000,1350,1300,"sd","10:10:49",3854100
42000,1350,100,"bu","10:10:49",3854200
42000,1350,2000,"sd","10:10:51",3856200
42000,1350,4100,"bu","10:10:52",3860300
42000,1350,29200,"sd","10:10:53",3889500
42000,1350,7600,"sd","10:10:54",3897100
42000,1350,400,"bu","10:10:55",3897500
42000,1350,10200,"sd","10:10:56",3907700
42000,1350,1000,"sd","10:10:57",3908700
42000,1350,11600,"bu","10:10:58",3920300
42000,1350,3600,"bu","10:11:00",3923900
42000,1350,2700,"sd","10:11:02",3926600
42000,1350,800,"bu","10:11:03",3927400
42000,1350,15000,"sd","10:11:03",3942400
42000,1350,7800,"sd","10:11:04",3950200
42000,1350,1000,"bu","10:11:06",3954100
42000,1350,200,"bu","10:11:07",3962200
42000,1350,4400,"bu","10:11:09",3972200
42000,1350,100,"sd","10:11:10",3972300
42000,1350,300,"bu","10:11:10",3972600
42000,1350,1300,"sd","10:11:11",3973900
42050,1400,400,"sd","10:11:13",3974300
42000,1350,100,"sd","10:11:19",3974400
42050,1400,400,"sd","10:11:22",3974800
42000,1350,4600,"sd","10:11:24",3979400
42050,1400,4600,"sd","10:11:27",3984000
42000,1350,6000,"sd","10:11:27",3990000
42000,1350,7100,"sd","10:11:29",3997100
42000,1350,100,"sd","10:11:31",3997200
42000,1350,1200,"bu","10:11:32",3998400
42000,1350,7000,"sd","10:11:33",4008400
42000,1350,3400,"bu","10:11:34",4011800
42000,1350,800,"sd","10:11:36",4014700
41950,1300,1000,"sd","10:11:42",4015700
41950,1300,100,"bu","10:11:44",4015800
42000,1350,4100,"bu","10:11:48",4019900
42000,1350,2200,"bu","10:11:49",4022100
41950,1300,200,"bu","10:11:50",4022300
41950,1300,1400,"sd","10:11:52",4023700
41950,1300,800,"bu","10:11:53",4024500
41950,1300,800,"sd","10:11:54",4025300
41900,1250,4400,"bu","10:12:02",4029700
41900,1250,1000,"sd","10:12:04",4030700
41900,1250,100,"sd","10:12:05",4030800
41850,1200,4600,"sd","10:12:07",4035400
41850,1200,600,"bu","10:12:09",4036000
41850,1200,1000,"bu","10:12:10",4037000
41850,1200,400,"sd","10:12:21",4037400
41850,1200,900,"bu","10:12:31",4038300
41850,1200,400,"bu","10:12:32",4038700
41800,1150,300,"bu","10:12:36",4039000
41800,1150,500,"sd","10:12:37",4039500
41850,1200,400,"bu","10:12:42",4039900
41850,1200,700,"sd","10:12:44",4040600
41850,1200,100,"sd","10:12:51",4040700
41850,1200,3800,"bu","10:12:57",4044500
41800,1150,100,"sd","10:13:00",4044600
41750,1100,2300,"bu","10:13:01",4046900
41850,1200,500,"sd","10:13:02",4047400
41850,1200,900,"sd","10:13:03",4048300
41800,1150,7400,"bu","10:13:15",4055700
41800,1150,2500,"sd","10:13:23",4058200
41800,1150,400,"sd","10:13:24",4058600
41800,1150,1500,"bu","10:13:26",4060100
41750,1100,100,"bu","10:13:26",4060200
41750,1100,1000,"sd","10:13:27",4061200
41750,1100,2000,"bu","10:13:28",4063200
41750,1100,3100,"bu","10:13:30",4066300
41800,1150,1900,"bu","10:13:32",4068200
41800,1150,400,"bu","10:13:34",4068600
41800,1150,100,"sd","10:13:35",4068700
41800,1150,300,"bu","10:13:39",4069000
41800,1150,2400,"bu","10:13:42",4071400
41800,1150,1300,"bu","10:13:45",4072700
41750,1100,200,"bu","10:13:50",4072900
41800,1150,400,"sd","10:13:51",4073300
41800,1150,1100,"sd","10:13:55",4074400
41800,1150,100,"sd","10:13:56",4074500
41800,1150,1000,"sd","10:13:57",4075500
41750,1100,2500,"bu","10:14:00",4078000
41800,1150,400,"sd","10:14:00",4078400
41800,1150,400,"sd","10:14:05",4078800
41800,1150,700,"bu","10:14:08",4079500
41800,1150,400,"sd","10:14:09",4079900
41750,1100,5800,"sd","10:14:18",4085700
41700,1050,600,"bu","10:14:20",4093900
41800,1150,3800,"bu","10:14:27",4097700
41750,1100,1000,"bu","10:14:29",4098700
41800,1150,2500,"bu","10:14:33",4101200
41700,1050,9300,"sd","10:14:35",4110500
41800,1150,400,"bu","10:14:37",4110900
41800,1150,100,"bu","10:14:39",4111000
41750,1100,400,"sd","10:14:47",4111400
41750,1100,700,"sd","10:14:52",4112100
41800,1150,400,"bu","10:14:57",4112500
41750,1100,1300,"sd","10:14:59",4113800
41800,1150,100,"bu","10:15:01",4113900
41800,1150,500,"bu","10:15:08",4114400
41800,1150,1500,"sd","10:15:12",4115900
41800,1150,200,"sd","10:15:14",4116100
41750,1100,400,"sd","10:15:17",4116500
41750,1100,600,"bu","10:15:20",4117100
41750,1100,200,"bu","10:15:21",4117300
41750,1100,300,"bu","10:15:22",4117600
41700,1050,500,"sd","10:15:23",4118100
41750,1100,100,"sd","10:15:26",4118200
41750,1100,300,"sd","10:15:28",4118500
41750,1100,400,"sd","10:15:30",4118900
41800,1150,400,"sd","10:15:31",4119300
41750,1100,400,"bu","10:15:35",4119700
41750,1100,100,"bu","10:15:36",4119800
41750,1100,500,"sd","10:15:41",4120300
41750,1100,100,"sd","10:15:43",4120400
41750,1100,400,"sd","10:15:44",4120800
41750,1100,100,"sd","10:15:44",4120900
41750,1100,200,"bu","10:15:45",4121100
41700,1050,10000,"bu","10:15:49",4131100
41750,1100,400,"bu","10:15:51",4131500
41750,1100,1200,"bu","10:15:52",4132700
41750,1100,400,"bu","10:15:53",4133100
41750,1100,100,"sd","10:15:54",4133200
41750,1100,400,"bu","10:16:02",4133600
41750,1100,500,"sd","10:16:05",4134100
41750,1100,400,"bu","10:16:08",4134500
41750,1100,400,"sd","10:16:11",4134900
41750,1100,5900,"bu","10:16:20",4140800
41750,1100,200,"sd","10:16:21",4141000
41750,1100,400,"sd","10:16:24",4141400
41700,1050,1000,"bu","10:16:25",4142400
41700,1050,34100,"sd","10:16:26",4176500
41700,1050,900,"sd","10:16:34",4177400
41700,1050,4200,"bu","10:16:41",4181600
41700,1050,400,"bu","10:16:43",4182000
41700,1050,700,"bu","10:16:46",4182700
41700,1050,7500,"sd","10:16:47",4190200
41750,1100,500,"bu","10:16:49",4190700
41750,1100,600,"sd","10:16:51",4191300
41700,1050,1400,"sd","10:16:53",4192700
41750,1100,400,"bu","10:16:55",4193100
41700,1050,500,"sd","10:16:59",4193600
41750,1100,400,"sd","10:17:05",4194000
41750,1100,500,"sd","10:17:07",4194500
41750,1100,200,"bu","10:17:09",4194700
41750,1100,400,"bu","10:17:15",4195100
41750,1100,600,"sd","10:17:21",4195700
41750,1100,600,"sd","10:17:25",4196300
41750,1100,400,"bu","10:17:26",4196700
41700,1050,1700,"bu","10:17:27",4198400
41750,1100,100,"sd","10:17:30",4198500
41750,1100,19600,"sd","10:17:32",4218100
41750,1100,600,"bu","10:17:33",4218700
41800,1150,200,"bu","10:17:34",4219100
41800,1150,400,"sd","10:17:36",4219500
41750,1100,2100,"sd","10:17:42",4221600
41800,1150,200,"sd","10:17:43",4222000
41800,1150,400,"bu","10:17:47",4222400
41800,1150,700,"bu","10:17:51",4223100
41800,1150,200,"sd","10:17:57",4228500
41800,1150,400,"sd","10:17:59",4228900
41800,1150,600,"sd","10:18:03",4229500
41800,1150,19100,"sd","10:18:04",4248600
41800,1150,300,"bu","10:18:08",4248900
41850,1200,400,"sd","10:18:09",4249300
41850,1200,10400,"bu","10:18:11",4259700
41850,1200,100,"sd","10:18:13",4259800
41850,1200,400,"sd","10:18:19",4260200
41850,1200,600,"sd","10:18:21",4260800
41850,1200,400,"sd","10:18:28",4261200
41850,1200,1500,"bu","10:18:34",4262700
41850,1200,300,"bu","10:18:36",4263000
41850,1200,500,"bu","10:18:37",4263500
41800,1150,500,"sd","10:18:39",4264000
41850,1200,400,"bu","10:18:40",4264400
41850,1200,1000,"bu","10:18:51",4265400
41850,1200,400,"sd","10:18:55",4265800
41850,1200,100,"bu","10:18:56",4265900
41850,1200,400,"bu","10:19:00",4266300
41850,1200,4200,"sd","10:19:05",4270500
41850,1200,100,"sd","10:19:17",4271400
41850,1200,1000,"bu","10:19:19",4272400
41850,1200,200,"bu","10:19:21",4272600
41850,1200,800,"sd","10:19:22",4273400
41850,1200,1600,"bu","10:19:38",4275000
41850,1200,400,"sd","10:19:41",4275400
41800,1150,900,"bu","10:19:43",4276300
41850,1200,400,"sd","10:19:50",4276700
41850,1200,600,"bu","10:19:57",4277300
41850,1200,500,"sd","10:19:58",4277800
41850,1200,4200,"sd","10:20:00",4282000
41850,1200,500,"bu","10:20:04",4282500
41850,1200,500,"sd","10:20:07",4283000
41850,1200,100,"sd","10:20:11",4283100
41850,1200,900,"sd","10:20:16",4284000
41850,1200,100,"sd","10:20:22",4284100
41850,1200,200,"bu","10:20:24",4284300
41850,1200,400,"sd","10:20:25",4284700
41850,1200,1600,"bu","10:20:30",4286300
41800,1150,10000,"sd","10:20:33",4296300
41850,1200,4500,"sd","10:20:34",4300800
41850,1200,100,"bu","10:20:43",4301300
41850,1200,400,"bu","10:20:44",4301700
41800,1150,1400,"bu","10:20:45",4303100
41850,1200,400,"bu","10:20:47",4303500
41800,1150,500,"bu","10:20:49",4304000
41850,1200,400,"sd","10:20:52",4304400
41850,1200,200,"sd","10:20:55",4304600
41850,1200,400,"bu","10:20:58",4305000
41800,1150,900,"bu","10:21:03",4305900
41850,1200,100,"sd","10:21:05",4306000
41850,1200,300,"bu","10:21:05",4306300
41850,1200,400,"sd","10:21:08",4306700
41850,1200,600,"bu","10:21:14",4307300
41850,1200,1200,"bu","10:21:15",4308500
41850,1200,400,"sd","10:21:19",4308900
41850,1200,800,"bu","10:21:24",4309700
41850,1200,100,"bu","10:21:26",4309800
41850,1200,400,"bu","10:21:28",4310200
41850,1200,1700,"bu","10:21:47",4311900
41850,1200,3900,"bu","10:21:49",4315800
41800,1150,2400,"sd","10:21:51",4318200
41800,1150,500,"sd","10:21:53",4318700
41850,1200,200,"sd","10:21:54",4318900
41850,1200,500,"sd","10:21:55",4319400
41850,1200,800,"sd","10:22:01",4320200
41850,1200,400,"sd","10:22:05",4320600
41850,1200,100,"bu","10:22:08",4320700
41850,1200,400,"bu","10:22:12",4321100
41850,1200,900,"bu","10:22:12",4322000
41850,1200,400,"bu","10:22:14",4322400
41850,1200,1000,"bu","10:22:25",4323400
41800,1150,100,"bu","10:22:26",4323500
41850,1200,500,"bu","10:22:30",4324000
41850,1200,500,"sd","10:22:31",4324500
41850,1200,400,"sd","10:22:32",4324900
41850,1200,900,"bu","10:22:40",4325800
41800,1150,600,"bu","10:22:41",4326400
41850,1200,400,"sd","10:22:43",4326800
41850,1200,500,"sd","10:22:51",4327300
41850,1200,400,"bu","10:22:54",4327700
41850,1200,200,"bu","10:22:55",4327900
41850,1200,100,"bu","10:22:58",4328000
41850,1200,400,"bu","10:22:59",4328400
41800,1150,500,"bu","10:23:00",4328900
41850,1200,400,"bu","10:23:04",4329300
41850,1200,500,"bu","10:23:13",4329800
41850,1200,400,"sd","10:23:14",4330200
41800,1150,1400,"sd","10:23:19",4331600
41800,1150,5000,"bu","10:23:23",4336600
41850,1200,400,"bu","10:23:25",4337000
41850,1200,600,"bu","10:23:27",4337600
41850,1200,1500,"bu","10:23:35",4339100
41850,1200,1200,"sd","10:23:41",4340300
41850,1200,400,"bu","10:23:44",4340700
41850,1200,3400,"bu","10:23:48",4344100
41850,1200,400,"sd","10:23:53",4344500
41850,1200,100,"sd","10:23:56",4344600
41850,1200,600,"sd","10:23:57",4345200
41800,1150,100,"bu","10:24:00",4345300
41800,1150,600,"bu","10:24:01",4345900
41850,1200,400,"sd","10:24:02",4346300
41800,1150,500,"sd","10:24:04",4346800
41850,1200,400,"sd","10:24:08",4347200
41800,1150,900,"sd","10:24:14",4348100
41850,1200,100,"sd","10:24:18",4348200
41850,1200,400,"sd","10:24:18",4348600
41800,1150,3900,"bu","10:24:22",4352500
41800,1150,100,"bu","10:24:24",4352600
41850,1200,200,"bu","10:24:27",4352800
41850,1200,800,"sd","10:24:28",4353600
41850,1200,400,"sd","10:24:38",4355300
41850,1200,100,"sd","10:24:39",4355800
41850,1200,200,"bu","10:24:40",4356000
41850,1200,800,"bu","10:24:49",4356800
41850,1200,600,"bu","10:24:56",4357400
41850,1200,500,"sd","10:25:00",4357900
41850,1200,400,"bu","10:25:05",4358300
41800,1150,500,"bu","10:25:10",4358800
41800,1150,4500,"bu","10:25:11",4363300
41800,1150,1000,"bu","10:25:13",4364300
41850,1200,1400,"bu","10:25:14",4365700
41800,1150,10000,"sd","10:25:15",4375700
41800,1150,900,"sd","10:25:17",4376600
41800,1150,600,"bu","10:25:19",4377200
41850,1200,30500,"bu","10:25:21",4407700
41850,1200,400,"sd","10:25:23",4408100
41850,1200,200,"sd","10:25:27",4408300
41850,1200,400,"sd","10:25:32",4408700
41850,1200,2700,"sd","10:25:43",4411400
41850,1200,500,"sd","10:25:50",4411900
41800,1150,600,"sd","10:25:53",4412500
41850,1200,200,"sd","10:25:57",4412700
41850,1200,400,"sd","10:25:59",4413100
41850,1200,800,"bu","10:26:05",4413900
41850,1200,400,"sd","10:26:08",4414300
41850,1200,20000,"bu","10:26:12",4434300
41850,1200,1400,"sd","10:26:15",4435700
41800,1150,10400,"sd","10:26:20",4446100
41850,1200,31300,"bu","10:26:27",4477400
41850,1200,100,"sd","10:26:31",4477500
41850,1200,800,"sd","10:26:35",4478300
41850,1200,100,"sd","10:26:36",4478400
41850,1200,3100,"bu","10:26:38",4481500
41900,1250,400,"sd","10:26:44",4481900
41900,1250,400,"bu","10:26:53",4482300
41900,1250,200,"bu","10:26:57",4482500
41900,1250,400,"sd","10:27:02",4482900
41850,1200,1300,"sd","10:27:21",4484200
41900,1250,5000,"bu","10:27:24",4489200
41900,1250,200,"bu","10:27:27",4489400
41900,1250,5400,"bu","10:27:29",4494800
41850,1200,1100,"bu","10:27:35",4495900
41900,1250,400,"bu","10:27:38",4496300
41900,1250,100,"bu","10:27:43",4496400
41900,1250,400,"sd","10:27:47",4496800
41850,1200,5700,"sd","10:27:53",4502500
41900,1250,400,"sd","10:27:56",4502900
41900,1250,200,"sd","10:27:57",4503100
41900,1250,100,"sd","10:28:01",4503200
41900,1250,400,"bu","10:28:05",4503600
41900,1250,100,"bu","10:28:09",4503700
41900,1250,600,"bu","10:28:09",4504300
41850,1200,3800,"sd","10:28:13",4508100
41900,1250,400,"bu","10:28:15",4508500
41900,1250,28200,"bu","10:28:21",4536700
41950,1300,400,"bu","10:28:23",4537100
41900,1250,500,"sd","10:28:26",4537600
41950,1300,1000,"bu","10:28:28",4538600
41900,1250,100,"bu","10:28:30",4540000
41950,1300,300,"sd","10:28:32",4540300
41900,1250,800,"bu","10:28:40",4541100
41950,1300,30200,"sd","10:28:49",4571300
42000,1350,30400,"sd","10:28:54",4601700
42000,1350,400,"bu","10:28:59",4602100
41950,1300,2000,"bu","10:29:01",4604100
42000,1350,5000,"bu","10:29:04",4609100
42000,1350,3200,"bu","10:29:07",4612300
42000,1350,36800,"bu","10:29:08",4649100
42000,1350,100,"bu","10:29:15",4649200
42000,1350,13900,"bu","10:29:16",4663100
42000,1350,400,"sd","10:29:19",4663500
42000,1350,30400,"bu","10:29:19",4693900
42000,1350,44400,"bu","10:29:20",4738300
42050,1400,400,"sd","10:29:28",4738700
42000,1350,500,"bu","10:29:31",4739200
42000,1350,600,"bu","10:29:38",4739800
42050,1400,5000,"bu","10:29:41",4744800
42050,1400,400,"bu","10:29:46",4745200
42000,1350,100,"bu","10:29:48",4745300
42050,1400,5000,"bu","10:29:49",4750300
42050,1400,200,"bu","10:29:50",4750500
42050,1400,700,"sd","10:29:51",4751200
42050,1400,200,"sd","10:29:52",4751400
42050,1400,400,"sd","10:29:55",4751800
42050,1400,500,"bu","10:29:59",4752300
42050,1400,100,"sd","10:30:02",4752400
42000,1350,1400,"sd","10:30:03",4753800
42050,1400,400,"bu","10:30:04",4754200
42050,1400,200,"bu","10:30:08",4754400
42050,1400,400,"bu","10:30:14",4754800
42050,1400,1000,"sd","10:30:14",4755800
42050,1400,2400,"sd","10:30:23",4758200
42050,1400,3400,"sd","10:30:31",4761600
42000,1350,1000,"bu","10:30:32",4762600
42050,1400,700,"bu","10:30:33",4763300
42000,1350,500,"sd","10:30:36",4763800
42000,1350,1000,"bu","10:30:38",4764800
42050,1400,500,"sd","10:30:40",4765300
42000,1350,100,"sd","10:30:43",4765400
42000,1350,5000,"sd","10:30:46",4770400
42050,1400,400,"bu","10:30:49",4770800
42000,1350,100,"bu","10:30:51",4770900
42000,1350,1100,"bu","10:30:56",4772000
42050,1400,500,"bu","10:30:56",4772500
42050,1400,1100,"bu","10:30:59",4773600
42050,1400,300,"sd","10:31:01",4773900
42000,1350,500,"bu","10:31:04",4774400
42000,1350,2000,"sd","10:31:04",4776400
42000,1350,10700,"bu","10:31:12",4787100
42050,1400,400,"bu","10:31:16",4787500
42000,1350,3100,"sd","10:31:20",4790600
42050,1400,400,"sd","10:31:26",4791000
42000,1350,5000,"sd","10:31:27",4796000
42050,1400,400,"sd","10:31:35",4796400
42000,1350,500,"bu","10:31:36",4796900
42000,1350,5000,"bu","10:31:39",4801900
42000,1350,100,"sd","10:31:41",4802000
42000,1350,900,"sd","10:31:42",4802900
42050,1400,5500,"bu","10:31:43",4808400
42000,1350,2400,"sd","10:31:46",4810800
42000,1350,6000,"sd","10:31:48",4816800
42000,1350,500,"sd","10:31:50",4817300
42000,1350,1500,"sd","10:31:51",4818800
42000,1350,1900,"bu","10:31:52",4820700
42050,1400,400,"sd","10:31:53",4821100
42000,1350,100,"sd","10:31:54",4821200
42000,1350,3700,"sd","10:31:55",4824900
42000,1350,3000,"bu","10:31:57",4827900
42000,1350,600,"sd","10:31:58",4828500
41950,1300,1000,"bu","10:32:01",4829500
42000,1350,2000,"sd","10:32:05",4831500
42000,1350,100,"bu","10:32:05",4831600
41950,1300,1000,"bu","10:32:08",4832600
42000,1350,4100,"bu","10:32:10",4836700
42000,1350,400,"sd","10:32:12",4837100
42000,1350,1000,"bu","10:32:13",4838100
42000,1350,100,"bu","10:32:18",4838200
42000,1350,300,"bu","10:32:20",4838500
42000,1350,10400,"bu","10:32:21",4848900
42000,1350,2600,"bu","10:32:27",4851500
42000,1350,1400,"bu","10:32:30",4852900
42000,1350,25000,"sd","10:32:35",4877900
42000,1350,900,"sd","10:32:41",4878800
42000,1350,1200,"sd","10:32:42",4880000
42000,1350,500,"bu","10:32:46",4880500
42050,1400,400,"sd","10:32:48",4880900
42000,1350,700,"sd","10:32:55",4881600
42000,1350,300,"sd","10:32:56",4881900
42000,1350,1400,"sd","10:32:57",4883300
42050,1400,100,"sd","10:33:06",4885000
42050,1400,400,"sd","10:33:15",4885400
42050,1400,2000,"sd","10:33:23",4887400
42050,1400,400,"bu","10:33:24",4887800
42000,1350,5000,"sd","10:33:25",4892800
42050,1400,400,"bu","10:33:29",4893200
42050,1400,400,"sd","10:33:34",4893600
42050,1400,1000,"bu","10:33:35",4894600
42050,1400,400,"sd","10:33:42",4895000
42000,1350,100,"sd","10:33:47",4895100
42000,1350,900,"sd","10:33:51",4896000
42000,1350,1800,"bu","10:33:58",4897800
42050,1400,200,"bu","10:34:00",4898300
42000,1350,1600,"bu","10:34:04",4903300
42050,1400,400,"bu","10:34:09",4903700
42050,1400,200,"sd","10:34:10",4903900
42050,1400,2400,"bu","10:34:18",4906300
42050,1400,2400,"sd","10:34:27",4908700
42000,1350,500,"sd","10:34:45",4909600
42050,1400,400,"sd","10:34:46",4910000
42000,1350,900,"sd","10:34:49",4910900
42050,1400,400,"bu","10:34:54",4911300
42000,1350,2000,"bu","10:34:57",4913300
42000,1350,100,"sd","10:34:59",4913400
42000,1350,1000,"sd","10:35:02",4914400
42050,1400,400,"bu","10:35:03",4914800
42050,1400,100,"bu","10:35:04",4914900
42050,1400,700,"bu","10:35:12",4915600
42000,1350,5000,"bu","10:35:24",4921000
42000,1350,500,"bu","10:35:29",4921500
42000,1350,600,"bu","10:35:31",4922100
42000,1350,10000,"bu","10:35:38",4932100
42050,1400,400,"bu","10:35:40",4932500
42000,1350,500,"sd","10:35:41",4933000
42050,1400,400,"sd","10:35:48",4933400
42000,1350,1000,"sd","10:35:52",4934400
42000,1350,100,"sd","10:35:53",4934500
42050,1400,400,"bu","10:35:57",4934900
42050,1400,5300,"bu","10:35:58",4940200
42000,1350,500,"sd","10:36:01",4940700
42000,1350,700,"bu","10:36:03",4941400
42000,1350,100,"sd","10:36:06",4941500
42050,1400,400,"sd","10:36:07",4941900
42000,1350,8400,"sd","10:36:08",4950300
42050,1400,1000,"sd","10:36:11",4951300
42000,1350,7000,"sd","10:36:13",4958300
42050,1400,300,"bu","10:36:15",4958600
42050,1400,100,"sd","10:36:16",4958700
42000,1350,2500,"sd","10:36:17",4961200
42000,1350,4000,"sd","10:36:19",4965200
42000,1350,100,"bu","10:36:21",4965300
42000,1350,400,"sd","10:36:24",4965700
42000,1350,1600,"bu","10:36:26",4967300
42000,1350,500,"bu","10:36:27",4967800
42000,1350,1900,"bu","10:36:30",4969700
42050,1400,1100,"sd","10:36:34",4970800
42000,1350,5100,"bu","10:36:35",4975900
42000,1350,2000,"bu","10:36:37",4977900
42000,1350,500,"sd","10:36:43",4978400
42000,1350,11000,"sd","10:36:44",4989400
42000,1350,5600,"bu","10:36:45",4995000
42000,1350,2300,"bu","10:36:47",4997300
42000,1350,600,"bu","10:36:49",4997900
41950,1300,500,"bu","10:36:57",4998400
42000,1350,400,"bu","10:36:59",4998800
42000,1350,900,"bu","10:37:05",4999700
42000,1350,27900,"sd","10:37:07",5027600
42000,1350,500,"bu","10:37:08",5028100
42000,1350,100,"bu","10:37:11",5028200
42050,1400,400,"bu","10:37:12",5028600
42000,1350,100,"sd","10:37:18",5028700
42050,1400,900,"bu","10:37:21",5029600
42000,1350,1000,"bu","10:37:25",5030600
42000,1350,4200,"sd","10:37:29",5034800
42050,1400,700,"bu","10:37:30",5035500
42000,1350,500,"sd","10:37:31",5036000
42000,1350,200,"bu","10:37:34",5036200
42000,1350,500,"sd","10:37:38",5036700
42050,1400,400,"sd","10:37:39",5037100
42000,1350,500,"sd","10:37:45",5037600
42050,1400,400,"sd","10:37:48",5038000
42000,1350,1000,"sd","10:37:49",5039000
42000,1350,400,"sd","10:37:51",5039400
42000,1350,6100,"bu","10:37:54",5045500
42000,1350,400,"bu","10:38:05",5046500
42000,1350,5800,"bu","10:38:12",5052300
42000,1350,4600,"bu","10:38:13",5056900
42000,1350,400,"bu","10:38:15",5057300
42000,1350,200,"sd","10:38:15",5057500
42000,1350,400,"bu","10:38:16",5057900
42000,1350,500,"sd","10:38:26",5058400
42000,1350,500,"sd","10:38:29",5058900
42000,1350,3100,"sd","10:38:32",5062000
42000,1350,6100,"sd","10:38:33",5068100
42050,1400,400,"bu","10:38:34",5068500
42000,1350,1000,"sd","10:38:37",5069500
42000,1350,3800,"sd","10:38:42",5073300
42050,1400,600,"sd","10:38:43",5073900
42050,1400,500,"bu","10:38:48",5074400
42000,1350,600,"sd","10:38:56",5075000
42000,1350,1000,"bu","10:39:01",5076000
42050,1400,500,"sd","10:39:01",5076500
42000,1350,1000,"bu","10:39:07",5077500
42050,1400,400,"sd","10:39:11",5077900
42000,1350,100,"bu","10:39:12",5078000
42000,1350,1100,"sd","10:39:16",5079100
42000,1350,500,"bu","10:39:18",5079600
42000,1350,2800,"bu","10:39:18",5082400
42000,1350,1100,"bu","10:39:19",5083500
42000,1350,10000,"sd","10:39:28",5093500
42000,1350,400,"sd","10:39:29",5093900
42000,1350,700,"sd","10:39:31",5094600
42000,1350,6100,"bu","10:39:37",5100700
42050,1400,400,"sd","10:39:39",5101100
42050,1400,500,"sd","10:39:58",5101600
42050,1400,300,"sd","10:39:59",5101900
42000,1350,1100,"bu","10:40:02",5103000
42050,1400,400,"sd","10:40:07",5103400
42050,1400,800,"bu","10:40:16",5104200
42000,1350,500,"bu","10:40:23",5104700
42050,1400,400,"sd","10:40:25",5105100
42050,1400,65700,"sd","10:40:29",5170800
42100,1450,36100,"sd","10:40:35",5206900
42100,1450,14800,"sd","10:40:37",5221700
42150,1500,10000,"bu","10:40:38",5231700
42200,1550,18300,"sd","10:40:41",5250000
42200,1550,200,"sd","10:40:42",5252700
42100,1450,500,"sd","10:40:46",5253200
42200,1550,5000,"sd","10:40:52",5258200
42200,1550,10000,"sd","10:40:55",5268200
42200,1550,300,"sd","10:40:56",5268500
42100,1450,1400,"bu","10:40:57",5269900
42200,1550,10000,"sd","10:40:59",5279900
42200,1550,500,"bu","10:41:01",5280400
42150,1500,100,"bu","10:41:04",5280500
42150,1500,300,"bu","10:41:06",5280800
42200,1550,400,"sd","10:41:10",5281200
42150,1500,1400,"bu","10:41:12",5282600
42200,1550,300,"bu","10:41:15",5282900
42200,1550,400,"bu","10:41:19",5283300
42200,1550,200,"sd","10:41:23",5283500
42200,1550,400,"bu","10:41:28",5283900
42150,1500,500,"sd","10:41:29",5284400
42150,1500,100,"sd","10:41:34",5284500
42150,1500,1600,"bu","10:41:36",5286100
42200,1550,400,"bu","10:41:37",5286500
42150,1500,1000,"bu","10:41:38",5287500
42200,1550,21400,"sd","10:41:46",5308900
42150,1500,300,"sd","10:41:47",5309200
42200,1550,20000,"bu","10:41:48",5329200
42200,1550,6600,"bu","10:41:51",5335800
42200,1550,2000,"sd","10:41:53",5337800
42250,1600,400,"bu","10:41:55",5338200
42200,1550,100,"sd","10:41:56",5338300
42200,1550,200,"bu","10:41:58",5338500
42200,1550,1000,"bu","10:41:59",5339500
42250,1600,500,"sd","10:42:00",5340000
42200,1550,200,"bu","10:42:03",5340200
42250,1600,400,"bu","10:42:04",5340600
42250,1600,2000,"sd","10:42:06",5342600
42200,1550,100,"sd","10:42:12",5342700
42250,1600,400,"sd","10:42:13",5343100
42200,1550,200,"sd","10:42:21",5343300
42200,1550,1000,"bu","10:42:24",5344300
42250,1600,10000,"bu","10:42:28",5354300
42200,1550,100,"sd","10:42:29",5354400
42200,1550,600,"bu","10:42:34",5355000
42200,1550,30000,"sd","10:42:35",5385000
42250,1600,3900,"sd","10:42:38",5388900
42250,1600,32900,"bu","10:42:39",5421800
42250,1600,2000,"sd","10:42:39",5423800
42250,1600,1000,"sd","10:42:40",5424800
42250,1600,20000,"bu","10:42:46",5444800
42250,1600,500,"sd","10:42:47",5445300
42250,1600,2900,"bu","10:42:48",5448200
42250,1600,600,"bu","10:42:49",5448800
42250,1600,1500,"sd","10:42:52",5450300
42250,1600,3800,"sd","10:42:56",5454100
42300,1650,1000,"sd","10:42:58",5455100
42300,1650,48600,"bu","10:42:59",5503700
42250,1600,10000,"sd","10:43:02",5513700
42250,1600,1000,"bu","10:43:04",5514700
42300,1650,100,"sd","10:43:14",5514800
42200,1550,15100,"bu","10:43:17",5529900
42300,1650,5000,"sd","10:43:25",5534900
42300,1650,5300,"bu","10:43:29",5540200
42300,1650,13500,"bu","10:43:30",5553700
42300,1650,1000,"bu","10:43:32",5554800
42300,1650,300,"bu","10:43:34",5555100
42300,1650,100,"sd","10:43:37",5555200
42300,1650,200,"sd","10:43:38",5555400
42300,1650,600,"sd","10:43:39",5556000
42300,1650,700,"bu","10:43:57",5556700
42250,1600,1000,"bu","10:43:58",5557700
42300,1650,7100,"bu","10:44:05",5564800
42250,1600,500,"sd","10:44:06",5565300
42300,1650,1000,"bu","10:44:08",5566300
42250,1600,600,"bu","10:44:10",5566900
42250,1600,7900,"sd","10:44:16",5574800
42300,1650,400,"bu","10:44:18",5575200
42250,1600,1000,"bu","10:44:19",5576200
42300,1650,8600,"sd","10:44:25",5584800
42250,1600,200,"bu","10:44:26",5585000
42250,1600,1100,"sd","10:44:27",5586100
42250,1600,4100,"sd","10:44:28",5590200
42250,1600,400,"sd","10:44:30",5590600
42250,1600,100,"bu","10:44:31",5590700
42200,1550,500,"sd","10:44:42",5591200
42250,1600,1300,"bu","10:44:44",5592500
42250,1600,2300,"sd","10:45:01",5594800
42200,1550,1000,"bu","10:45:13",5595800
42200,1550,3800,"bu","10:45:17",5599600
42200,1550,400,"sd","10:45:18",5600000
42200,1550,10000,"bu","10:45:19",5610000
42200,1550,1000,"sd","10:45:23",5611000
42200,1550,300,"bu","10:45:26",5611300
42200,1550,14800,"sd","10:45:29",5626100
42200,1550,300,"sd","10:45:30",5626400
42150,1500,200,"bu","10:45:33",5626600
42150,1500,600,"sd","10:45:45",5627200
42150,1500,800,"sd","10:45:49",5628000
42200,1550,300,"bu","10:45:54",5628300
42150,1500,300,"bu","10:45:57",5628600
42150,1500,6000,"bu","10:46:01",5634600
42150,1500,7900,"bu","10:46:04",5642500
42150,1500,1100,"sd","10:46:06",5643600
42150,1500,400,"bu","10:46:08",5644000
42150,1500,3100,"bu","10:46:11",5647100
42100,1450,8600,"sd","10:46:18",5655700
42100,1450,1400,"sd","10:46:19",5657100
42150,1500,100,"sd","10:46:20",5657200
42100,1450,1000,"sd","10:46:24",5658200
42100,1450,2300,"bu","10:46:28",5660500
42050,1400,2000,"sd","10:46:28",5662500
42050,1400,100,"sd","10:46:32",5662600
42050,1400,4100,"sd","10:46:42",5666700
42050,1400,7900,"sd","10:46:43",5674600
42100,1450,10600,"sd","10:46:44",5685200
42100,1450,100,"sd","10:46:47",5685300
42100,1450,4100,"sd","10:46:48",5689400
42100,1450,8200,"sd","10:46:53",5697600
42050,1400,1500,"bu","10:46:53",5699100
42050,1400,500,"sd","10:46:55",5699600
42100,1450,2000,"sd","10:46:56",5701600
42100,1450,600,"bu","10:46:58",5702200
42100,1450,2500,"sd","10:47:01",5704700
42100,1450,500,"sd","10:47:04",5705200
42050,1400,100,"sd","10:47:08",5705300
42000,1350,100000,"bu","10:47:14",5805300
42050,1400,500,"sd","10:47:18",5805800
42050,1400,100,"bu","10:47:21",5805900
42000,1350,1700,"bu","10:47:58",5807600
42000,1350,1000,"bu","10:47:58",5808600
42000,1350,500,"bu","10:48:00",5809100
42050,1400,300,"bu","10:48:02",5809400
42000,1350,300,"sd","10:48:03",5809700
42000,1350,20000,"bu","10:48:12",5829700
42000,1350,500,"bu","10:48:14",5830200
42100,1450,800,"sd","10:48:22",5831000
42000,1350,2500,"sd","10:48:25",5833500
42000,1350,500,"sd","10:48:31",5834000
42000,1350,200,"sd","10:48:53",5834200
42000,1350,500,"sd","10:49:05",5834700
42000,1350,5100,"bu","10:49:08",5839800
42050,1400,100,"bu","10:49:11",5839900
42000,1350,600,"bu","10:50:01",5840500
42000,1350,20000,"bu","10:50:02",5860500
42000,1350,800,"bu","10:50:06",5861300
42000,1350,500,"bu","10:50:10",5861800
42000,1350,200,"sd","10:50:14",5862000
42000,1350,5000,"sd","10:50:22",5867000
42000,1350,100,"sd","10:50:27",5867100
42000,1350,21400,"sd","10:50:36",5888500
42000,1350,500,"bu","10:50:37",5889000
42000,1350,500,"sd","10:50:47",5889500
42000,1350,300,"bu","10:50:50",5889800
42000,1350,500,"bu","10:50:54",5890300
42000,1350,100,"sd","10:50:57",5890400
42000,1350,400,"sd","10:50:58",5890800
42000,1350,2000,"bu","10:51:03",5892800
42000,1350,400,"bu","10:51:08",5893200
41950,1300,500,"bu","10:51:15",5893700
42000,1350,100,"bu","10:51:16",5893800
42000,1350,13600,"bu","10:51:27",5907400
42000,1350,4100,"sd","10:51:28",5911500
42000,1350,200,"sd","10:51:34",5911700
42050,1400,100,"sd","10:51:39",5911800
42000,1350,2000,"bu","10:51:39",5913800
42000,1350,5000,"bu","10:51:44",5918800
42000,1350,17500,"sd","10:51:47",5936300
42000,1350,500,"sd","10:51:51",5936800
42000,1350,100,"bu","10:51:56",5936900
42000,1350,400,"bu","10:51:58",5937300
42000,1350,200,"bu","10:52:00",5937500
41950,1300,2000,"bu","10:52:04",5939500
42000,1350,100,"sd","10:52:07",5939600
42000,1350,500,"sd","10:52:08",5940100
42000,1350,400,"sd","10:52:20",5940500
41950,1300,500,"bu","10:52:20",5941000
42000,1350,100,"sd","10:52:26",5941100
42000,1350,400,"bu","10:52:31",5941500
41950,1300,1000,"sd","10:52:35",5942500
42000,1350,400,"bu","10:52:40",5942900
42000,1350,100,"sd","10:52:46",5943000
42000,1350,400,"sd","10:52:51",5943400
42000,1350,3000,"sd","10:52:58",5946400
42000,1350,400,"sd","10:53:01",5946800
41950,1300,800,"sd","10:53:04",5947600
42000,1350,100,"sd","10:53:05",5947700
42000,1350,400,"bu","10:53:12",5948100
42000,1350,100,"sd","10:53:18",5948200
42000,1350,300,"sd","10:53:20",5948500
42000,1350,400,"sd","10:53:22",5948900
42000,1350,200,"sd","10:53:24",5949100
42000,1350,100,"bu","10:53:25",5949200
41950,1300,500,"bu","10:53:26",5949700
42000,1350,400,"bu","10:53:33",5950100
41950,1300,100,"bu","10:53:34",5950200
41950,1300,400,"sd","10:53:36",5950600
42000,1350,500,"sd","10:53:43",5951100
42000,1350,2100,"sd","10:53:44",5953200
42000,1350,500,"bu","10:53:46",5953700
42000,1350,11800,"sd","10:53:51",5965500
42000,1350,400,"bu","10:53:53",5965900
42000,1350,600,"bu","10:54:04",5966500
41950,1300,2000,"bu","10:54:08",5968500
42000,1350,400,"sd","10:54:16",5968900
42000,1350,100,"bu","10:54:24",5969000
42000,1350,500,"sd","10:54:25",5969500
41950,1300,2500,"bu","10:54:35",5972000
42000,1350,400,"sd","10:54:37",5972400
42000,1350,500,"bu","10:54:39",5972900
42000,1350,100,"bu","10:54:43",5973000
42000,1350,500,"sd","10:54:47",5973500
41950,1300,6000,"sd","10:54:49",5979500
41950,1300,300,"sd","10:54:52",5980500
41950,1300,100,"bu","10:54:56",5980600
42000,1350,400,"sd","10:54:59",5981000
41950,1300,100,"sd","10:55:00",5981100
42000,1350,500,"bu","10:55:09",5981600
41950,1300,3000,"sd","10:55:12",5984600
41950,1300,1200,"bu","10:55:14",5985800
41950,1300,500,"bu","10:55:19",5986300
41950,1300,100,"bu","10:55:21",5986400
41950,1300,1000,"bu","10:55:30",5987400
41950,1300,400,"sd","10:55:31",5987800
41950,1300,100,"sd","10:55:32",5987900
41900,1250,500,"bu","10:55:37",5988400
41900,1250,100,"bu","10:55:38",5988500
41950,1300,10000,"sd","10:55:39",5998500
41950,1300,500,"bu","10:55:42",5999000
41950,1300,2100,"sd","10:55:46",6001100
41950,1300,20300,"sd","10:55:49",6021400
41950,1300,1000,"sd","10:55:50",6022400
42000,1350,400,"bu","10:55:51",6022800
42000,1350,100,"bu","10:56:01",6022900
42000,1350,500,"sd","10:56:02",6023400
41950,1300,5500,"bu","10:56:12",6028900
42000,1350,400,"sd","10:56:13",6029300
42000,1350,100,"sd","10:56:21",6029400
42000,1350,500,"sd","10:56:23",6029900
42000,1350,1000,"bu","10:56:27",6030900
41950,1300,18900,"bu","10:56:32",6049800
41950,1300,1400,"bu","10:56:34",6051200
41950,1300,500,"sd","10:56:35",6051700
41950,1300,100,"sd","10:56:40",6051800
41900,1250,500,"sd","10:56:42",6052300
41950,1300,400,"sd","10:56:45",6052700
41950,1300,3100,"bu","10:57:00",6055800
41950,1300,400,"bu","10:57:05",6056200
41950,1300,500,"sd","10:57:18",6056700
41950,1300,300,"sd","10:57:20",6057000
41950,1300,400,"bu","10:57:26",6057400
41950,1300,15000,"bu","10:57:27",6072400
41950,1300,500,"bu","10:57:36",6072900
41950,1300,100,"bu","10:57:38",6073000
41900,1250,500,"sd","10:57:47",6073500
41950,1300,400,"sd","10:57:47",6073900
41950,1300,100,"bu","10:57:50",6074000
41950,1300,1000,"sd","10:58:09",6075000
41950,1300,400,"bu","10:58:18",6075400
41950,1300,400,"bu","10:58:19",6075800
41950,1300,900,"sd","10:58:27",6076700
41950,1300,400,"bu","10:58:29",6077100
41900,1250,2800,"sd","10:58:33",6079900
41950,1300,1600,"bu","10:58:37",6081500
41950,1300,400,"sd","10:58:40",6081900
41900,1250,900,"sd","10:58:52",6082800
41900,1250,100,"sd","10:58:53",6082900
41950,1300,500,"bu","10:59:01",6083400
41900,1250,9700,"bu","10:59:07",6093100
41950,1300,4400,"bu","10:59:14",6097500
41950,1300,100,"bu","10:59:16",6097600
41950,1300,500,"bu","10:59:23",6098100
41950,1300,300,"bu","10:59:26",6098400
41950,1300,400,"sd","10:59:33",6098800
41950,1300,100,"sd","10:59:36",6098900
41950,1300,7000,"sd","10:59:43",6105900
41950,1300,400,"sd","10:59:44",6106300
41950,1300,500,"bu","10:59:55",6106800
41950,1300,100,"sd","10:59:56",6106900
41900,1250,500,"bu","10:59:58",6107400
41950,1300,400,"bu","11:00:06",6107800
41950,1300,5000,"sd","11:00:13",6112800
41900,1250,100,"bu","11:00:14",6112900
41950,1300,600,"bu","11:00:16",6113500
41950,1300,700,"bu","11:00:28",6114200
41950,1300,30000,"bu","11:00:30",6144200
41950,1300,100,"bu","11:00:35",6144300
41950,1300,5400,"sd","11:00:37",6149700
41950,1300,300,"sd","11:00:46",6150000
41950,1300,400,"sd","11:00:48",6150400
41950,1300,20100,"sd","11:00:54",6170500
41950,1300,500,"sd","11:00:58",6171000
41900,1250,500,"bu","11:01:03",6171500
41950,1300,6000,"bu","11:01:07",6177500
41950,1300,400,"sd","11:01:09",6177900
41950,1300,100,"sd","11:01:14",6178000
41950,1300,400,"bu","11:01:18",6178400
41950,1300,1700,"bu","11:01:32",6180100
41950,1300,100,"bu","11:01:33",6180200
41950,1300,400,"sd","11:01:41",6180600
41950,1300,19500,"bu","11:01:42",6200100
41950,1300,900,"sd","11:01:46",6201000
41950,1300,500,"sd","11:01:50",6201500
41950,1300,600,"sd","11:01:53",6202100
41950,1300,400,"bu","11:02:01",6202500
41900,1250,5500,"sd","11:02:09",6208000
41950,1300,500,"sd","11:02:13",6208500
41900,1250,200,"bu","11:02:17",6208700
41950,1300,5400,"bu","11:02:25",6214100
41950,1300,100,"sd","11:02:33",6214200
41950,1300,400,"sd","11:02:33",6214600
41950,1300,400,"bu","11:02:43",6215000
41900,1250,20000,"sd","11:02:46",6235000
41950,1300,100,"bu","11:02:52",6235100
41950,1300,400,"sd","11:02:53",6235500
41950,1300,900,"bu","11:03:07",6236400
41950,1300,100,"sd","11:03:11",6236500
41900,1250,500,"bu","11:03:13",6237000
41950,1300,700,"sd","11:03:15",6237700
41950,1300,400,"sd","11:03:25",6238100
41950,1300,100,"sd","11:03:31",6238200
41950,1300,400,"bu","11:03:35",6238600
41950,1300,100,"bu","11:03:43",6238700
41950,1300,400,"sd","11:03:46",6239100
41950,1300,100,"bu","11:03:50",6239200
41950,1300,400,"sd","11:03:55",6239600
41950,1300,100,"sd","11:03:57",6239700
41900,1250,300,"bu","11:04:05",6240000
41950,1300,400,"sd","11:04:07",6240400
41950,1300,100,"sd","11:04:10",6240500
41950,1300,400,"bu","11:04:16",6240900
41900,1250,500,"bu","11:04:19",6241400
41950,1300,400,"bu","11:04:27",6241800
41950,1300,100,"sd","11:04:30",6241900
41950,1300,400,"sd","11:04:37",6242300
41950,1300,1000,"sd","11:04:40",6243300
41950,1300,400,"sd","11:04:48",6243700
41950,1300,100,"sd","11:04:49",6243800
41950,1300,400,"sd","11:04:59",6244200
41950,1300,300,"bu","11:05:08",6244500
41950,1300,100,"sd","11:05:09",6244600
41950,1300,400,"bu","11:05:10",6245000
41900,1250,500,"bu","11:05:24",6245500
41900,1250,7000,"sd","11:05:28",6252500
41950,1300,300,"sd","11:05:44",6252800
41900,1250,500,"bu","11:05:46",6253300
41950,1300,5200,"sd","11:06:03",6258500
41950,1300,2000,"sd","11:06:20",6260500
41900,1250,500,"sd","11:06:29",6261000
41900,1250,4000,"bu","11:06:31",6265000
41900,1250,400,"bu","11:06:48",6265400
41900,1250,4300,"sd","11:06:59",6269700
41900,1250,500,"bu","11:07:07",6270200
41900,1250,100,"sd","11:07:21",6270300
41900,1250,1000,"bu","11:07:24",6271300
41900,1250,500,"bu","11:07:34",6271800
41900,1250,100,"sd","11:07:50",6271900
41900,1250,1900,"sd","11:07:58",6273800
41900,1250,300,"bu","11:08:13",6274100
41900,1250,900,"bu","11:08:18",6275000
41900,1250,4700,"sd","11:08:26",6279700
41850,1200,500,"bu","11:08:39",6280200
41850,1200,2900,"bu","11:08:41",6283100
41850,1200,100,"sd","11:08:48",6283200
41850,1200,500,"sd","11:09:07",6283700
41850,1200,700,"sd","11:09:33",6284400
41850,1200,1800,"sd","11:09:37",6286200
41850,1200,1200,"bu","11:09:39",6287400
41850,1200,300,"sd","11:09:42",6287700
41850,1200,1200,"sd","11:09:51",6288900
41850,1200,100,"bu","11:09:55",6289000
41850,1200,200,"bu","11:09:57",6289200
41850,1200,700,"bu","11:10:00",6289900
41900,1250,700,"bu","11:10:08",6290600
41900,1250,600,"sd","11:10:17",6291200
41800,1150,12400,"sd","11:10:24",6303600
41800,1150,19000,"sd","11:10:42",6322600
41800,1150,100,"sd","11:10:45",6322700
41800,1150,700,"sd","11:10:46",6323400
41750,1100,500,"bu","11:10:51",6323900
41800,1150,600,"bu","11:10:55",6324500
41800,1150,700,"sd","11:11:04",6325200
41800,1150,200,"bu","11:11:06",6325400
41800,1150,4300,"sd","11:11:13",6329700
41800,1150,2400,"bu","11:11:14",6332100
41800,1150,2000,"sd","11:11:41",6334100
41800,1150,16600,"bu","11:11:42",6350700
41850,1200,600,"bu","11:11:49",6351300
41800,1150,500,"bu","11:11:54",6351800
41850,1200,600,"bu","11:11:58",6352400
41850,1200,1100,"sd","11:12:07",6353500
41900,1250,900,"sd","11:12:17",6354400
41900,1250,600,"sd","11:12:25",6355000
41850,1200,2200,"bu","11:12:39",6357200
41850,1200,100,"sd","11:12:48",6357300
41850,1200,700,"sd","11:12:54",6358000
41850,1200,11200,"bu","11:13:07",6369200
41850,1200,300,"sd","11:13:09",6369500
41850,1200,100,"bu","11:13:13",6369600
41900,1250,600,"sd","11:13:21",6370200
41900,1250,700,"bu","11:13:22",6370900
41850,1200,1600,"sd","11:13:34",6372500
41850,1200,900,"sd","11:13:50",6373400
41800,1150,16400,"sd","11:14:05",6389800
41750,1100,500,"bu","11:14:06",6390300
41800,1150,700,"bu","11:14:10",6391000
41800,1150,2000,"bu","11:14:37",6393000
41800,1150,700,"sd","11:14:46",6393700
41800,1150,100,"bu","11:14:48",6393800
41800,1150,600,"bu","11:14:55",6394400
41800,1150,700,"sd","11:15:04",6395100
41800,1150,5000,"sd","11:15:05",6400100
41800,1150,11200,"sd","11:15:20",6411300
41800,1150,4600,"sd","11:15:21",6415900
41800,1150,1000,"bu","11:15:27",6416900
41800,1150,5000,"sd","11:15:29",6421900
41800,1150,600,"sd","11:15:31",6422500
41800,1150,500,"bu","11:15:31",6423000
41800,1150,800,"sd","11:15:34",6423800
41850,1200,300,"sd","11:15:39",6424100
41850,1200,700,"sd","11:15:40",6424800
41800,1150,100,"sd","11:15:45",6424900
41800,1150,3000,"bu","11:15:48",6427900
41800,1150,800,"sd","11:15:49",6428700
41850,1200,500,"bu","11:16:00",6429200
41800,1150,600,"bu","11:16:01",6429800
41800,1150,400,"sd","11:16:07",6430200
41850,1200,1200,"bu","11:16:20",6431400
41850,1200,2000,"bu","11:16:46",6433400
41850,1200,700,"bu","11:16:56",6434100
41850,1200,600,"sd","11:17:05",6434700
41850,1200,2400,"bu","11:17:13",6437100
41850,1200,700,"bu","11:17:14",6437800
41800,1150,500,"bu","11:17:21",6438300
41850,1200,700,"bu","11:17:23",6439000
41850,1200,700,"sd","11:17:32",6439700
41850,1200,700,"sd","11:17:41",6440400
41850,1200,700,"bu","11:17:49",6441100
41850,1200,700,"bu","11:17:59",6441800
41850,1200,1600,"bu","11:18:17",6443400
41850,1200,600,"bu","11:18:26",6444000
41800,1150,500,"sd","11:18:27",6444500
41850,1200,700,"sd","11:18:35",6445200
41850,1200,2900,"sd","11:19:11",6448100
41850,1200,600,"sd","11:19:21",6448700
41800,1150,3500,"sd","11:19:32",6452200
41850,1200,700,"sd","11:19:38",6452900
41850,1200,700,"sd","11:19:47",6453600
41850,1200,700,"sd","11:19:56",6454300
41850,1200,600,"sd","11:20:05",6454900
41850,1200,1300,"bu","11:20:23",6456200
41800,1150,1500,"bu","11:20:37",6457700
41850,1200,800,"sd","11:20:41",6458500
41850,1200,600,"sd","11:20:50",6459100
41850,1200,700,"bu","11:21:00",6459800
41800,1150,5600,"bu","11:21:04",6465400
41850,1200,600,"sd","11:21:08",6466000
41850,1200,800,"sd","11:21:17",6466800
41850,1200,600,"bu","11:21:27",6467400
41800,1150,100,"bu","11:21:34",6467500
41800,1150,1100,"sd","11:21:35",6468600
41850,1200,1100,"sd","11:21:45",6469700
41850,1200,700,"sd","11:21:53",6470400
41850,1200,600,"sd","11:22:03",6471000
41850,1200,700,"bu","11:22:12",6471700
41850,1200,1900,"sd","11:22:35",6473600
41850,1200,700,"sd","11:22:39",6474300
41850,1200,3000,"sd","11:22:56",6477300
41850,1200,600,"sd","11:23:02",6477900
41850,1200,300,"bu","11:23:04",6478200
41850,1200,700,"sd","11:23:05",6478900
41850,1200,600,"bu","11:23:14",6479500
41850,1200,800,"bu","11:23:23",6480300
41800,1150,1800,"bu","11:23:28",6482100
41850,1200,700,"bu","11:23:32",6482800
41800,1150,10000,"bu","11:23:36",6492800
41850,1200,700,"bu","11:23:41",6493500
41800,1150,1600,"sd","11:23:46",6495100
41850,1200,700,"sd","11:23:50",6495800
41800,1150,500,"bu","11:23:52",6496300
41850,1200,700,"sd","11:23:59",6497000
41800,1150,25300,"sd","11:24:03",6522300
41800,1150,700,"bu","11:24:19",6523000
41800,1150,600,"sd","11:24:29",6523600
41800,1150,100,"sd","11:24:35",6523700
41800,1150,600,"bu","11:24:37",6524300
41750,1100,1700,"bu","11:24:58",6526000
41800,1150,100,"sd","11:24:59",6526100
41800,1150,600,"sd","11:25:05",6526700
41800,1150,700,"sd","11:25:17",6527400
41800,1150,600,"sd","11:25:23",6528000
41800,1150,900,"sd","11:25:34",6528900
41800,1150,600,"bu","11:25:41",6529500
41800,1150,16000,"sd","11:25:42",6545500
41800,1150,600,"sd","11:25:50",6546100
41800,1150,700,"bu","11:25:59",6546800
41750,1100,500,"sd","11:26:03",6547300
41800,1150,10900,"sd","11:26:21",6558200
41750,1100,1100,"bu","11:26:22",6559300
41800,1150,700,"bu","11:26:25",6560000
41750,1100,1700,"sd","11:26:35",6561700
41800,1150,600,"bu","11:26:43",6562300
41800,1150,5000,"bu","11:26:50",6567300
41800,1150,600,"sd","11:26:53",6567900
41750,1100,1100,"sd","11:27:08",6569000
41800,1150,900,"bu","11:27:11",6569900
41800,1150,700,"bu","11:27:20",6570600
41800,1150,100,"sd","11:27:24",6570700
41800,1150,700,"bu","11:27:29",6571400
41800,1150,1300,"bu","11:27:47",6572700
41750,1100,100,"sd","11:27:49",6572800
41800,1150,600,"bu","11:27:56",6573400
41800,1150,1000,"sd","11:28:02",6574400
41800,1150,300,"bu","11:28:03",6574700
41800,1150,600,"sd","11:28:05",6575300
41800,1150,1800,"sd","11:28:23",6577100
41800,1150,1300,"sd","11:28:42",6578400
41800,1150,1700,"sd","11:28:50",6580100
41800,1150,500,"bu","11:28:50",6580600
41800,1150,2000,"bu","11:28:53",6582600
41750,1100,10700,"bu","11:29:00",6593300
41750,1100,500,"sd","11:29:19",6593800
41800,1150,2300,"sd","11:29:32",6596100
41850,1200,5000,"sd","11:29:37",6601100
41800,1150,17000,"sd","13:00:33",6618100
41750,1100,9500,"bu","13:00:34",6627600
41750,1100,700,"bu","13:00:37",6628300
41800,1150,100,"sd","13:00:40",6628900
41750,1100,2200,"bu","13:00:46",6631100
41750,1100,300,"sd","13:00:47",6631400
41800,1150,200,"sd","13:00:48",6631600
41750,1100,800,"bu","13:00:48",6632400
41750,1100,3100,"sd","13:00:49",6635500
41750,1100,100,"bu","13:00:50",6636100
41750,1100,1500,"bu","13:00:51",6637600
41750,1100,500,"sd","13:00:51",6638100
41800,1150,200,"sd","13:00:55",6638300
41750,1100,500,"bu","13:00:57",6638800
41800,1150,300,"sd","13:00:58",6639100
41750,1100,400,"bu","13:01:00",6639500
41750,1100,100,"sd","13:01:01",6639600
41750,1100,300,"bu","13:01:15",6639900
41750,1100,6800,"sd","13:01:20",6646700
41750,1100,500,"sd","13:01:22",6647200
41750,1100,600,"bu","13:01:28",6647800
41800,1150,6100,"bu","13:01:32",6653900
41800,1150,900,"bu","13:01:42",6654800
41800,1150,5700,"sd","13:01:50",6660500
41800,1150,700,"bu","13:01:54",6661200
41800,1150,100,"sd","13:01:56",6661300
41800,1150,1000,"bu","13:01:57",6662300
41800,1150,4000,"sd","13:02:02",6666300
41800,1150,700,"sd","13:02:04",6667000
41800,1150,1500,"sd","13:02:06",6668500
41800,1150,1300,"sd","13:02:16",6669800
41850,1200,400,"sd","13:02:20",6670200
41850,1200,700,"sd","13:02:23",6670900
41800,1150,26700,"sd","13:02:35",6697600
41800,1150,2500,"bu","13:02:39",6700100
41850,1200,700,"sd","13:02:39",6700800
41800,1150,100,"sd","13:02:40",6700900
41900,1250,49000,"sd","13:02:43",6749900
41900,1250,21100,"bu","13:02:44",6771000
41900,1250,300,"bu","13:02:46",6771300
41900,1250,800,"sd","13:02:49",6772100
41850,1200,100,"bu","13:02:51",6772200
41900,1250,8900,"sd","13:02:53",6781100
41900,1250,700,"bu","13:02:58",6781800
41900,1250,5700,"sd","13:03:06",6787500
41900,1250,800,"bu","13:03:07",6788300
41900,1250,1500,"bu","13:03:24",6789800
41850,1200,1000,"bu","13:03:25",6790800
41900,1250,100,"sd","13:03:26",6790900
41900,1250,1000,"sd","13:03:27",6791900
41900,1250,14800,"bu","13:03:31",6806700
41950,1300,3500,"bu","13:03:34",6810200
41900,1250,500,"bu","13:03:40",6810700
41950,1300,700,"bu","13:03:43",6811400
41950,1300,6700,"bu","13:03:53",6818100
41900,1250,300,"bu","13:03:54",6818400
41950,1300,2000,"bu","13:03:56",6820400
41950,1300,18300,"sd","13:03:58",6838700
41950,1300,1000,"bu","13:04:00",6839700
42000,1350,700,"sd","13:04:01",6840400
41950,1300,100,"bu","13:04:04",6840500
41950,1300,500,"bu","13:04:06",6841000
42000,1350,300,"sd","13:04:07",6841300
42000,1350,10000,"sd","13:04:09",6851300
42000,1350,700,"bu","13:04:10",6852000
42000,1350,2400,"sd","13:04:15",6854400
41950,1300,1000,"bu","13:04:19",6855400
42000,1350,300,"bu","13:04:20",6855700
41950,1300,1000,"bu","13:04:22",6856700
42000,1350,25300,"sd","13:04:23",6882000
42000,1350,90200,"bu","13:04:24",6972200
42000,1350,1100,"bu","13:04:28",6973300
42000,1350,1700,"sd","13:04:38",6975000
42000,1350,100,"sd","13:04:41",6975100
42050,1400,56700,"bu","13:04:43",7031800
42050,1400,3000,"bu","13:04:45",7034800
42100,1450,700,"bu","13:04:47",7035500
42050,1400,500,"sd","13:04:50",7036000
42100,1450,800,"sd","13:04:55",7036800
42050,1400,200,"bu","13:04:56",7037000
42050,1400,8900,"sd","13:04:58",7045900
42050,1400,100,"bu","13:04:59",7046000
42050,1400,800,"sd","13:05:03",7046800
42100,1450,700,"bu","13:05:04",7047500
42150,1500,83800,"sd","13:05:08",7131300
42050,1400,200,"sd","13:05:12",7131500
42150,1500,700,"sd","13:05:14",7132200
42150,1500,5000,"bu","13:05:15",7137200
42150,1500,700,"sd","13:05:22",7137900
42150,1500,5200,"bu","13:05:28",7143100
42150,1500,25000,"sd","13:05:29",7168100
42150,1500,1700,"sd","13:05:32",7169800
42100,1450,9600,"sd","13:05:51",7179400
42100,1450,300,"bu","13:05:54",7179700
42100,1450,700,"bu","13:06:12",7180400
42050,1400,9000,"bu","13:06:14",7189400
42050,1400,1500,"bu","13:06:15",7190900
42050,1400,1700,"bu","13:06:19",7192600
42050,1400,1100,"sd","13:06:23",7193700
42000,1350,1000,"bu","13:06:32",7194700
42000,1350,9300,"sd","13:06:33",7204000
42050,1400,700,"bu","13:06:43",7204700
42000,1350,400,"sd","13:06:43",7205100
42000,1350,10000,"sd","13:06:45",7215100
42050,1400,100,"bu","13:06:49",7215200
42050,1400,700,"bu","13:06:51",7215900
42000,1350,2500,"sd","13:06:56",7218400
42050,1400,700,"bu","13:07:00",7219100
42000,1350,1000,"bu","13:07:01",7220100
42000,1350,300,"sd","13:07:03",7220400
42000,1350,200,"sd","13:07:08",7220600
42050,1400,700,"sd","13:07:09",7221300
42000,1350,1400,"sd","13:07:10",7222700
42000,1350,500,"bu","13:07:12",7223200
42000,1350,1500,"sd","13:07:15",7224700
42050,1400,700,"bu","13:07:18",7225400
42000,1350,300,"bu","13:07:23",7225700
42050,1400,1000,"bu","13:07:25",7226700
42050,1400,700,"bu","13:07:28",7227400
42050,1400,19500,"bu","13:07:33",7246900
42000,1350,17000,"bu","13:07:34",7263900
42100,1450,700,"sd","13:07:36",7264600
42000,1350,1200,"bu","13:07:37",7265800
42050,1400,500,"sd","13:07:39",7266300
42050,1400,1100,"bu","13:07:41",7267400
42100,1450,300,"bu","13:07:42",7267700
42100,1450,700,"bu","13:07:46",7268400
42050,1400,3000,"bu","13:07:51",7271400
42100,1450,6100,"bu","13:07:52",7277500
42050,1400,5700,"sd","13:07:56",7283200
42000,1350,3000,"bu","13:07:58",7286200
42100,1450,500,"bu","13:08:00",7286700
42000,1350,500,"sd","13:08:01",7287200
42050,1400,300,"sd","13:08:07",7287500
42000,1350,1500,"bu","13:08:09",7289000
42050,1400,700,"sd","13:08:14",7289700
42000,1350,63900,"sd","13:08:19",7353600
42100,1450,5000,"sd","13:08:20",7358600
42100,1450,700,"bu","13:08:22",7359300
42050,1400,500,"bu","13:08:27",7359800
42000,1350,500,"sd","13:08:28",7360300
42050,1400,3000,"sd","13:08:41",7363300
42100,1450,700,"sd","13:08:42",7364000
42050,1400,8700,"bu","13:08:49",7372700
42050,1400,10000,"bu","13:08:56",7382700
42050,1400,700,"sd","13:09:01",7383400
42000,1350,500,"sd","13:09:05",7383900
42050,1400,700,"sd","13:09:10",7384600
42050,1400,7500,"bu","13:09:11",7392100
42100,1450,800,"bu","13:09:20",7392900
42100,1450,1000,"sd","13:09:29",7393900
42050,1400,1700,"bu","13:09:37",7395600
42050,1400,500,"sd","13:09:40",7396100
42050,1400,1000,"sd","13:09:45",7397100
42050,1400,100,"sd","13:09:46",7397200
42100,1450,700,"sd","13:09:47",7397900
42050,1400,100,"bu","13:09:52",7398000
42050,1400,10000,"bu","13:09:53",7408000
42100,1450,700,"sd","13:09:56",7408700
42050,1400,8000,"sd","13:09:57",7416700
42050,1400,600,"sd","13:09:59",7417300
42050,1400,1000,"bu","13:10:05",7418300
42000,1350,500,"sd","13:10:11",7418800
42050,1400,10800,"bu","13:10:12",7429600
42050,1400,700,"sd","13:10:14",7430300
42050,1400,17600,"bu","13:10:21",7447900
42050,1400,10000,"sd","13:10:23",7457900
42100,1450,1200,"sd","13:10:24",7459100
42050,1400,2500,"bu","13:10:28",7461600
42050,1400,500,"sd","13:10:29",7462100
42100,1450,2000,"sd","13:10:30",7464100
42050,1400,2400,"bu","13:10:33",7466500
42050,1400,20000,"sd","13:10:34",7486500
42050,1400,10000,"sd","13:10:38",7496500
42050,1400,500,"sd","13:10:40",7497000
42000,1350,1100,"bu","13:10:42",7498100
42050,1400,5000,"bu","13:10:45",7503100
42050,1400,5000,"sd","13:10:51",7508100
42050,1400,700,"sd","13:10:55",7508800
42050,1400,13800,"bu","13:11:03",7522600
42050,1400,700,"bu","13:11:04",7523300
42050,1400,4000,"bu","13:11:15",7527300
42050,1400,100,"bu","13:11:20",7529600
42050,1400,1200,"bu","13:11:25",7530800
42050,1400,100,"bu","13:11:29",7530900
42100,1450,700,"bu","13:11:32",7531600
42050,1400,3800,"sd","13:11:36",7535400
42100,1450,700,"bu","13:11:41",7536100
42050,1400,300,"bu","13:11:42",7536400
42050,1400,1000,"bu","13:11:44",7537400
42050,1400,500,"bu","13:11:46",7537900
42100,1450,800,"sd","13:11:49",7538700
42050,1400,1400,"sd","13:11:56",7540100
42050,1400,500,"sd","13:11:57",7540600
42100,1450,700,"sd","13:12:00",7541300
42050,1400,1000,"sd","13:12:04",7542300
42050,1400,700,"bu","13:12:19",7543000
42000,1350,500,"sd","13:12:23",7543500
42050,1400,700,"bu","13:12:27",7544200
42050,1400,10000,"bu","13:12:31",7554200
42000,1350,1000,"sd","13:12:32",7555200
42050,1400,700,"sd","13:12:36",7555900
42050,1400,1000,"sd","13:12:38",7556900
42000,1350,3800,"bu","13:12:39",7560700
42050,1400,18700,"sd","13:12:41",7579400
42100,1450,700,"bu","13:12:45",7580100
42050,1400,100,"sd","13:12:48",7580200
42050,1400,1900,"sd","13:12:50",7582100
42050,1400,2200,"sd","13:12:52",7584300
42050,1400,1600,"bu","13:12:55",7585900
42050,1400,2000,"sd","13:13:01",7587900
42100,1450,300,"bu","13:13:03",7588200
42100,1450,700,"sd","13:13:04",7588900
42050,1400,5100,"sd","13:13:09",7594000
42100,1450,400,"bu","13:13:13",7594400
42050,1400,100,"bu","13:13:18",7594500
42100,1450,600,"sd","13:13:23",7595100
42050,1400,500,"bu","13:13:27",7595600
42100,1450,300,"sd","13:13:31",7595900
42050,1400,200,"bu","13:13:32",7596100
42050,1400,100,"sd","13:13:35",7596200
42050,1400,1000,"sd","13:13:37",7597200
42100,1450,400,"sd","13:13:40",7597600
42000,1350,10500,"bu","13:13:43",7608100
42000,1350,1000,"bu","13:13:44",7609100
42050,1400,1600,"sd","13:14:00",7610700
42050,1400,100,"sd","13:14:04",7610800
42050,1400,700,"bu","13:14:09",7611500
42050,1400,1000,"sd","13:14:11",7612500
42050,1400,1700,"bu","13:14:18",7614200
42050,1400,1000,"sd","13:14:22",7615200
42050,1400,400,"bu","13:14:24",7615600
42100,1450,900,"bu","13:14:27",7616500
42100,1450,700,"bu","13:14:29",7617200
42050,1400,800,"sd","13:14:30",7618000
42050,1400,1000,"sd","13:14:31",7619000
42050,1400,500,"sd","13:14:32",7619500
42100,1450,1300,"bu","13:14:36",7620800
42100,1450,700,"bu","13:14:45",7621500
42100,1450,3000,"sd","13:14:46",7624500
42050,1400,500,"bu","13:14:47",7625000
42100,1450,300,"bu","13:14:50",7625300
42100,1450,700,"sd","13:14:54",7626000
42050,1400,1800,"bu","13:14:56",7627800
42100,1450,700,"bu","13:15:04",7628500
42050,1400,200,"sd","13:15:05",7628700
42050,1400,100,"bu","13:15:07",7628800
42100,1450,700,"bu","13:15:13",7629500
42100,1450,900,"sd","13:15:18",7630400
42100,1450,700,"bu","13:15:21",7631100
42050,1400,500,"sd","13:15:26",7631600
42100,1450,700,"bu","13:15:30",7632300
42050,1400,200,"sd","13:15:34",7632500
42050,1400,500,"sd","13:15:37",7633000
42100,1450,700,"sd","13:15:39",7633700
42050,1400,3800,"sd","13:15:40",7637500
42050,1400,1000,"sd","13:15:45",7638500
42100,1450,700,"sd","13:15:48",7639200
42050,1400,300,"bu","13:15:54",7639500
42050,1400,400,"sd","13:15:55",7639900
42050,1400,4700,"sd","13:15:58",7644600
42050,1400,1000,"sd","13:15:59",7645600
42050,1400,100,"bu","13:16:01",7645700
42050,1400,2700,"sd","13:16:06",7648400
42050,1400,200,"sd","13:16:14",7648600
42100,1450,1000,"sd","13:16:15",7649600
42050,1400,7500,"bu","13:16:19",7657100
42050,1400,1000,"bu","13:16:21",7658100
42050,1400,200,"sd","13:16:22",7658300
42100,1450,700,"bu","13:16:25",7659000
42050,1400,100,"bu","13:16:25",7659100
42050,1400,10000,"bu","13:16:27",7669100
42050,1400,1200,"sd","13:16:29",7670300
42050,1400,1000,"bu","13:16:32",7671300
42050,1400,900,"sd","13:16:37",7672200
42050,1400,8000,"sd","13:16:38",7680200
42050,1400,1000,"bu","13:16:39",7681200
42050,1400,100,"sd","13:16:41",7681300
42050,1400,1400,"bu","13:16:42",7682700
42050,1400,500,"bu","13:16:43",7683200
42050,1400,700,"sd","13:16:44",7683900
42000,1350,1100,"bu","13:16:45",7685000
42050,1400,1000,"sd","13:16:54",7686000
42050,1400,5000,"sd","13:17:00",7691000
42050,1400,800,"sd","13:17:02",7691800
42000,1350,900,"bu","13:17:03",7692700
42050,1400,700,"sd","13:17:11",7693400
42050,1400,1000,"bu","13:17:27",7694400
42050,1400,700,"sd","13:17:30",7695100
42050,1400,3200,"bu","13:17:41",7698300
42000,1350,500,"sd","13:17:44",7698800
42050,1400,700,"sd","13:17:47",7699500
42000,1350,500,"bu","13:17:48",7700000
42000,1350,4100,"sd","13:17:49",7704100
42000,1350,100,"sd","13:17:52",7704200
42000,1350,1500,"bu","13:17:56",7705700
42050,1400,700,"sd","13:17:57",7706400
42000,1350,500,"bu","13:17:59",7706900
42000,1350,7700,"sd","13:18:01",7714600
42000,1350,10000,"bu","13:18:02",7724600
42050,1400,700,"bu","13:18:06",7725300
42000,1350,1100,"sd","13:18:13",7726400
42050,1400,700,"sd","13:18:15",7727100
42050,1400,1000,"sd","13:18:24",7728100
42000,1350,20000,"bu","13:18:25",7748100
42000,1350,500,"sd","13:18:26",7748600
42000,1350,5000,"bu","13:18:29",7753600
42050,1400,200,"sd","13:18:31",7753800
42050,1400,700,"bu","13:18:33",7754500
42000,1350,2200,"sd","13:18:42",7756700
42000,1350,100,"bu","13:18:46",7756800
42000,1350,4200,"bu","13:18:47",7761000
42000,1350,300,"bu","13:18:50",7761300
42050,1400,700,"sd","13:18:51",7762000
42000,1350,500,"bu","13:18:54",7762500
42050,1400,700,"bu","13:18:59",7763200
