"price","change","match_qtty","side","time","total_vol"
23900,-100,148500,"bu","09:15:06",148500
23900,-100,300,"sd","09:15:11",148800
23900,-100,2000,"bu","09:15:12",150800
24000,0,900,"bu","09:15:14",151700
24000,0,10000,"sd","09:15:22",161700
24000,0,200,"sd","09:15:33",162700
24000,0,2000,"bu","09:15:40",164700
24000,0,300,"sd","09:15:41",165000
24000,0,5000,"bu","09:15:44",170000
24000,0,1600,"bu","09:15:44",171600
24000,0,1000,"bu","09:15:48",172800
24000,0,5000,"bu","09:15:52",177800
24000,0,100,"sd","09:15:54",177900
24000,0,11000,"bu","09:15:56",188900
24000,0,1000,"bu","09:15:58",189900
24000,0,100,"bu","09:15:59",190000
24000,0,1400,"bu","09:16:00",191400
24000,0,100,"bu","09:16:01",191500
24000,0,5000,"sd","09:16:02",196500
24000,0,200,"bu","09:16:08",196700
24000,0,100,"sd","09:16:09",196800
24000,0,800,"bu","09:16:10",197600
24000,0,1000,"bu","09:16:13",198600
24000,0,5000,"sd","09:16:14",203600
23900,-100,16800,"sd","09:16:24",220400
23900,-100,200,"bu","09:16:31",220600
23900,-100,900,"bu","09:16:40",221500
23900,-100,2100,"bu","09:16:42",223600
24000,0,98400,"bu","09:16:42",322000
23950,-50,200,"sd","09:16:58",322200
23900,-100,1200,"sd","09:17:08",323400
23950,-50,1000,"bu","09:17:13",324400
23950,-50,100,"bu","09:17:14",324500
23950,-50,2600,"bu","09:17:16",327100
24000,0,2000,"sd","09:17:23",329100
23950,-50,100,"sd","09:17:24",329200
23950,-50,4600,"sd","09:17:49",333800
23950,-50,3000,"bu","09:18:14",336800
23950,-50,5000,"sd","09:18:15",341800
23950,-50,100,"bu","09:18:16",341900
23950,-50,11300,"bu","09:18:19",353200
23950,-50,14200,"bu","09:18:20",367400
23950,-50,1000,"sd","09:18:21",368400
23950,-50,100,"sd","09:18:25",368500
23950,-50,1000,"sd","09:18:27",369500
23950,-50,7000,"sd","09:18:29",376500
23950,-50,900,"sd","09:18:29",370400
23950,-50,8200,"bu","09:18:32",378600
23950,-50,300,"bu","09:18:48",378900
23950,-50,2100,"sd","09:18:48",381000
23950,-50,1000,"bu","09:18:50",382000
23950,-50,3200,"sd","09:18:52",385200
23950,-50,15600,"bu","09:18:53",400800
23950,-50,3000,"bu","09:18:56",403800
23950,-50,300,"sd","09:18:57",404100
23950,-50,800,"bu","09:18:59",404900
23950,-50,2600,"sd","09:19:01",407500
24000,0,100,"sd","09:19:03",407600
24000,0,1000,"sd","09:19:07",408600
24000,0,10000,"sd","09:19:15",418600
23950,-50,20000,"sd","09:19:19",438600
24000,0,1000,"bu","09:19:21",439600
23950,-50,20000,"sd","09:19:25",459600
23950,-50,20100,"bu","09:19:34",479700
23950,-50,20000,"bu","09:19:35",499700
23950,-50,4400,"bu","09:19:37",504100
23950,-50,5000,"bu","09:19:41",509100
23950,-50,20000,"bu","09:19:47",529100
23950,-50,1200,"sd","09:19:51",530300
23950,-50,3000,"bu","09:19:53",533300
23950,-50,600,"bu","09:20:01",533900
23950,-50,1000,"sd","09:20:03",534900
23950,-50,100,"bu","09:20:04",535000
23950,-50,500,"sd","09:20:05",535500
23950,-50,3000,"sd","09:20:10",538500
23950,-50,400,"bu","09:20:11",538900
23950,-50,1000,"sd","09:20:12",539900
23950,-50,1100,"bu","09:20:14",541000
23950,-50,5100,"bu","09:20:15",546100
23950,-50,5000,"sd","09:20:17",551100
23950,-50,1500,"bu","09:20:19",552600
23950,-50,200,"bu","09:20:21",552800
23950,-50,500,"bu","09:20:24",553300
23950,-50,1500,"sd","09:20:25",554800
23950,-50,2000,"bu","09:20:28",556800
23950,-50,200,"sd","09:20:33",557800
23950,-50,3000,"bu","09:20:35",560800
23950,-50,700,"sd","09:20:39",561500
24000,0,200,"bu","09:20:40",562700
24000,0,500,"sd","09:20:57",565700
23950,-50,800,"bu","09:21:00",566500
24000,0,1500,"sd","09:21:02",568000
23950,-50,500,"bu","09:21:16",568500
23950,-50,200,"bu","09:21:20",568700
23950,-50,1000,"sd","09:21:24",569700
24000,0,400,"bu","09:21:42",570100
24000,0,200,"bu","09:21:42",570300
23950,-50,10000,"bu","09:21:43",580300
23950,-50,23000,"sd","09:21:48",603300
23950,-50,100,"sd","09:21:52",603500
23950,-50,800,"bu","09:21:54",604300
23950,-50,1500,"sd","09:21:55",605800
23950,-50,800,"bu","09:21:56",606600
23950,-50,5000,"bu","09:21:59",611600
23950,-50,3000,"bu","09:21:59",614600
23950,-50,1500,"bu","09:22:06",616100
23950,-50,2900,"bu","09:22:07",619000
23950,-50,1500,"bu","09:22:08",620600
23950,-50,1200,"bu","09:22:16",623300
23950,-50,1000,"bu","09:22:17",624300
23950,-50,500,"sd","09:22:18",624800
23950,-50,300,"bu","09:22:21",625100
23950,-50,500,"bu","09:22:22",625600
23950,-50,100,"sd","09:22:22",625700
23950,-50,16700,"bu","09:22:28",642400
23950,-50,400,"sd","09:22:31",642800
23950,-50,5000,"sd","09:22:32",647800
23950,-50,400,"bu","09:22:34",648200
23950,-50,300,"bu","09:22:35",651200
23950,-50,6300,"bu","09:22:36",657500
23950,-50,100,"sd","09:22:38",657600
23950,-50,2000,"bu","09:22:39",659600
24000,0,200,"bu","09:22:40",664800
24000,0,100,"bu","09:22:45",664900
24000,0,5000,"sd","09:23:04",669900
24000,0,300,"bu","09:23:08",670200
24000,0,300,"sd","09:23:11",670500
23950,-50,5000,"bu","09:23:13",675500
24000,0,1500,"sd","09:23:14",677000
24000,0,3000,"bu","09:23:15",680000
24000,0,100,"bu","09:23:19",680100
23950,-50,300,"bu","09:23:36",680400
23950,-50,200,"sd","09:23:43",680600
23950,-50,100,"bu","09:23:47",680700
23950,-50,400,"sd","09:23:48",681100
23950,-50,200,"bu","09:23:53",681300
23950,-50,2700,"bu","09:24:01",684000
23950,-50,2000,"bu","09:24:11",686000
23950,-50,1200,"bu","09:24:13",687200
23950,-50,200,"bu","09:24:15",687400
24000,0,5000,"bu","09:24:21",692400
23950,-50,300,"sd","09:24:27",692700
24000,0,200,"sd","09:24:28",692900
24000,0,1000,"bu","09:24:37",693900
23950,-50,2000,"bu","09:24:43",695900
24000,0,5000,"sd","09:24:49",700900
23950,-50,500,"sd","09:24:52",701400
24000,0,100,"sd","09:24:59",701500
24000,0,500,"sd","09:25:04",702000
24000,0,200,"sd","09:25:05",702200
24000,0,1400,"sd","09:25:23",703600
24000,0,1300,"bu","09:25:31",704900
24000,0,800,"sd","09:25:34",705700
24000,0,5400,"sd","09:25:35",711100
24000,0,300,"bu","09:25:36",711400
24000,0,1000,"bu","09:25:39",712400
24000,0,25000,"bu","09:25:40",737400
24000,0,200,"bu","09:25:42",737600
24000,0,39000,"bu","09:25:54",776600
24000,0,100,"sd","09:25:56",776700
24000,0,4700,"bu","09:26:00",781400
24000,0,46500,"bu","09:26:05",827900
24000,0,7000,"bu","09:26:06",834900
24000,0,5600,"bu","09:26:07",840500
24000,0,4400,"sd","09:26:08",850800
24000,0,400,"bu","09:26:09",855800
24000,0,4200,"bu","09:26:10",860000
24000,0,4000,"bu","09:26:11",864000
24000,0,18000,"bu","09:26:11",882000
24000,0,6400,"sd","09:26:12",888400
24000,0,900,"bu","09:26:19",889300
24000,0,1000,"sd","09:26:22",890300
24050,50,500,"sd","09:26:29",890800
24000,0,15000,"sd","09:26:31",905800
24050,50,8000,"bu","09:26:45",913800
24000,0,300,"sd","09:26:51",914100
24000,0,400,"bu","09:26:54",914500
24050,50,2000,"sd","09:26:57",916500
24000,0,300,"sd","09:26:58",916800
24050,50,5000,"sd","09:27:01",921800
24000,0,400,"sd","09:27:08",922200
24050,50,200,"sd","09:27:08",922400
24050,50,1000,"bu","09:27:10",923400
24050,50,500,"bu","09:27:15",923900
24050,50,2000,"sd","09:27:18",925900
24050,50,5600,"bu","09:27:18",931500
24050,50,500,"bu","09:27:19",932000
24050,50,9500,"sd","09:27:19",941500
24050,50,1200,"bu","09:27:20",942700
24050,50,4600,"sd","09:27:22",947300
24050,50,11000,"bu","09:27:31",958300
24050,50,100,"bu","09:27:46",958400
24050,50,1000,"sd","09:27:59",959400
24100,100,5000,"bu","09:28:03",964400
24050,50,1000,"sd","09:28:04",965400
24050,50,5000,"sd","09:28:08",970400
24050,50,10000,"sd","09:28:11",980400
24050,50,1000,"bu","09:28:15",981400
24050,50,1800,"bu","09:28:16",983200
24050,50,500,"bu","09:28:17",983700
24000,0,3000,"bu","09:28:18",986700
24050,50,700,"sd","09:28:21",987400
24050,50,500,"sd","09:28:31",987900
24050,50,1000,"bu","09:28:32",988900
24050,50,2000,"bu","09:28:38",990900
24050,50,7500,"bu","09:28:41",998400
24100,100,1000,"sd","09:28:43",999400
24050,50,3800,"sd","09:28:47",1003200
24050,50,500,"bu","09:28:51",1003700
24050,50,1000,"bu","09:28:55",1004700
24050,50,200,"sd","09:28:59",1004900
24050,50,100,"bu","09:29:21",1005000
24000,0,300,"bu","09:29:28",1005300
24050,50,15000,"bu","09:29:35",1020300
24000,0,5000,"sd","09:29:43",1025300
24050,50,2600,"bu","09:29:45",1027900
24050,50,1000,"bu","09:29:54",1028900
24000,0,11000,"sd","09:30:01",1039900
24050,50,3000,"sd","09:30:04",1042900
24000,0,500,"sd","09:30:05",1043400
24000,0,1000,"bu","09:30:10",1044400
24000,0,600,"sd","09:30:16",1045000
24000,0,500,"sd","09:30:20",1045500
24000,0,200,"sd","09:30:23",1045700
24050,50,5000,"sd","09:30:26",1050700
24000,0,100,"bu","09:30:31",1050800
24050,50,600,"bu","09:30:36",1051400
24050,50,9000,"bu","09:30:39",1060400
24050,50,1000,"bu","09:30:50",1061400
24050,50,4000,"bu","09:30:51",1065400
24050,50,1000,"sd","09:30:59",1066400
24050,50,700,"bu","09:31:11",1067100
24000,0,200,"sd","09:31:17",1067300
24050,50,10000,"bu","09:31:20",1077300
24000,0,500,"sd","09:31:22",1077800
24050,50,1000,"bu","09:31:24",1078800
24050,50,9000,"bu","09:31:33",1087800
24050,50,1300,"bu","09:31:38",1089100
24050,50,400,"sd","09:31:46",1097400
24050,50,300,"sd","09:31:51",1097700
24050,50,1000,"bu","09:31:58",1098700
24050,50,1200,"sd","09:32:00",1099900
24050,50,29600,"sd","09:32:05",1129500
24050,50,20400,"sd","09:32:06",1149900
24050,50,100,"sd","09:32:07",1150000
24000,0,7100,"sd","09:32:13",1157100
24050,50,200,"bu","09:32:14",1157300
24050,50,2400,"sd","09:32:16",1159700
24050,50,200,"sd","09:32:19",1159900
24000,0,100,"sd","09:32:22",1160000
24000,0,1000,"sd","09:32:23",1161000
24050,50,6500,"sd","09:32:26",1167500
24050,50,500,"bu","09:32:28",1168000
24050,50,2000,"bu","09:32:30",1170000
24050,50,100,"sd","09:32:31",1170100
24050,50,500,"bu","09:32:32",1170600
24050,50,200,"bu","09:32:35",1170800
24050,50,1000,"sd","09:32:38",1171800
24050,50,100,"bu","09:32:38",1171900
24050,50,300,"sd","09:32:43",1172200
24050,50,2700,"sd","09:32:52",1174900
24050,50,1000,"bu","09:32:53",1175900
24000,0,700,"sd","09:32:56",1176600
24050,50,5700,"bu","09:33:08",1182300
24050,50,2000,"bu","09:33:12",1184300
24050,50,2000,"sd","09:33:13",1186300
24050,50,1200,"bu","09:33:16",1187500
24050,50,800,"bu","09:33:16",1188300
24050,50,100,"sd","09:33:18",1188400
24050,50,200,"bu","09:33:21",1188600
24050,50,3900,"bu","09:33:35",1192500
24050,50,200,"bu","09:33:37",1192700
24050,50,6000,"bu","09:33:58",1198700
24050,50,100,"sd","09:33:59",1200700
24050,50,3000,"sd","09:34:01",1203700
24050,50,400,"sd","09:34:03",1204100
24050,50,300,"sd","09:34:11",1204400
24050,50,500,"bu","09:34:19",1204900
24050,50,3000,"bu","09:34:24",1207900
24050,50,1900,"bu","09:34:25",1209800
24050,50,200,"sd","09:34:27",1210000
24100,100,2000,"sd","09:34:35",1212000
24050,50,2000,"sd","09:34:59",1214000
24050,50,5000,"bu","09:35:00",1219000
24100,100,100,"bu","09:35:04",1219100
24050,50,700,"bu","09:35:05",1219800
24050,50,1200,"bu","09:35:11",1221000
24050,50,100,"sd","09:35:13",1221100
24050,50,1000,"bu","09:35:25",1222100
24050,50,25900,"bu","09:35:37",1248000
24050,50,1000,"sd","09:35:42",1249000
24050,50,100,"sd","09:35:58",1249100
24050,50,4800,"bu","09:36:07",1253900
24000,0,5000,"sd","09:36:13",1258900
24000,0,200,"bu","09:36:15",1259100
24000,0,400,"bu","09:36:45",1259500
24000,0,1000,"bu","09:36:53",1260500
24000,0,11000,"sd","09:37:03",1271500
24000,0,1000,"sd","09:37:05",1272500
24000,0,200,"bu","09:37:19",1272700
24000,0,10000,"bu","09:37:22",1282700
24000,0,300,"sd","09:37:27",1283000
24000,0,10000,"sd","09:37:30",1293000
24000,0,200,"sd","09:37:34",1293200
24000,0,5000,"bu","09:37:36",1298200
24000,0,8300,"sd","09:37:41",1306500
24000,0,2000,"bu","09:37:43",1308500
24000,0,2600,"bu","09:37:45",1311100
24000,0,30900,"sd","09:37:47",1342000
24000,0,1000,"bu","09:37:49",1343000
24000,0,900,"bu","09:37:50",1343900
24050,50,1000,"bu","09:37:51",1344900
24000,0,2800,"bu","09:37:53",1347700
24000,0,200,"bu","09:37:58",1347900
24000,0,500,"sd","09:38:11",1348400
24000,0,500,"sd","09:38:12",1348900
24000,0,300,"sd","09:38:14",1349200
23950,-50,1000,"bu","09:38:21",1350200
24000,0,200,"sd","09:38:28",1350400
24000,0,100,"sd","09:38:44",1350500
24000,0,500,"bu","09:38:47",1351000
23950,-50,1000,"bu","09:39:01",1352000
24000,0,100,"sd","09:39:04",1352100
23950,-50,10000,"sd","09:39:12",1362100
23950,-50,5000,"bu","09:39:35",1367100
24000,0,3300,"bu","09:39:38",1370400
23950,-50,4000,"sd","09:39:42",1374400
23950,-50,100,"sd","09:39:51",1374500
23950,-50,1000,"bu","09:39:53",1375500
23950,-50,5000,"sd","09:40:04",1380500
24000,0,1000,"bu","09:40:13",1381500
23950,-50,600,"bu","09:40:18",1382100
23950,-50,1000,"bu","09:40:19",1383100
23950,-50,200,"bu","09:40:20",1383300
23950,-50,20000,"sd","09:40:28",1403300
23950,-50,500,"sd","09:40:33",1403800
23950,-50,300,"bu","09:40:38",1404100
23950,-50,1000,"bu","09:40:39",1405100
23950,-50,6600,"bu","09:40:41",1411700
23950,-50,5000,"sd","09:40:41",1416700
23950,-50,200,"sd","09:40:44",1416900
23950,-50,500,"bu","09:40:48",1417400
23950,-50,500,"bu","09:40:50",1417900
23950,-50,10000,"bu","09:40:51",1427900
23950,-50,300,"sd","09:40:53",1428200
23900,-100,200,"bu","09:41:23",1428400
23950,-50,200,"sd","09:41:25",1428600
23900,-100,10000,"sd","09:41:30",1438600
23900,-100,1700,"sd","09:41:49",1440300
23900,-100,300,"sd","09:42:05",1440600
23900,-100,2000,"bu","09:42:10",1442600
23900,-100,400,"bu","09:42:16",1443000
23900,-100,10000,"sd","09:42:20",1453000
23950,-50,200,"bu","09:42:22",1453200
23950,-50,11000,"sd","09:42:25",1464200
23950,-50,2000,"bu","09:42:29",1466200
23950,-50,2000,"bu","09:42:35",1468200
23950,-50,2900,"bu","09:42:36",1471100
23950,-50,10000,"bu","09:42:38",1481100
23950,-50,1000,"bu","09:42:43",1482100
23950,-50,2700,"bu","09:42:55",1484800
23950,-50,200,"bu","09:43:18",1485000
23950,-50,50000,"bu","09:43:20",1535000
23950,-50,1500,"bu","09:43:21",1536500
23950,-50,300,"bu","09:43:23",1536800
23950,-50,2100,"sd","09:43:36",1538900
23950,-50,400,"sd","09:44:07",1539300
23950,-50,8500,"sd","09:44:09",1547800
23950,-50,100,"sd","09:44:15",1547900
23950,-50,300,"sd","09:44:19",1548200
23950,-50,3000,"sd","09:44:21",1551200
23950,-50,3000,"sd","09:44:49",1554200
23950,-50,4000,"sd","09:45:12",1558200
23950,-50,1200,"sd","09:45:15",1559400
23950,-50,100,"sd","09:45:18",1559500
23950,-50,200,"sd","09:45:29",1559700
23950,-50,300,"sd","09:45:29",1560000
23950,-50,2000,"bu","09:45:35",1562000
23950,-50,200,"sd","09:45:38",1562200
23950,-50,2300,"sd","09:45:39",1564500
24000,0,1000,"bu","09:45:43",1565500
24000,0,400,"sd","09:45:53",1565900
24000,0,500,"bu","09:46:12",1566400
24000,0,1000,"sd","09:46:24",1567400
23950,-50,8300,"sd","09:46:26",1575700
23950,-50,600,"sd","09:46:28",1576300
23950,-50,5400,"bu","09:46:36",1581700
24000,0,100,"bu","09:46:38",1581800
24000,0,2100,"sd","09:46:59",1583900
24000,0,900,"bu","09:47:04",1584800
23950,-50,11900,"sd","09:47:15",1596700
23950,-50,2000,"sd","09:47:19",1598700
23950,-50,20000,"bu","09:47:36",1618700
24000,0,100,"bu","09:47:37",1618800
23950,-50,700,"bu","09:47:54",1619500
23950,-50,500,"bu","09:48:03",1620000
23950,-50,2100,"sd","09:48:18",1622100
23950,-50,800,"bu","09:48:20",1622900
23950,-50,2100,"bu","09:48:33",1625000
23950,-50,100,"bu","09:48:35",1625100
23900,-100,300,"sd","09:48:40",1625400
23900,-100,600,"bu","09:49:00",1626000
23900,-100,500,"bu","09:49:10",1626500
23950,-50,100,"bu","09:49:11",1626600
23950,-50,200,"sd","09:49:33",1626800
23950,-50,3000,"bu","09:49:49",1629800
23950,-50,500,"bu","09:49:54",1630300
23950,-50,600,"bu","09:50:09",1630900
23950,-50,1000,"bu","09:50:20",1631900
23900,-100,100,"sd","09:50:41",1632000
23950,-50,500,"bu","09:50:47",1632500
23950,-50,2000,"sd","09:50:52",1634500
23950,-50,400,"sd","09:51:11",1634900
23900,-100,1000,"sd","09:51:30",1635900
23900,-100,2000,"sd","09:51:31",1637900
23900,-100,1000,"sd","09:51:33",1638900
23950,-50,5000,"bu","09:51:36",1643900
23950,-50,5200,"sd","09:52:15",1649100
23900,-100,4000,"sd","09:52:57",1653100
23900,-100,300,"sd","09:53:13",1653400
23900,-100,500,"sd","09:53:26",1653900
23900,-100,50000,"sd","09:53:32",1703900
23900,-100,200,"bu","09:53:36",1705100
23900,-100,5000,"bu","09:53:39",1710100
23900,-100,31000,"bu","09:53:54",1741100
23850,-150,2000,"bu","09:53:58",1743100
23900,-100,100,"sd","09:53:59",1743200
23900,-100,1300,"sd","09:54:11",1744500
23900,-100,100,"sd","09:54:41",1744600
23850,-150,3000,"sd","09:54:47",1747600
23900,-100,400,"bu","09:54:49",1748000
23850,-150,100,"bu","09:55:17",1748100
23850,-150,10000,"bu","09:55:31",1758100
23850,-150,200,"bu","09:55:47",1758300
23850,-150,100,"sd","09:55:52",1758400
23850,-150,800,"sd","09:55:57",1759200
23850,-150,1000,"bu","09:56:04",1760200
23900,-100,700,"sd","09:56:07",1760900
23850,-150,200,"sd","09:56:08",1761100
23850,-150,700,"sd","09:56:13",1761800
23850,-150,14100,"sd","09:56:20",1775900
23850,-150,300,"bu","09:56:23",1776200
23850,-150,100,"sd","09:56:30",1776300
23850,-150,6000,"sd","09:56:52",1782300
23850,-150,15000,"sd","09:56:53",1797300
23850,-150,500,"sd","09:57:22",1797800
23850,-150,200,"bu","09:57:24",1798000
23850,-150,500,"sd","09:57:28",1798500
23850,-150,1100,"sd","09:57:30",1799600
23850,-150,500,"bu","09:57:31",1800100
23850,-150,5000,"sd","09:57:41",1805100
23850,-150,1300,"bu","09:57:51",1806400
23850,-150,500,"sd","09:57:55",1806900
23850,-150,600,"sd","09:57:56",1807500
23850,-150,14000,"bu","09:58:08",1821500
23850,-150,1000,"bu","09:58:12",1822500
23850,-150,3000,"bu","09:58:13",1825500
23850,-150,1000,"sd","09:58:15",1826500
23850,-150,6300,"bu","09:58:21",1832800
23850,-150,10000,"bu","09:58:40",1842800
23850,-150,100,"sd","09:58:41",1842900
23850,-150,2100,"bu","09:58:55",1845000
23850,-150,200,"sd","09:58:56",1845200
23850,-150,300,"sd","09:58:59",1845500
23850,-150,100,"sd","09:59:00",1845600
23850,-150,1100,"bu","09:59:05",1846700
23850,-150,1000,"bu","09:59:11",1847700
23800,-200,4000,"sd","09:59:19",1851700
23800,-200,100,"bu","09:59:24",1851800
23850,-150,9000,"sd","09:59:27",1860800
23850,-150,1100,"sd","09:59:39",1861900
23850,-150,600,"bu","09:59:42",1862500
23850,-150,200,"bu","10:00:03",1862700
23850,-150,2800,"sd","10:00:04",1865500
23800,-200,5000,"bu","10:00:09",1870500
23800,-200,24700,"sd","10:00:12",1895200
23800,-200,15400,"bu","10:00:39",1910600
23800,-200,2000,"bu","10:00:48",1912600
23850,-150,2500,"bu","10:00:53",1915100
23850,-150,2000,"sd","10:01:10",1917100
23850,-150,400,"sd","10:01:12",1917500
23800,-200,100,"sd","10:01:13",1917600
23850,-150,300,"sd","10:01:33",1917900
23850,-150,1500,"sd","10:02:23",1919400
23850,-150,100,"sd","10:02:45",1919500
23850,-150,400,"sd","10:02:52",1919900
23800,-200,1500,"sd","10:03:46",1921400
23800,-200,500,"bu","10:03:51",1921900
23800,-200,200,"sd","10:04:05",1922100
23850,-150,1300,"sd","10:04:16",1923400
23850,-150,1000,"sd","10:04:39",1924400
23850,-150,300,"bu","10:04:49",1924700
23800,-200,100,"bu","10:04:56",1924800
23800,-200,3500,"bu","10:05:15",1928300
23800,-200,2000,"bu","10:05:28",1930300
23800,-200,2000,"bu","10:05:47",1932300
23850,-150,500,"sd","10:05:53",1932800
23800,-200,100,"bu","10:05:54",1932900
23800,-200,200,"bu","10:05:55",1933100
23800,-200,8000,"sd","10:05:56",1941100
23800,-200,100,"bu","10:06:09",1941200
23800,-200,8400,"bu","10:06:21",1949600
23800,-200,10000,"bu","10:06:25",1959600
23800,-200,3000,"bu","10:06:42",1962600
23800,-200,36800,"sd","10:06:46",1999400
23850,-150,100,"bu","10:06:49",1999500
23800,-200,1000,"bu","10:06:54",2000500
23850,-150,200,"bu","10:06:56",2000700
23800,-200,15800,"bu","10:07:18",2016500
23800,-200,100,"sd","10:07:30",2016600
23800,-200,300,"sd","10:07:43",2016900
23800,-200,5000,"bu","10:07:45",2021900
23800,-200,100,"bu","10:07:52",2022000
23800,-200,1000,"sd","10:07:58",2023000
23800,-200,500,"bu","10:08:03",2023500
23800,-200,200,"sd","10:08:06",2023700
23800,-200,1000,"sd","10:08:06",2024700
23750,-250,5000,"sd","10:08:07",2029700
23800,-200,200,"sd","10:08:12",2029900
23800,-200,5000,"sd","10:08:14",2034900
23750,-250,100,"bu","10:08:16",2035000
23800,-200,300,"bu","10:08:33",2035300
23800,-200,400,"bu","10:08:37",2035700
23800,-200,1000,"bu","10:08:49",2036700
23800,-200,100,"bu","10:08:50",2036800
23800,-200,800,"bu","10:09:00",2037600
23800,-200,3000,"sd","10:09:03",2040600
23800,-200,500,"sd","10:09:08",2041100
23800,-200,100,"sd","10:09:14",2041200
23750,-250,2400,"sd","10:09:22",2043600
23800,-200,500,"sd","10:09:53",2044100
23750,-250,52000,"bu","10:10:09",2096100
23750,-250,1000,"sd","10:10:21",2097100
23750,-250,1000,"sd","10:10:36",2098100
23800,-200,300,"bu","10:11:07",2098400
23800,-200,100,"bu","10:11:15",2098500
23750,-250,7000,"bu","10:11:39",2105500
23750,-250,3000,"sd","10:11:45",2108500
23800,-200,1100,"bu","10:12:19",2109600
23750,-250,10000,"bu","10:12:31",2119600
23800,-200,1400,"bu","10:12:32",2121000
23800,-200,300,"sd","10:12:54",2121300
23750,-250,1100,"bu","10:13:15",2122400
23750,-250,1500,"bu","10:13:19",2123900
23800,-200,1000,"sd","10:13:49",2124900
23800,-200,6000,"bu","10:13:59",2130900
23750,-250,2000,"sd","10:14:03",2132900
23800,-200,100,"sd","10:14:06",2133000
23800,-200,1000,"bu","10:14:45",2134000
23750,-250,500,"bu","10:14:48",2134500
23800,-200,1900,"bu","10:14:50",2136400
23800,-200,100,"bu","10:14:54",2136500
23800,-200,50000,"sd","10:14:56",2186500
23800,-200,500,"bu","10:15:02",2187000
23800,-200,1300,"sd","10:15:05",2188300
23750,-250,400,"sd","10:15:14",2188700
23800,-200,1000,"bu","10:15:15",2189700
23800,-200,200,"sd","10:15:20",2189900
23800,-200,2000,"bu","10:15:21",2191900
23800,-200,21300,"sd","10:15:22",2213200
23800,-200,100,"bu","10:15:24",2213300
23800,-200,1100,"sd","10:15:25",2214400
23800,-200,14000,"sd","10:15:26",2228400
23800,-200,6100,"bu","10:15:27",2234500
23800,-200,600,"bu","10:15:29",2235100
23800,-200,1500,"bu","10:15:35",2236600
23800,-200,500,"sd","10:15:37",2237100
23850,-150,7500,"sd","10:15:40",2244600
23850,-150,10000,"sd","10:15:57",2254600
23850,-150,1000,"sd","10:16:07",2255600
23850,-150,300,"sd","10:16:10",2255900
23850,-150,2000,"sd","10:16:25",2257900
23850,-150,2000,"sd","10:16:31",2259900
23850,-150,1500,"sd","10:16:35",2261400
23850,-150,2000,"bu","10:16:50",2263400
23850,-150,100,"sd","10:17:18",2263500
23850,-150,2300,"sd","10:17:42",2265800
23850,-150,3000,"bu","10:17:45",2268800
23850,-150,10200,"sd","10:18:02",2279000
23850,-150,5000,"sd","10:18:21",2284000
23850,-150,100,"sd","10:18:27",2284100
23850,-150,4000,"sd","10:18:30",2288100
23850,-150,7500,"bu","10:18:33",2295600
23850,-150,1800,"sd","10:18:35",2297400
23850,-150,200,"bu","10:18:38",2297600
23850,-150,2500,"bu","10:18:39",2300100
23850,-150,5000,"bu","10:18:41",2305100
23850,-150,7500,"sd","10:18:45",2312600
23800,-200,100,"sd","10:18:45",2312700
23850,-150,2000,"bu","10:18:47",2314700
23800,-200,200,"bu","10:18:47",2314900
23850,-150,7500,"sd","10:18:50",2322400
23850,-150,7500,"bu","10:18:53",2329900
23850,-150,1000,"bu","10:18:54",2330900
23850,-150,2000,"sd","10:18:56",2332900
23850,-150,200,"sd","10:18:58",2333100
23850,-150,1000,"bu","10:18:59",2334100
23850,-150,400,"sd","10:19:00",2334500
23850,-150,5000,"bu","10:19:07",2339500
23850,-150,1000,"bu","10:19:09",2340500
23850,-150,1600,"bu","10:19:11",2342100
23850,-150,1000,"bu","10:19:16",2343100
23850,-150,1000,"sd","10:19:16",2344100
23800,-200,200,"bu","10:19:18",2344300
23850,-150,1000,"bu","10:19:20",2345300
23850,-150,2000,"sd","10:19:22",2347300
23850,-150,2600,"sd","10:19:26",2349900
23850,-150,1000,"bu","10:19:31",2350900
23900,-100,100,"bu","10:20:04",2351000
23900,-100,2100,"sd","10:20:51",2353100
23900,-100,600,"sd","10:20:52",2353700
23900,-100,50000,"bu","10:21:16",2403700
23900,-100,100,"bu","10:21:22",2403800
23900,-100,1100,"sd","10:22:14",2404900
23900,-100,100,"sd","10:22:16",2405000
23900,-100,4300,"sd","10:22:21",2409300
23900,-100,100,"sd","10:22:23",2409400
23900,-100,1000,"sd","10:22:25",2410400
23900,-100,10000,"sd","10:22:32",2420400
23900,-100,100,"sd","10:22:34",2420500
23900,-100,200,"sd","10:22:37",2420700
23900,-100,100,"bu","10:22:39",2420800
23900,-100,1000,"sd","10:22:41",2421800
23900,-100,1500,"sd","10:22:42",2423300
23900,-100,100,"sd","10:22:46",2423400
23900,-100,5000,"sd","10:22:49",2428400
23900,-100,2000,"sd","10:22:52",2430400
23900,-100,500,"bu","10:22:55",2430900
23900,-100,700,"sd","10:22:57",2431600
23900,-100,9300,"bu","10:22:59",2440900
23900,-100,5000,"bu","10:23:01",2445900
23900,-100,400,"sd","10:23:06",2446300
23950,-50,2400,"bu","10:23:38",2448700
23900,-100,200,"sd","10:23:40",2448900
23900,-100,38800,"bu","10:23:59",2487700
23900,-100,5000,"sd","10:24:32",2492700
23900,-100,100,"sd","10:24:54",2492800
23900,-100,6200,"sd","10:25:13",2499000
23850,-150,100,"bu","10:25:24",2499100
23900,-100,200,"sd","10:25:27",2499300
23850,-150,100,"bu","10:25:52",2499400
23900,-100,2000,"bu","10:26:02",2501400
23850,-150,100,"bu","10:26:27",2501500
23850,-150,4500,"bu","10:26:48",2506000
23850,-150,1000,"bu","10:26:51",2507000
23900,-100,1800,"bu","10:27:07",2508800
23900,-100,1000,"bu","10:27:54",2509800
23900,-100,1500,"bu","10:29:43",2511300
23900,-100,200,"bu","10:29:50",2511500
23900,-100,1200,"sd","10:30:09",2512700
23900,-100,6000,"sd","10:30:25",2518700
23900,-100,50000,"sd","10:30:27",2568700
23850,-150,100,"sd","10:30:28",2568800
23850,-150,400,"bu","10:30:41",2569200
23900,-100,600,"sd","10:30:43",2569800
23900,-100,300,"bu","10:30:59",2570100
23900,-100,4000,"bu","10:31:02",2574100
23900,-100,100,"sd","10:31:14",2574200
23850,-150,1400,"bu","10:31:43",2575600
23850,-150,1000,"sd","10:32:08",2576600
23900,-100,1500,"bu","10:32:55",2578100
23900,-100,10000,"sd","10:33:08",2588100
23850,-150,1000,"bu","10:33:27",2589100
23850,-150,20000,"bu","10:33:55",2609100
23900,-100,100,"sd","10:34:07",2609200
23900,-100,500,"sd","10:34:33",2609700
23900,-100,1900,"bu","10:34:38",2611600
23900,-100,100,"sd","10:34:48",2611700
23850,-150,2000,"bu","10:35:18",2613700
23900,-100,1000,"sd","10:35:27",2614700
23850,-150,600,"bu","10:35:34",2615300
23850,-150,2800,"sd","10:36:15",2618100
23900,-100,2600,"sd","10:37:06",2620700
23900,-100,1000,"bu","10:37:16",2621700
23900,-100,500,"bu","10:37:22",2622200
23900,-100,2000,"sd","10:37:34",2624200
23850,-150,100,"bu","10:37:35",2624300
23900,-100,2100,"bu","10:38:11",2626400
23900,-100,500,"sd","10:38:38",2626900
23900,-100,5000,"sd","10:38:44",2631900
23900,-100,200,"sd","10:39:14",2632100
23900,-100,42400,"sd","10:39:29",2674500
23900,-100,2300,"bu","10:39:55",2676800
23900,-100,2000,"sd","10:40:15",2678800
23900,-100,5000,"bu","10:40:36",2683800
23900,-100,600,"sd","10:40:47",2684400
23900,-100,5100,"sd","10:40:58",2689500
23900,-100,200,"bu","10:41:04",2689700
23900,-100,2000,"sd","10:41:47",2691700
23900,-100,100,"bu","10:41:58",2691800
23900,-100,22000,"sd","10:42:03",2713800
23900,-100,1500,"sd","10:42:05",2715300
23900,-100,300,"sd","10:42:07",2715600
23900,-100,500,"bu","10:42:09",2716100
23900,-100,6500,"sd","10:42:12",2722600
23900,-100,500,"sd","10:42:27",2723100
23900,-100,11100,"sd","10:42:29",2734200
23900,-100,300,"sd","10:42:47",2734500
23900,-100,1000,"sd","10:42:55",2735500
23900,-100,500,"bu","10:42:58",2736000
23900,-100,2000,"bu","10:43:01",2738000
23900,-100,400,"sd","10:43:11",2738400
23900,-100,100,"bu","10:43:17",2738500
23900,-100,700,"bu","10:43:30",2739200
23850,-150,1000,"sd","10:43:37",2740200
23900,-100,6500,"sd","10:43:44",2746700
23900,-100,500,"bu","10:44:01",2747200
23900,-100,6000,"sd","10:44:05",2753200
23900,-100,23100,"sd","10:44:28",2776300
23900,-100,7100,"bu","10:44:43",2783400
23900,-100,2000,"sd","10:44:52",2785400
23900,-100,500,"sd","10:45:33",2785900
23850,-150,3000,"bu","10:45:49",2788900
23900,-100,100,"bu","10:46:10",2789000
23900,-100,500,"bu","10:46:27",2789500
23900,-100,10000,"bu","10:46:29",2799500
23900,-100,10000,"bu","10:46:44",2809500
23900,-100,400,"sd","10:46:58",2809900
23900,-100,8000,"sd","10:47:05",2817900
23850,-150,800,"sd","10:47:08",2818700
23900,-100,8000,"bu","10:47:30",2826700
23850,-150,20000,"sd","10:47:41",2846700
23900,-100,2000,"sd","10:47:47",2848700
23850,-150,5000,"sd","10:48:13",2853700
23850,-150,3500,"bu","10:48:21",2857200
23850,-150,100,"bu","10:48:26",2857300
23850,-150,500,"sd","10:48:44",2857800
23850,-150,35400,"bu","10:49:10",2893200
23850,-150,200,"bu","10:49:42",2893400
23850,-150,100,"sd","10:49:50",2893500
23850,-150,800,"sd","10:50:03",2894300
23800,-200,400,"bu","10:51:16",2894700
23850,-150,100,"bu","10:51:20",2894800
23850,-150,600,"bu","10:52:08",2895400
23850,-150,100,"bu","10:52:50",2895500
23850,-150,200,"bu","10:53:06",2895700
23850,-150,2200,"sd","10:53:47",2897900
23800,-200,7000,"bu","10:54:30",2904900
23800,-200,16300,"sd","10:54:44",2921200
23850,-150,2000,"bu","10:54:45",2923200
23800,-200,2000,"sd","10:54:49",2925200
23800,-200,10000,"sd","10:54:54",2935200
23800,-200,30000,"bu","10:55:17",2965200
23800,-200,2100,"bu","10:55:25",2967300
23800,-200,2100,"sd","10:56:38",2969400
23800,-200,1700,"sd","10:56:39",2971100
23800,-200,1000,"sd","10:56:52",2972100
23800,-200,200,"bu","10:57:00",2972300
23800,-200,300,"sd","10:57:10",2972600
23800,-200,1000,"sd","10:57:54",2973600
23800,-200,500,"bu","10:57:58",2974100
23800,-200,8300,"bu","10:58:02",2982400
23800,-200,900,"sd","10:58:05",2983300
23800,-200,5000,"sd","10:58:09",2988300
23800,-200,100,"bu","10:58:15",2988400
23800,-200,2300,"sd","10:58:37",2990700
23800,-200,200,"bu","10:58:46",2990900
23800,-200,800,"sd","10:58:49",2991700
23800,-200,100,"bu","10:59:09",2991800
23750,-250,6000,"sd","10:59:11",2997800
23750,-250,1500,"sd","10:59:28",2999300
23750,-250,200,"sd","10:59:56",2999500
23800,-200,800,"sd","11:00:15",3000300
23800,-200,300,"sd","11:00:23",3000600
23800,-200,200,"sd","11:00:28",3000800
23800,-200,100,"sd","11:00:29",3000900
23800,-200,5000,"sd","11:00:31",3005900
23800,-200,7100,"sd","11:00:36",3013000
23800,-200,900,"sd","11:00:41",3013900
23800,-200,1300,"bu","11:00:44",3015200
23800,-200,700,"bu","11:00:47",3015900
23800,-200,3000,"sd","11:00:48",3018900
23800,-200,1300,"bu","11:01:00",3020200
23800,-200,7000,"bu","11:01:01",3027200
23850,-150,100,"sd","11:01:30",3027300
23800,-200,500,"bu","11:01:59",3027800
23800,-200,100,"sd","11:02:18",3027900
23800,-200,500,"bu","11:02:45",3028400
23850,-150,500,"sd","11:02:51",3028900
23850,-150,2100,"sd","11:03:45",3031000
23850,-150,1100,"sd","11:04:36",3032100
23850,-150,100,"bu","11:04:41",3032200
23850,-150,700,"sd","11:05:37",3032900
23850,-150,1000,"sd","11:06:02",3033900
23850,-150,200,"bu","11:06:08",3034100
23850,-150,2000,"sd","11:06:14",3036100
23850,-150,5000,"bu","11:06:54",3041100
23850,-150,200,"sd","11:07:08",3041300
23850,-150,1000,"bu","11:07:16",3042300
23850,-150,5000,"sd","11:07:21",3047300
23850,-150,5000,"bu","11:07:29",3052300
23800,-200,200,"bu","11:07:44",3052500
23800,-200,1500,"sd","11:08:24",3054000
23850,-150,4800,"bu","11:08:28",3058800
23800,-200,500,"bu","11:09:07",3059300
23800,-200,100,"bu","11:09:15",3059400
23800,-200,5000,"sd","11:09:22",3064400
23800,-200,500,"sd","11:09:25",3064900
23850,-150,100,"sd","11:09:29",3065000
23800,-200,10000,"sd","11:09:51",3075000
23800,-200,500,"bu","11:09:54",3075500
23850,-150,200,"sd","11:10:06",3075700
23850,-150,1600,"sd","11:11:40",3077300
23850,-150,100,"bu","11:11:56",3077400
23850,-150,500,"bu","11:11:57",3077900
23800,-200,200,"sd","11:12:24",3078100
23800,-200,1500,"bu","11:13:06",3079600
23800,-200,400,"sd","11:13:38",3080000
23850,-150,100,"bu","11:13:52",3080100
23800,-200,200,"sd","11:14:03",3080300
23850,-150,100,"sd","11:14:04",3080400
23850,-150,900,"sd","11:14:05",3081300
23850,-150,1000,"bu","11:14:20",3082300
23850,-150,3000,"bu","11:15:09",3085300
23850,-150,3500,"bu","11:15:16",3088800
23850,-150,300,"sd","11:15:20",3089100
23850,-150,400,"bu","11:16:04",3089500
23800,-200,800,"sd","11:16:20",3090300
23850,-150,200,"sd","11:17:10",3090500
23850,-150,2000,"bu","11:17:14",3092500
23850,-150,1000,"sd","11:17:31",3093500
23850,-150,200,"bu","11:17:33",3093700
23850,-150,1000,"sd","11:18:07",3094700
23800,-200,4100,"sd","11:19:09",3098800
23800,-200,400,"bu","11:20:44",3099200
23850,-150,1000,"sd","11:20:46",3100200
23850,-150,1000,"sd","11:20:53",3101200
23850,-150,11000,"sd","11:21:47",3112200
23850,-150,10000,"sd","11:22:03",3122200
23850,-150,100,"sd","11:22:15",3122300
23850,-150,1800,"bu","11:22:20",3124100
23850,-150,400,"sd","11:23:15",3124500
23850,-150,200,"sd","11:23:36",3124700
23850,-150,1000,"sd","11:23:43",3125700
23850,-150,6000,"bu","11:25:44",3131700
23850,-150,500,"bu","11:25:51",3132200
23800,-200,400,"bu","11:26:27",3132600
23800,-200,200,"bu","11:27:05",3132800
23800,-200,5200,"sd","11:27:25",3138000
23800,-200,2000,"sd","11:27:32",3140000
23800,-200,100,"sd","11:27:41",3140100
23800,-200,1000,"sd","11:27:47",3141100
23800,-200,2000,"bu","11:27:53",3143100
23850,-150,200,"bu","11:28:19",3143300
23850,-150,100,"sd","11:29:14",3143400
23800,-200,1000,"sd","11:29:19",3144400
23850,-150,500,"bu","11:29:27",3144900
23800,-200,1100,"sd","13:00:33",3146000
23800,-200,10000,"bu","13:00:35",3156000
23800,-200,1200,"bu","13:00:37",3157200
23850,-150,100,"sd","13:00:40",3157300
23850,-150,20000,"sd","13:00:41",3177300
23850,-150,700,"sd","13:00:43",3178000
23800,-200,300,"bu","13:00:44",3178300
23800,-200,21000,"sd","13:00:45",3199300
23800,-200,500,"bu","13:00:46",3199800
23800,-200,800,"sd","13:00:48",3200600
23800,-200,1000,"bu","13:00:49",3201600
23850,-150,10900,"sd","13:00:49",3212500
23800,-200,1000,"bu","13:00:52",3213500
23800,-200,1000,"bu","13:00:53",3214500
23850,-150,5100,"bu","13:00:54",3219600
23850,-150,100,"sd","13:00:54",3219200
23800,-200,2400,"bu","13:00:55",3221600
23850,-150,100,"sd","13:00:56",3221700
23850,-150,300,"sd","13:00:56",3222000
23850,-150,2700,"sd","13:01:00",3224700
23800,-200,4200,"sd","13:01:00",3228900
23800,-200,1000,"sd","13:01:01",3229900
23800,-200,100,"bu","13:01:17",3230000
23800,-200,500,"bu","13:01:18",3230500
23800,-200,1800,"sd","13:01:45",3232300
23800,-200,1500,"sd","13:01:49",3233800
23800,-200,500,"sd","13:01:56",3234300
23800,-200,2000,"sd","13:02:12",3236300
23800,-200,100,"bu","13:02:39",3236400
23800,-200,500,"bu","13:03:12",3236900
23800,-200,30000,"bu","13:03:34",3266900
23800,-200,100,"sd","13:03:54",3267000
23800,-200,2000,"sd","13:03:59",3269000
23800,-200,4000,"bu","13:04:11",3273000
23800,-200,300,"sd","13:04:19",3273300
23850,-150,1000,"sd","13:04:36",3274300
23850,-150,100,"sd","13:04:43",3274400
23850,-150,600,"bu","13:04:48",3275000
23800,-200,1000,"sd","13:05:03",3276000
23850,-150,2100,"sd","13:05:36",3278100
23850,-150,600,"sd","13:06:32",3278700
23850,-150,500,"sd","13:06:44",3279200
23800,-200,10100,"bu","13:07:37",3289300
23850,-150,3500,"bu","13:07:59",3292800
23850,-150,300,"sd","13:08:05",3293100
23800,-200,900,"bu","13:08:09",3294000
23850,-150,5000,"bu","13:08:24",3299000
23800,-200,100,"sd","13:08:33",3299100
23850,-150,2000,"sd","13:08:36",3301100
23850,-150,100,"bu","13:08:38",3301200
23850,-150,200,"sd","13:08:41",3301400
23850,-150,1900,"bu","13:08:45",3303300
23850,-150,2000,"bu","13:08:52",3305300
23850,-150,2100,"bu","13:08:55",3307400
23850,-150,200,"sd","13:08:59",3307600
23850,-150,2000,"sd","13:09:00",3309600
23850,-150,1000,"bu","13:09:03",3310600
23850,-150,300,"sd","13:09:06",3310900
23850,-150,1000,"sd","13:09:18",3311900
23850,-150,2000,"sd","13:09:38",3313900
23800,-200,100,"bu","13:09:40",3314000
23850,-150,15000,"bu","13:09:58",3329000
23850,-150,2000,"sd","13:10:00",3331000
23850,-150,8000,"bu","13:10:02",3339000
23850,-150,100,"bu","13:10:03",3339100
23850,-150,5000,"bu","13:10:12",3344100
23850,-150,2000,"sd","13:10:13",3346100
23850,-150,5100,"bu","13:10:14",3351200
23850,-150,2700,"bu","13:10:51",3353900
23850,-150,2000,"sd","13:10:58",3355900
23850,-150,1000,"bu","13:11:13",3356900
23850,-150,100,"bu","13:11:17",3357000
23850,-150,500,"sd","13:11:31",3357500
23850,-150,100,"bu","13:11:44",3357600
23850,-150,500,"sd","13:11:55",3358100
23850,-150,1500,"bu","13:12:00",3359600
23850,-150,2000,"sd","13:12:03",3361600
23850,-150,10000,"sd","13:12:19",3371600
23850,-150,2900,"sd","13:12:24",3374500
23850,-150,5000,"sd","13:12:27",3379500
23850,-150,200,"sd","13:12:31",3379700
23850,-150,2900,"sd","13:12:41",3382600
23850,-150,800,"sd","13:12:52",3383400
23850,-150,2100,"bu","13:12:55",3385500
23850,-150,300,"bu","13:13:18",3385800
23850,-150,1000,"sd","13:13:32",3386800
23850,-150,100,"sd","13:13:39",3386900
23850,-150,200,"bu","13:13:52",3387100
23850,-150,900,"bu","13:13:57",3388000
23850,-150,200,"sd","13:14:04",3388200
23850,-150,1000,"bu","13:14:16",3389200
23900,-100,1500,"sd","13:15:20",3390700
23900,-100,5000,"bu","13:15:43",3395700
23850,-150,300,"sd","13:15:46",3396000
23850,-150,1300,"sd","13:16:18",3397300
23900,-100,1500,"sd","13:17:06",3398800
23900,-100,200,"bu","13:17:09",3399000
23850,-150,1000,"bu","13:17:18",3400000
23850,-150,2000,"bu","13:17:40",3402000
23850,-150,500,"bu","13:17:50",3402500
23850,-150,1200,"bu","13:17:52",3403700
23850,-150,1000,"sd","13:18:27",3404700
23850,-150,200,"sd","13:18:49",3404900
23850,-150,300,"sd","13:18:51",3405200
23850,-150,1500,"sd","13:18:56",3406700
23850,-150,9900,"bu","13:19:01",3416600
23850,-150,100,"sd","13:19:11",3416700
23850,-150,700,"bu","13:19:44",3417400
23850,-150,1500,"bu","13:19:50",3418900
23850,-150,1300,"sd","13:20:25",3420200
23850,-150,500,"sd","13:20:41",3420700
23900,-100,300,"sd","13:21:03",3421000
23900,-100,400,"sd","13:21:07",3421400
23850,-150,2000,"sd","13:21:21",3423400
23850,-150,2000,"sd","13:21:30",3425400
23850,-150,100,"sd","13:21:44",3425500
23850,-150,200,"sd","13:22:14",3425700
23850,-150,300,"sd","13:22:15",3426000
23850,-150,2000,"bu","13:22:24",3428000
23900,-100,1000,"bu","13:22:30",3429000
23900,-100,2000,"bu","13:22:31",3431000
23850,-150,10000,"sd","13:22:34",3441000
23850,-150,500,"sd","13:22:44",3441500
23850,-150,2000,"bu","13:23:03",3443500
23850,-150,60000,"sd","13:23:16",3503500
23850,-150,1000,"bu","13:23:44",3504500
23850,-150,6000,"sd","13:23:48",3510500
23900,-100,100,"bu","13:24:06",3510600
23850,-150,500,"bu","13:24:09",3511100
23900,-100,100,"sd","13:24:49",3511200
23900,-100,1100,"bu","13:25:15",3512300
23850,-150,5300,"bu","13:25:33",3517600
23900,-100,3100,"bu","13:25:34",3520700
23900,-100,700,"sd","13:25:38",3521400
23900,-100,30500,"sd","13:25:42",3551900
23900,-100,300,"bu","13:25:49",3552200
23900,-100,200,"bu","13:25:55",3552400
23900,-100,45100,"bu","13:26:01",3597500
23900,-100,200,"bu","13:26:04",3597700
23900,-100,100,"bu","13:26:05",3597800
23900,-100,10500,"sd","13:26:08",3608300
23900,-100,2400,"sd","13:26:13",3610700
23900,-100,20000,"sd","13:26:14",3630700
23900,-100,500,"sd","13:26:15",3631200
23900,-100,300,"sd","13:26:16",3631500
23900,-100,15100,"sd","13:26:18",3646600
23900,-100,100,"sd","13:26:20",3646700
23900,-100,300,"sd","13:26:22",3647000
23900,-100,2000,"bu","13:26:24",3649000
23900,-100,700,"bu","13:26:28",3649700
23900,-100,100,"sd","13:26:40",3649800
23950,-50,200,"bu","13:26:44",3650000
23950,-50,400,"bu","13:26:47",3650400
23900,-100,7000,"bu","13:26:53",3657400
23950,-50,700,"bu","13:27:12",3658100
23950,-50,3700,"sd","13:27:28",3661800
23950,-50,300,"sd","13:27:35",3662100
23950,-50,2800,"sd","13:27:37",3664900
23950,-50,1000,"bu","13:27:42",3665900
23950,-50,11000,"sd","13:27:55",3676900
23950,-50,500,"sd","13:27:59",3677400
23950,-50,2000,"bu","13:28:16",3679400
23900,-100,100,"sd","13:28:20",3679500
23950,-50,3000,"bu","13:28:22",3682500
23950,-50,500,"sd","13:28:43",3683000
23950,-50,2000,"bu","13:29:16",3685000
23950,-50,200,"bu","13:29:40",3685200
23900,-100,500,"sd","13:30:12",3685700
23900,-100,5000,"sd","13:30:14",3690700
23900,-100,3400,"bu","13:30:21",3694100
23900,-100,10100,"bu","13:30:24",3704200
23900,-100,400,"sd","13:30:25",3704600
23900,-100,500,"sd","13:30:27",3705100
23900,-100,1500,"bu","13:30:28",3706600
23900,-100,200,"sd","13:30:30",3706800
23900,-100,5000,"sd","13:30:36",3711800
23900,-100,5600,"sd","13:30:41",3717400
23900,-100,1000,"sd","13:30:46",3718400
23900,-100,2000,"bu","13:30:50",3720400
23900,-100,500,"sd","13:31:00",3720900
23900,-100,1000,"bu","13:31:25",3721900
23900,-100,500,"sd","13:31:35",3722400
23900,-100,2000,"bu","13:31:47",3724400
23900,-100,200,"bu","13:32:05",3724600
23900,-100,1000,"bu","13:32:18",3725600
23900,-100,200,"sd","13:32:32",3725800
23900,-100,10000,"bu","13:32:33",3735800
23900,-100,1000,"bu","13:32:59",3736800
23900,-100,1100,"sd","13:33:56",3737900
23900,-100,1000,"sd","13:34:05",3738900
23900,-100,2000,"sd","13:34:49",3740900
23900,-100,500,"bu","13:35:07",3741400
23850,-150,1000,"sd","13:35:20",3742400
23850,-150,500,"bu","13:35:25",3742900
23850,-150,600,"bu","13:35:46",3743500
23850,-150,1000,"bu","13:36:15",3744500
23850,-150,500,"sd","13:36:31",3745000
23850,-150,5000,"sd","13:36:43",3750000
23900,-100,10000,"sd","13:37:07",3760000
23850,-150,300,"bu","13:37:09",3760300
23850,-150,1100,"bu","13:37:10",3761400
23850,-150,5000,"sd","13:37:12",3766400
23850,-150,500,"sd","13:37:25",3766900
23850,-150,100,"bu","13:37:28",3767000
23850,-150,600,"sd","13:37:57",3767600
23900,-100,2500,"sd","13:38:05",3770100
23900,-100,100,"bu","13:38:09",3770200
23900,-100,400,"bu","13:38:11",3770600
23900,-100,1000,"bu","13:38:21",3771600
23900,-100,500,"sd","13:38:26",3772100
23900,-100,300,"sd","13:38:38",3772400
23900,-100,600,"sd","13:38:47",3773000
23900,-100,6000,"sd","13:38:54",3779000
23900,-100,5000,"sd","13:38:56",3784000
23900,-100,3000,"sd","13:39:09",3787000
23900,-100,10000,"sd","13:39:11",3797000
23850,-150,1800,"bu","13:39:16",3798800
23900,-100,1600,"bu","13:39:18",3800400
23900,-100,4000,"bu","13:39:24",3804400
23900,-100,200,"sd","13:39:33",3804600
23900,-100,3000,"bu","13:39:43",3807600
23850,-150,5000,"sd","13:39:48",3812600
23850,-150,1000,"sd","13:40:01",3813600
23900,-100,100,"bu","13:40:06",3813700
23850,-150,3100,"bu","13:40:12",3816800
23900,-100,1700,"bu","13:40:14",3818500
23900,-100,1000,"sd","13:40:24",3819500
23900,-100,1300,"sd","13:40:31",3820800
23900,-100,3300,"bu","13:40:49",3824100
23900,-100,1000,"sd","13:40:51",3825100
23900,-100,300,"bu","13:40:54",3825400
23900,-100,100,"sd","13:40:55",3825500
23900,-100,400,"bu","13:41:07",3825900
23900,-100,300,"bu","13:41:10",3826200
23900,-100,200,"bu","13:41:11",3826400
23900,-100,2000,"bu","13:41:13",3828400
23900,-100,200,"sd","13:41:14",3828600
23850,-150,30600,"sd","13:41:27",3859200
23900,-100,10300,"bu","13:41:30",3869500
23850,-150,1400,"sd","13:41:31",3870900
23900,-100,5000,"sd","13:41:32",3875900
23900,-100,1000,"sd","13:41:33",3876900
23900,-100,2000,"bu","13:41:36",3878900
23900,-100,4700,"bu","13:41:46",3883600
23900,-100,3700,"sd","13:41:47",3887300
23900,-100,7100,"bu","13:41:49",3894400
23950,-50,2000,"bu","13:41:58",3896400
23950,-50,200,"sd","13:42:06",3896600
23900,-100,1000,"bu","13:42:15",3897600
23900,-100,500,"sd","13:42:26",3898100
23900,-100,3000,"bu","13:42:28",3901100
23900,-100,300,"sd","13:42:29",3901400
23900,-100,1000,"bu","13:42:34",3902400
23900,-100,1000,"bu","13:42:37",3903400
23900,-100,100,"bu","13:42:46",3903500
23900,-100,1000,"sd","13:42:51",3904500
23900,-100,2000,"sd","13:42:53",3906500
23900,-100,2000,"bu","13:42:57",3908500
23900,-100,200,"sd","13:43:02",3908700
23950,-50,9800,"bu","13:43:08",3918500
23950,-50,13100,"bu","13:43:10",3931600
23900,-100,200,"bu","13:43:11",3931800
23900,-100,400,"sd","13:43:14",3932200
23950,-50,1000,"sd","13:43:19",3933200
23900,-100,3700,"sd","13:43:27",3936900
23900,-100,1100,"bu","13:43:29",3938000
23900,-100,500,"bu","13:43:35",3938500
23900,-100,200,"bu","13:43:41",3938700
23900,-100,2000,"bu","13:43:43",3940700
23900,-100,500,"bu","13:43:47",3941200
23950,-50,1500,"bu","13:43:51",3942700
23900,-100,200,"bu","13:43:53",3942900
23900,-100,200,"sd","13:44:02",3943100
23950,-50,500,"bu","13:44:11",3943600
23950,-50,4000,"sd","13:44:24",3947600
23950,-50,500,"bu","13:44:26",3948100
23950,-50,2000,"bu","13:44:32",3950100
23950,-50,5000,"sd","13:44:33",3955100
23950,-50,1000,"bu","13:44:46",3956100
23950,-50,400,"sd","13:44:53",3956500
23950,-50,200,"sd","13:44:55",3956700
23950,-50,1500,"bu","13:45:02",3958200
23900,-100,100,"sd","13:45:03",3958300
23950,-50,200,"sd","13:45:05",3958500
23950,-50,4800,"bu","13:45:06",3963300
23950,-50,100,"bu","13:45:11",3963400
23950,-50,400,"sd","13:45:24",3963800
23950,-50,200,"bu","13:45:37",3964000
23900,-100,1000,"bu","13:45:45",3965000
23900,-100,500,"bu","13:45:47",3965500
23900,-100,400,"sd","13:45:55",3965900
23950,-50,500,"bu","13:45:58",3966400
23950,-50,8800,"sd","13:46:09",3975200
23950,-50,4000,"bu","13:46:13",3979200
23950,-50,100,"bu","13:46:14",3979300
23950,-50,500,"sd","13:46:15",3979800
23900,-100,1000,"sd","13:46:23",3980800
23900,-100,1000,"bu","13:46:35",3981800
23900,-100,3100,"bu","13:46:53",3984900
23900,-100,40000,"sd","13:46:59",4024900
23900,-100,1400,"bu","13:47:00",4026300
23900,-100,7000,"sd","13:47:04",4033300
23900,-100,500,"sd","13:47:09",4033800
23900,-100,1200,"sd","13:47:13",4035000
23900,-100,2900,"sd","13:47:17",4037900
23900,-100,500,"sd","13:47:18",4038400
23900,-100,300,"sd","13:47:24",4038700
23900,-100,400,"bu","13:47:30",4039100
23900,-100,500,"sd","13:47:47",4039600
23900,-100,300,"bu","13:47:51",4039900
23900,-100,1000,"bu","13:47:52",4040900
23900,-100,4700,"bu","13:47:53",4045600
23900,-100,1000,"sd","13:47:55",4046600
23950,-50,200,"bu","13:47:58",4046800
23900,-100,5000,"bu","13:48:01",4051800
23900,-100,2000,"sd","13:48:05",4053800
23900,-100,3000,"bu","13:48:07",4056800
23900,-100,1000,"bu","13:48:11",4057800
23900,-100,200,"bu","13:48:12",4058000
23900,-100,200,"sd","13:48:13",4058200
23900,-100,200,"sd","13:48:18",4058400
23900,-100,700,"bu","13:48:20",4059100
23900,-100,1300,"bu","13:48:25",4060400
23900,-100,700,"sd","13:48:31",4061100
23900,-100,500,"sd","13:48:33",4061600
23900,-100,400,"bu","13:48:34",4062000
23900,-100,800,"sd","13:48:41",4062800
23900,-100,100,"bu","13:48:43",4062900
23900,-100,5500,"bu","13:48:47",4068400
23850,-150,4000,"sd","13:49:07",4072400
23900,-100,100,"sd","13:49:12",4072500
23900,-100,3900,"sd","13:49:13",4076400
23900,-100,1000,"sd","13:49:31",4077400
23900,-100,3000,"bu","13:49:34",4080400
23900,-100,500,"sd","13:49:38",4080900
23900,-100,2000,"sd","13:49:39",4082900
23900,-100,500,"sd","13:49:40",4083400
23900,-100,5000,"sd","13:49:46",4088400
23900,-100,1000,"bu","13:49:47",4089400
23900,-100,2000,"bu","13:49:51",4091400
23900,-100,13800,"sd","13:50:01",4105200
23900,-100,800,"bu","13:50:02",4106000
23900,-100,3000,"sd","13:50:05",4109000
23900,-100,300,"bu","13:50:07",4109300
23900,-100,200,"bu","13:50:11",4109500
23900,-100,3800,"sd","13:50:12",4113300
23900,-100,7300,"bu","13:50:16",4120600
23900,-100,1000,"sd","13:50:17",4121600
23900,-100,1700,"sd","13:50:25",4123300
23900,-100,1800,"sd","13:50:31",4125100
23900,-100,200,"bu","13:50:33",4125300
23900,-100,1000,"sd","13:50:44",4126300
23900,-100,300,"sd","13:51:02",4126600
23900,-100,10000,"sd","13:51:15",4136600
23900,-100,900,"sd","13:51:17",4137500
23850,-150,17000,"bu","13:51:26",4154500
23850,-150,100,"bu","13:52:11",4154600
23900,-100,2100,"bu","13:52:29",4156700
23850,-150,2000,"sd","13:52:52",4158700
23900,-100,2200,"bu","13:52:56",4160900
23900,-100,100,"bu","13:53:05",4161000
23900,-100,600,"sd","13:53:34",4161600
23900,-100,1000,"bu","13:53:56",4162600
23850,-150,1000,"bu","13:54:40",4163600
23850,-150,10000,"sd","13:55:05",4173600
23850,-150,29600,"bu","13:55:27",4203200
23850,-150,20000,"bu","13:55:29",4223200
23850,-150,5000,"sd","13:55:34",4228200
23850,-150,100,"bu","13:55:42",4228300
23850,-150,1500,"bu","13:55:52",4229800
23850,-150,10000,"bu","13:55:56",4239800
23850,-150,1000,"bu","13:55:59",4240800
23850,-150,2000,"bu","13:56:02",4242800
23850,-150,3100,"bu","13:56:11",4245900
23850,-150,300,"bu","13:56:12",4246200
23850,-150,500,"sd","13:56:20",4246700
23850,-150,1000,"sd","13:56:28",4247700
23850,-150,5100,"bu","13:56:32",4252800
23850,-150,1000,"sd","13:56:44",4253800
23850,-150,28500,"sd","13:56:53",4282300
23850,-150,1000,"sd","13:56:57",4283300
23850,-150,13400,"bu","13:57:03",4296700
23850,-150,500,"sd","13:57:04",4297200
23850,-150,1800,"bu","13:57:09",4299000
23850,-150,200,"sd","13:57:19",4299200
23850,-150,3000,"sd","13:57:20",4302200
23850,-150,100,"bu","13:57:28",4302300
23850,-150,2100,"bu","13:57:37",4304400
23850,-150,500,"sd","13:57:47",4304900
23850,-150,10100,"bu","13:57:49",4315000
23900,-100,500,"sd","13:57:55",4315500
23850,-150,400,"sd","13:57:56",4315900
23850,-150,500,"bu","13:58:02",4316400
23850,-150,3600,"bu","13:58:14",4320000
23850,-150,100,"bu","13:58:18",4320100
23850,-150,6500,"sd","13:58:29",4326600
23850,-150,3000,"sd","13:58:57",4329600
23850,-150,1000,"bu","13:59:00",4330600
23850,-150,3000,"sd","13:59:02",4333600
23850,-150,100,"bu","13:59:03",4333700
23850,-150,4300,"bu","13:59:14",4338000
23850,-150,2000,"sd","13:59:17",4340000
23850,-150,2000,"sd","13:59:25",4342000
23850,-150,7100,"sd","13:59:47",4349100
23850,-150,1000,"bu","14:00:00",4350100
23850,-150,100,"sd","14:00:23",4350200
23850,-150,5000,"sd","14:00:32",4355200
23850,-150,2000,"bu","14:00:33",4357200
23850,-150,3000,"sd","14:00:36",4360200
23800,-200,2000,"sd","14:00:44",4362200
23800,-200,600,"bu","14:00:54",4362800
23850,-150,5000,"bu","14:00:57",4367800
23850,-150,4000,"bu","14:01:01",4371800
23850,-150,3000,"sd","14:01:10",4374800
23850,-150,1300,"bu","14:01:20",4376100
23800,-200,500,"bu","14:01:34",4376600
23800,-200,1000,"bu","14:01:41",4377600
23850,-150,1100,"bu","14:01:45",4378700
23800,-200,1000,"bu","14:01:46",4379700
23850,-150,1100,"bu","14:01:47",4380800
23850,-150,1500,"sd","14:01:56",4382300
23850,-150,4400,"sd","14:02:09",4386700
23800,-200,3000,"sd","14:02:13",4389700
23850,-150,3000,"bu","14:02:16",4392700
23850,-150,2000,"bu","14:02:31",4394700
23850,-150,47000,"bu","14:02:32",4441700
23850,-150,200,"sd","14:02:35",4441900
23850,-150,1400,"sd","14:02:36",4443300
23900,-100,2000,"bu","14:02:40",4445300
23850,-150,200,"sd","14:02:46",4445500
23850,-150,14900,"sd","14:02:52",4460400
23900,-100,1000,"sd","14:02:59",4461400
23850,-150,5000,"sd","14:03:02",4466400
23850,-150,200,"sd","14:03:05",4466600
23850,-150,2000,"bu","14:03:08",4468600
23850,-150,1000,"sd","14:03:17",4469600
23850,-150,1600,"bu","14:03:20",4471200
23850,-150,20000,"bu","14:03:24",4491200
23850,-150,2000,"sd","14:03:26",4493200
23850,-150,500,"sd","14:03:28",4493700
23850,-150,2000,"sd","14:03:32",4495700
23850,-150,1000,"sd","14:03:42",4496700
23850,-150,100,"bu","14:03:45",4496800
23850,-150,2000,"sd","14:04:07",4498800
23850,-150,1000,"bu","14:04:13",4499800
23850,-150,500,"sd","14:04:18",4500300
23850,-150,1000,"sd","14:04:26",4501300
23850,-150,10000,"sd","14:04:34",4511300
23850,-150,100,"sd","14:04:45",4511400
23850,-150,500,"bu","14:04:46",4511900
23850,-150,2600,"bu","14:04:56",4514500
23850,-150,1400,"bu","14:04:59",4515900
23850,-150,1800,"bu","14:05:00",4517700
23850,-150,1200,"sd","14:05:04",4518900
23850,-150,100,"bu","14:05:07",4519000
23850,-150,15200,"bu","14:05:10",4534200
23850,-150,400,"bu","14:05:11",4534600
23850,-150,1500,"sd","14:05:12",4536100
23800,-200,20300,"sd","14:05:23",4556400
23850,-150,300,"bu","14:05:25",4556700
23850,-150,200,"sd","14:05:34",4556900
23850,-150,8500,"bu","14:05:37",4565400
23850,-150,1600,"bu","14:05:42",4567000
23850,-150,1000,"bu","14:05:44",4568000
23850,-150,300,"sd","14:05:52",4568300
23850,-150,200,"sd","14:06:12",4568500
23900,-100,100,"sd","14:06:19",4568600
23850,-150,3000,"bu","14:06:30",4571600
23850,-150,6100,"bu","14:06:40",4577700
23850,-150,3000,"sd","14:06:43",4580700
23850,-150,13500,"bu","14:06:45",4594200
23900,-100,700,"sd","14:06:54",4594900
23850,-150,22000,"sd","14:07:01",4616900
23850,-150,600,"bu","14:07:07",4617500
23850,-150,400,"sd","14:07:17",4617900
23850,-150,3000,"bu","14:07:22",4620900
23850,-150,1200,"sd","14:07:33",4622100
23900,-100,1000,"sd","14:07:55",4623100
23850,-150,100,"bu","14:08:05",4623200
23850,-150,1000,"bu","14:08:15",4624200
23850,-150,3000,"sd","14:08:17",4627200
23850,-150,400,"bu","14:08:21",4627600
23900,-100,500,"sd","14:08:41",4628100
23850,-150,3000,"bu","14:08:54",4631100
23900,-100,2000,"sd","14:08:58",4633100
23850,-150,9500,"bu","14:09:00",4642600
23850,-150,1000,"bu","14:09:03",4643600
23900,-100,1200,"bu","14:09:23",4644800
23850,-150,100,"bu","14:09:24",4644900
23850,-150,1000,"sd","14:09:26",4645900
23850,-150,300,"bu","14:09:30",4646200
23850,-150,1500,"bu","14:09:43",4647700
23900,-100,500,"bu","14:09:46",4648200
23900,-100,900,"bu","14:10:04",4649100
23900,-100,300,"sd","14:10:08",4649400
23900,-100,2000,"sd","14:10:09",4651400
23900,-100,900,"sd","14:10:23",4652300
23900,-100,100,"sd","14:10:26",4652400
23900,-100,500,"sd","14:10:27",4652900
23900,-100,1500,"bu","14:10:43",4654400
23900,-100,11500,"sd","14:10:46",4665900
23900,-100,2000,"bu","14:10:56",4667900
23900,-100,2000,"bu","14:10:59",4669900
23900,-100,300,"bu","14:11:03",4670200
23900,-100,27600,"bu","14:11:14",4697800
23900,-100,50000,"sd","14:11:22",4747800
23850,-150,8000,"bu","14:11:26",4755800
23900,-100,3000,"sd","14:11:27",4758800
23900,-100,100,"bu","14:11:30",4758900
23900,-100,5000,"bu","14:11:32",4763900
23900,-100,1000,"bu","14:11:35",4764900
23900,-100,10200,"bu","14:11:36",4775100
23900,-100,4000,"sd","14:11:37",4779100
23900,-100,800,"bu","14:11:39",4779900
23900,-100,5000,"bu","14:11:40",4784900
23900,-100,3200,"bu","14:11:43",4788100
23900,-100,1000,"bu","14:11:47",4789100
23900,-100,17400,"sd","14:11:54",4806500
23900,-100,1100,"sd","14:11:56",4807600
23900,-100,6000,"sd","14:11:57",4813600
23900,-100,1500,"sd","14:12:08",4815100
23900,-100,600,"bu","14:12:10",4815700
23900,-100,5900,"sd","14:12:12",4821600
23900,-100,100,"bu","14:12:17",4821700
23900,-100,500,"bu","14:12:24",4822200
23900,-100,1000,"bu","14:12:30",4823200
23900,-100,8000,"sd","14:12:35",4831200
23900,-100,1000,"bu","14:12:37",4832200
23900,-100,3000,"sd","14:12:40",4835200
23900,-100,200,"sd","14:12:44",4835400
23900,-100,200,"bu","14:12:50",4835600
23900,-100,36100,"sd","14:12:53",4871700
23950,-50,3000,"bu","14:13:14",4874700
23900,-100,100,"sd","14:13:18",4874800
23900,-100,2500,"sd","14:13:21",4877300
23950,-50,20000,"bu","14:13:22",4897300
23900,-100,200,"bu","14:13:28",4897500
23950,-50,2000,"bu","14:13:34",4899500
23900,-100,5000,"bu","14:13:36",4904500
23900,-100,100,"sd","14:13:42",4904600
23900,-100,300,"bu","14:13:50",4904900
23900,-100,100,"sd","14:14:21",4905000
23900,-100,400,"bu","14:14:24",4905400
23900,-100,200,"bu","14:14:27",4905600
23900,-100,100,"bu","14:14:35",4905700
23950,-50,1000,"bu","14:14:52",4906700
23950,-50,2200,"bu","14:15:10",4908900
23950,-50,100,"sd","14:15:15",4909000
23950,-50,17000,"sd","14:15:17",4926000
23950,-50,5000,"bu","14:15:19",4931000
23950,-50,300,"bu","14:15:24",4931300
23950,-50,1000,"sd","14:15:26",4932300
23950,-50,82500,"bu","14:15:27",5014800
23950,-50,1000,"sd","14:15:34",5015800
23950,-50,200,"bu","14:15:40",5016000
23950,-50,100,"sd","14:15:47",5016100
23950,-50,200,"sd","14:15:54",5016300
23950,-50,3000,"sd","14:15:56",5019300
23950,-50,6000,"bu","14:15:59",5025300
24000,0,1300,"sd","14:16:01",5026600
23950,-50,1800,"bu","14:16:02",5028400
23950,-50,300,"sd","14:16:05",5028700
24000,0,100,"bu","14:16:10",5028800
24000,0,1100,"bu","14:16:16",5029900
23950,-50,100,"bu","14:16:30",5030000
23950,-50,7900,"bu","14:16:33",5037900
23950,-50,10000,"sd","14:16:36",5047900
24000,0,1000,"bu","14:16:37",5048900
23950,-50,2000,"bu","14:16:41",5050900
23950,-50,3100,"sd","14:16:42",5054000
24000,0,100,"bu","14:16:45",5054100
23950,-50,25000,"bu","14:16:47",5079100
23950,-50,500,"sd","14:16:55",5079600
23950,-50,5000,"sd","14:17:01",5084600
23950,-50,1200,"bu","14:17:03",5085800
23950,-50,1000,"sd","14:17:09",5086800
23950,-50,2200,"bu","14:17:19",5089000
23950,-50,5000,"bu","14:17:23",5094000
23950,-50,45000,"bu","14:17:24",5139000
23950,-50,12000,"bu","14:17:26",5151000
23950,-50,2900,"bu","14:17:41",5153900
23950,-50,1000,"sd","14:17:42",5154900
23950,-50,1400,"sd","14:17:43",5156300
23950,-50,50000,"bu","14:17:53",5206300
23950,-50,6300,"bu","14:17:54",5212600
23900,-100,200,"bu","14:18:16",5212800
23900,-100,1000,"sd","14:18:42",5213800
23900,-100,500,"bu","14:18:43",5214300
23900,-100,1000,"sd","14:18:45",5215300
23900,-100,14700,"bu","14:18:47",5230000
23900,-100,3000,"sd","14:18:49",5233000
23900,-100,2000,"sd","14:18:55",5235000
23900,-100,31000,"sd","14:19:08",5266000
23900,-100,1000,"sd","14:19:11",5267000
23950,-50,5200,"sd","14:19:19",5272200
23950,-50,100,"bu","14:19:21",5272300
23950,-50,900,"sd","14:19:27",5273200
23900,-100,2400,"bu","14:19:30",5275600
23950,-50,1000,"bu","14:19:32",5276600
23950,-50,500,"bu","14:20:05",5277100
23900,-100,1000,"bu","14:20:06",5278100
23900,-100,23000,"sd","14:20:19",5301100
23900,-100,20000,"sd","14:20:22",5321100
23900,-100,1100,"bu","14:20:23",5322200
23900,-100,7200,"sd","14:20:27",5329400
23900,-100,1000,"bu","14:20:28",5330400
23900,-100,4300,"sd","14:20:37",5334700
23900,-100,1000,"sd","14:20:40",5335700
23900,-100,100,"sd","14:20:41",5335800
23900,-100,5100,"sd","14:20:44",5340900
23950,-50,3000,"sd","14:21:01",5343900
23950,-50,16600,"bu","14:21:06",5360500
23950,-50,1000,"bu","14:21:32",5361500
23900,-100,1500,"bu","14:21:34",5363000
23950,-50,200,"sd","14:21:36",5363200
23950,-50,1000,"bu","14:21:40",5364200
23950,-50,50000,"bu","14:21:42",5414200
23900,-100,10000,"bu","14:21:45",5424200
23950,-50,1600,"sd","14:21:47",5425800
23950,-50,1000,"sd","14:21:54",5426800
23950,-50,11000,"sd","14:21:59",5437800
23950,-50,51000,"sd","14:22:19",5488800
23950,-50,500,"bu","14:22:24",5489300
23950,-50,19400,"sd","14:22:27",5508700
23950,-50,500,"bu","14:22:31",5509200
23950,-50,300,"bu","14:22:36",5509500
23950,-50,500,"bu","14:22:38",5510000
23950,-50,2000,"sd","14:22:43",5512000
23950,-50,2600,"sd","14:22:45",5514600
23950,-50,1000,"sd","14:22:52",5515600
23950,-50,5000,"bu","14:22:55",5520600
23950,-50,12500,"bu","14:22:56",5533100
23950,-50,200,"sd","14:23:27",5533300
23950,-50,23600,"bu","14:23:29",5556900
23950,-50,200,"bu","14:23:30",5557100
23950,-50,6700,"sd","14:23:32",5563800
23950,-50,3000,"bu","14:23:35",5566800
23950,-50,3900,"bu","14:23:36",5570700
23950,-50,100,"bu","14:23:38",5570800
23950,-50,600,"bu","14:23:41",5571400
23950,-50,100,"bu","14:23:46",5571500
23950,-50,300,"bu","14:23:47",5571800
23950,-50,800,"bu","14:23:58",5572600
23950,-50,4200,"bu","14:23:59",5576800
23950,-50,6000,"bu","14:24:09",5582800
23950,-50,200,"sd","14:24:10",5583000
23950,-50,500,"bu","14:24:19",5583500
23950,-50,5800,"bu","14:24:23",5589300
23950,-50,3500,"bu","14:24:33",5592800
23950,-50,1600,"sd","14:24:35",5594400
23950,-50,2000,"bu","14:24:37",5596400
23950,-50,500,"sd","14:24:38",5596900
23950,-50,1000,"bu","14:24:40",5597900
23950,-50,1600,"sd","14:24:41",5599500
23950,-50,3800,"bu","14:24:46",5603300
23950,-50,1000,"sd","14:24:49",5604300
23950,-50,500,"sd","14:24:51",5604800
23950,-50,200,"bu","14:24:55",5605000
23950,-50,1300,"sd","14:24:56",5606300
23950,-50,3000,"sd","14:25:06",5609300
23950,-50,3900,"sd","14:25:09",5613200
23950,-50,100,"sd","14:25:10",5613300
23950,-50,500,"sd","14:25:14",5613800
23950,-50,100,"sd","14:25:15",5613900
23950,-50,800,"bu","14:25:17",5614700
23950,-50,1300,"bu","14:25:24",5616000
23950,-50,3000,"sd","14:25:31",5619000
23950,-50,300,"sd","14:25:32",5619300
23950,-50,5000,"bu","14:25:55",5624300
23950,-50,200,"bu","14:25:57",5624500
23950,-50,500,"sd","14:26:04",5625000
23900,-100,1000,"sd","14:26:09",5626000
23950,-50,12000,"sd","14:26:18",5638000
23950,-50,2000,"bu","14:26:27",5640000
23950,-50,200,"sd","14:26:30",5640200
23950,-50,25200,"bu","14:26:46",5665400
23950,-50,200,"sd","14:26:56",5665600
23950,-50,21000,"sd","14:26:59",5686600
23950,-50,4200,"bu","14:27:03",5690800
23950,-50,2000,"sd","14:27:08",5692800
23950,-50,2200,"bu","14:27:11",5695000
23950,-50,5000,"sd","14:27:19",5700000
23950,-50,2000,"sd","14:27:20",5702000
23950,-50,26900,"sd","14:27:23",5728900
23950,-50,1100,"sd","14:27:25",5730000
23950,-50,6000,"sd","14:27:33",5736000
23950,-50,1000,"bu","14:27:34",5737000
23950,-50,8000,"sd","14:27:44",5745000
23950,-50,10300,"sd","14:27:46",5755300
24000,0,30000,"sd","14:27:50",5785300
23950,-50,5000,"bu","14:27:51",5790300
23950,-50,5000,"bu","14:27:53",5795300
23950,-50,5200,"bu","14:27:57",5800500
23950,-50,1000,"bu","14:28:00",5801500
23950,-50,1500,"bu","14:28:05",5803000
23900,-100,500,"sd","14:28:10",5803500
23950,-50,100,"sd","14:28:14",5803600
23950,-50,2000,"bu","14:28:15",5805600
23900,-100,1000,"sd","14:28:19",5806600
23900,-100,3400,"bu","14:28:26",5810000
23900,-100,200,"sd","14:28:35",5810200
23950,-50,6900,"bu","14:28:41",5817100
23900,-100,4900,"sd","14:28:43",5822000
23950,-50,1000,"sd","14:28:44",5823000
23900,-100,1000,"bu","14:28:47",5824000
23950,-50,1100,"sd","14:28:50",5825100
23950,-50,500,"bu","14:28:57",5825600
23950,-50,800,"sd","14:29:13",5826400
23950,-50,1200,"sd","14:29:14",5827600
23900,-100,1000,"sd","14:29:24",5828600
23900,-100,1500,"bu","14:29:35",5830100
23900,-100,3000,"bu","14:29:37",5833100
23900,-100,5500,"bu","14:29:38",5838600
23900,-100,2900,"bu","14:29:40",5841500
23900,-100,12000,"bu","14:29:44",5853500
23900,-100,3500,"bu","14:29:46",5857000
23900,-100,13500,"sd","14:29:50",5870500
23900,-100,5000,"sd","14:29:52",5875500
23900,-100,6500,"sd","14:29:53",5882000
23900,-100,24300,"sd","14:29:55",5906300
23900,-100,5300,"bu","14:29:57",5911600
23900,-100,8500,"bu","14:29:59",5920100
23900,-100,2000,"sd","14:30:00",5922100
23900,-100,4300,"sd","14:30:05",5926400
24000,0,592700,"bu","14:45:16",6519100
