"price","change","match_qtty","side","time","total_vol"
24000,0,1000,"sd","09:00:02",1000
23900,-100,9000,"sd","09:03:48",10000
23900,-100,8000,"sd","09:03:55",18000
23900,-100,6000,"sd","09:04:02",24000
23900,-100,9000,"sd","09:04:09",33000
23900,-100,5000,"sd","09:04:15",38000
23900,-100,8000,"bu","09:04:23",46000
23900,-100,3000,"bu","09:04:31",49000
23900,-100,7000,"bu","09:04:39",56000
23900,-100,3000,"sd","09:08:05",59000
23900,-100,2000,"bu","09:08:11",61000
23900,-100,1000,"bu","09:08:22",62000
23900,-100,19000,"bu","09:09:54",81000
23900,-100,21000,"bu","09:10:02",102000
23900,-100,9000,"sd","09:10:43",111000
23900,-100,18000,"sd","09:10:53",129000
23900,-100,29000,"sd","09:10:59",158000
23900,-100,3000,"sd","09:11:01",161000
23900,-100,36000,"bu","09:11:05",197000
23900,-100,5000,"bu","09:11:06",202000
23900,-100,45000,"sd","09:11:11",247000
23900,-100,21000,"bu","09:11:15",281000
23900,-100,6000,"bu","09:11:16",287000
23900,-100,7000,"bu","09:11:20",294000
23900,-100,28000,"bu","09:11:22",322000
23900,-100,9000,"bu","09:11:25",331000
23900,-100,26000,"bu","09:11:28",357000
23900,-100,3000,"sd","09:11:33",385000
23900,-100,38000,"bu","09:11:39",423000
23900,-100,6000,"bu","09:11:40",429000
23900,-100,48000,"bu","09:11:46",477000
23900,-100,6000,"bu","09:11:50",483000
23900,-100,96000,"sd","09:11:52",579000
23900,-100,7000,"sd","09:11:54",586000
23900,-100,17000,"sd","09:11:59",603000
23900,-100,8000,"bu","09:12:00",611000
23900,-100,1000,"sd","09:12:04",612000
23900,-100,51000,"bu","09:12:06",663000
23900,-100,2000,"bu","09:12:08",665000
23900,-100,3000,"sd","09:12:12",668000
23900,-100,28000,"sd","09:12:13",696000
23900,-100,4000,"sd","09:12:17",700000
23900,-100,37000,"bu","09:12:19",737000
23900,-100,5000,"bu","09:12:20",742000
23900,-100,6000,"sd","09:12:24",748000
23900,-100,43000,"sd","09:12:25",791000
23900,-100,7000,"sd","09:12:27",798000
23900,-100,33000,"bu","09:12:30",831000
23900,-100,8000,"bu","09:12:31",839000
23900,-100,9000,"bu","09:12:36",848000
23900,-100,21000,"bu","09:12:37",869000
23900,-100,10000,"sd","09:12:40",879000
23900,-100,59000,"sd","09:12:42",938000
23900,-100,2000,"sd","09:12:46",940000
23900,-100,16000,"bu","09:12:47",956000
23900,-100,32000,"bu","09:12:53",988000
23900,-100,4000,"sd","09:12:57",992000
23900,-100,18000,"sd","09:12:59",1010000
23900,-100,6000,"bu","09:13:03",1016000
23900,-100,41000,"bu","09:13:06",1057000
23900,-100,8000,"sd","09:13:09",1065000
23900,-100,15000,"bu","09:13:12",1080000
23900,-100,10000,"sd","09:13:14",1090000
23900,-100,17000,"bu","09:13:21",1107000
23900,-100,3000,"bu","09:13:31",1110000
24000,0,1000,"bu","09:13:36",1111000
24000,0,1000,"sd","09:14:36",1112000
24000,0,2000,"bu","09:15:09",1114000
24000,0,3000,"bu","09:15:24",1117000
24000,0,1000,"sd","09:17:05",1118000
24000,0,2000,"sd","09:17:58",1120000
24000,0,1000,"bu","09:18:14",1121000
24000,0,4000,"sd","09:19:17",1125000
24000,0,3000,"sd","09:20:23",1128000
24000,0,1000,"bu","09:20:25",1129000
23900,-100,18000,"bu","09:21:44",1147000
23900,-100,3000,"sd","09:22:10",1150000
23900,-100,2000,"sd","09:22:15",1152000
23900,-100,2000,"sd","09:22:22",1154000
23900,-100,3000,"bu","09:22:25",1157000
23900,-100,1000,"bu","09:22:27",1158000
23900,-100,2000,"bu","09:24:03",1160000
23900,-100,4000,"bu","09:24:09",1164000
23900,-100,1000,"sd","09:24:14",1165000
23900,-100,2000,"bu","09:24:19",1167000
23900,-100,3000,"bu","09:24:24",1170000
23900,-100,1000,"bu","09:24:29",1171000
23900,-100,5000,"sd","09:24:36",1176000
23900,-100,3000,"bu","09:24:40",1179000
23900,-100,1000,"sd","09:24:45",1180000
23900,-100,2000,"sd","09:24:49",1182000
23900,-100,4000,"sd","09:24:55",1186000
23900,-100,5000,"bu","09:25:01",1191000
23900,-100,1000,"bu","09:25:05",1192000
23900,-100,3000,"sd","09:25:10",1195000
23900,-100,4000,"bu","09:25:16",1199000
23900,-100,2000,"sd","09:25:21",1201000
23900,-100,1000,"bu","09:25:26",1202000
23900,-100,3000,"bu","09:25:30",1205000
23900,-100,2000,"sd","09:25:35",1207000
23900,-100,3000,"bu","09:25:38",1210000
23900,-100,4000,"sd","09:25:42",1214000
23900,-100,5000,"sd","09:25:46",1219000
23900,-100,2000,"sd","09:25:47",1221000
23900,-100,3000,"sd","09:25:52",1224000
23900,-100,1000,"sd","09:25:58",1225000
23900,-100,2000,"sd","09:26:02",1227000
23900,-100,4000,"bu","09:26:08",1231000
23900,-100,1000,"sd","09:26:13",1232000
23900,-100,3000,"bu","09:26:18",1235000
23900,-100,5000,"sd","09:26:23",1240000
23900,-100,2000,"bu","09:26:27",1242000
23900,-100,3000,"sd","09:26:32",1245000
23900,-100,5000,"sd","09:26:40",1250000
23900,-100,4000,"bu","09:26:45",1254000
23900,-100,2000,"sd","09:26:49",1256000
23900,-100,1000,"bu","09:26:54",1257000
23900,-100,5000,"bu","09:26:59",1262000
23900,-100,3000,"sd","09:27:03",1265000
23900,-100,2000,"sd","09:27:08",1267000
23900,-100,1000,"sd","09:27:13",1268000
23900,-100,3000,"sd","09:27:18",1271000
23900,-100,5000,"bu","09:27:22",1276000
23900,-100,3000,"sd","09:27:27",1279000
23900,-100,2000,"sd","09:27:32",1281000
23900,-100,1000,"bu","09:27:38",1282000
23900,-100,2000,"sd","09:27:43",1284000
23900,-100,3000,"bu","09:27:48",1287000
23900,-100,1000,"bu","09:27:50",1288000
23900,-100,5000,"sd","09:27:53",1293000
23900,-100,6000,"sd","09:27:57",1299000
23900,-100,6000,"bu","09:28:02",1305000
23900,-100,2000,"bu","09:28:08",1307000
23900,-100,5000,"sd","09:28:14",1312000
23900,-100,2000,"bu","09:28:23",1314000
23900,-100,4000,"sd","09:28:28",1318000
23900,-100,3000,"bu","09:28:33",1321000
23900,-100,5000,"sd","09:28:38",1326000
23900,-100,1000,"sd","09:28:43",1327000
23900,-100,2000,"sd","09:28:53",1329000
23900,-100,3000,"sd","09:28:59",1332000
23900,-100,2000,"sd","09:29:01",1334000
23900,-100,5000,"sd","09:29:07",1339000
23900,-100,3000,"sd","09:29:11",1342000
23900,-100,1000,"sd","09:29:16",1343000
23900,-100,3000,"bu","09:29:21",1346000
23900,-100,5000,"bu","09:29:25",1351000
23900,-100,4000,"sd","09:29:30",1355000
23900,-100,3000,"bu","09:29:34",1358000
23900,-100,1000,"sd","09:29:39",1359000
23900,-100,2000,"sd","09:29:46",1361000
23900,-100,3000,"bu","09:29:52",1364000
23900,-100,4000,"bu","09:29:57",1368000
23900,-100,4000,"bu","09:30:20",1372000
23900,-100,5000,"bu","09:30:30",1377000
23900,-100,4000,"sd","09:30:35",1381000
23900,-100,6000,"bu","09:30:42",1387000
23900,-100,2000,"sd","09:30:49",1389000
23900,-100,1000,"bu","09:30:54",1390000
23900,-100,3000,"bu","09:31:01",1393000
23900,-100,2000,"sd","09:31:12",1395000
23900,-100,4000,"sd","09:31:18",1399000
23900,-100,1000,"sd","09:31:25",1400000
23900,-100,3000,"sd","09:31:29",1403000
23900,-100,8000,"sd","09:31:34",1411000
23900,-100,1000,"sd","09:31:40",1412000
23900,-100,3000,"sd","09:31:45",1415000
23900,-100,4000,"sd","09:31:50",1419000
23900,-100,1000,"bu","09:31:54",1420000
23900,-100,5000,"sd","09:31:59",1425000
23900,-100,2000,"sd","09:32:06",1427000
23900,-100,3000,"bu","09:32:11",1430000
23900,-100,1000,"bu","09:32:16",1431000
23900,-100,3000,"sd","09:32:21",1434000
23900,-100,2000,"sd","09:32:41",1436000
23900,-100,1000,"bu","09:32:42",1437000
23800,-200,1000,"bu","09:34:09",1438000
23900,-100,4000,"bu","09:34:20",1442000
23900,-100,3000,"bu","09:34:26",1445000
23900,-100,4000,"sd","09:34:32",1449000
23900,-100,5000,"sd","09:34:42",1454000
23900,-100,1000,"sd","09:34:50",1455000
23900,-100,2000,"bu","09:37:10",1457000
23900,-100,3000,"sd","09:37:16",1460000
23900,-100,4000,"bu","09:37:21",1464000
23900,-100,1000,"sd","09:37:34",1465000
23900,-100,3000,"sd","09:38:24",1468000
23900,-100,4000,"bu","09:38:29",1472000
23900,-100,6000,"sd","09:38:34",1478000
23900,-100,1000,"bu","09:38:43",1479000
23900,-100,4000,"bu","09:38:53",1483000
23900,-100,3000,"sd","09:39:00",1486000
23900,-100,1000,"bu","09:39:13",1487000
23900,-100,3000,"bu","09:39:14",1490000
23900,-100,2000,"bu","09:39:26",1492000
23900,-100,1000,"sd","09:39:36",1493000
23900,-100,3000,"sd","09:39:43",1496000
23900,-100,5000,"bu","09:39:54",1501000
23900,-100,2000,"bu","09:40:01",1503000
23900,-100,1000,"bu","09:40:05",1504000
23900,-100,2000,"sd","09:40:12",1506000
23900,-100,1000,"bu","09:40:27",1507000
23900,-100,3000,"sd","09:40:34",1510000
23900,-100,3000,"bu","09:41:12",1513000
23900,-100,2000,"sd","09:41:37",1515000
23900,-100,4000,"sd","09:41:51",1519000
23900,-100,1000,"sd","09:41:59",1520000
23900,-100,2000,"bu","09:42:04",1522000
23900,-100,1000,"bu","09:42:12",1523000
23900,-100,3000,"sd","09:42:28",1526000
23900,-100,4000,"sd","09:42:30",1530000
23900,-100,1000,"bu","09:42:35",1531000
23900,-100,2000,"sd","09:42:42",1533000
23900,-100,3000,"sd","09:42:49",1536000
23900,-100,1000,"bu","09:42:56",1537000
23900,-100,3000,"bu","09:43:01",1540000
23900,-100,2000,"sd","09:43:08",1542000
23900,-100,1000,"bu","09:43:17",1543000
23900,-100,4000,"bu","09:43:22",1547000
23900,-100,5000,"bu","09:43:36",1552000
23900,-100,2000,"sd","09:44:21",1554000
23900,-100,3000,"sd","09:44:27",1557000
23900,-100,1000,"bu","09:44:33",1558000
23900,-100,2000,"bu","09:44:37",1560000
23900,-100,1000,"bu","09:44:44",1561000
23900,-100,3000,"bu","09:44:50",1564000
23900,-100,1000,"sd","09:44:56",1565000
23900,-100,3000,"bu","09:45:04",1568000
23900,-100,1000,"bu","09:45:39",1569000
23900,-100,1000,"bu","09:45:58",1570000
23900,-100,2000,"sd","09:46:51",1572000
23900,-100,1000,"bu","09:47:16",1573000
23900,-100,2000,"bu","09:47:49",1575000
23900,-100,3000,"bu","09:48:51",1578000
23900,-100,1000,"sd","09:49:57",1579000
23900,-100,2000,"bu","09:50:12",1581000
23900,-100,1000,"sd","09:51:17",1582000
23900,-100,3000,"bu","09:51:33",1585000
23900,-100,1000,"sd","09:52:09",1586000
23900,-100,1000,"sd","09:52:11",1587000
23900,-100,2000,"bu","09:52:21",1589000
23900,-100,3000,"bu","09:53:37",1592000
23900,-100,2000,"sd","09:54:10",1594000
23900,-100,2000,"sd","09:55:01",1596000
23900,-100,1000,"sd","09:55:36",1597000
23900,-100,2000,"bu","09:56:21",1599000
23900,-100,2000,"sd","09:56:34",1601000
23900,-100,1000,"sd","09:58:49",1602000
23900,-100,3000,"sd","09:59:28",1605000
23900,-100,2000,"bu","09:59:39",1607000
23900,-100,1000,"sd","10:00:05",1608000
23900,-100,2000,"sd","10:01:31",1610000
23900,-100,2000,"sd","10:01:40",1612000
23900,-100,3000,"sd","10:02:23",1615000
23900,-100,1000,"bu","10:02:56",1616000
23900,-100,1000,"sd","10:03:05",1617000
23900,-100,5000,"bu","10:03:06",1622000
23900,-100,2000,"bu","10:03:13",1624000
23900,-100,3000,"bu","10:03:18",1627000
23900,-100,4000,"sd","10:03:22",1631000
23900,-100,4000,"bu","10:03:38",1635000
23900,-100,2000,"sd","10:03:42",1637000
23900,-100,3000,"bu","10:04:04",1640000
23900,-100,2000,"sd","10:06:16",1642000
23900,-100,4000,"sd","10:06:27",1646000
23900,-100,5000,"bu","10:07:26",1651000
23900,-100,3000,"sd","10:10:03",1654000
23900,-100,1000,"bu","10:13:19",1655000
23900,-100,4000,"sd","10:13:39",1659000
23900,-100,2000,"bu","10:14:02",1661000
23900,-100,1000,"bu","10:14:44",1662000
23900,-100,1000,"bu","10:15:41",1663000
23900,-100,2000,"bu","10:16:11",1665000
23900,-100,3000,"sd","10:16:55",1668000
23900,-100,1000,"bu","10:18:48",1669000
23900,-100,2000,"sd","10:19:49",1671000
23900,-100,3000,"sd","10:21:32",1674000
23900,-100,2000,"bu","10:22:58",1676000
23900,-100,1000,"sd","10:23:03",1677000
23900,-100,1000,"bu","10:23:45",1678000
23900,-100,3000,"bu","10:25:04",1681000
23900,-100,2000,"sd","10:25:38",1683000
23900,-100,4000,"sd","10:26:11",1687000
23900,-100,1000,"bu","10:26:59",1688000
23900,-100,1000,"bu","10:28:10",1689000
23900,-100,2000,"sd","10:29:01",1691000
23900,-100,1000,"sd","10:29:33",1692000
23900,-100,1000,"sd","10:31:31",1693000
23900,-100,3000,"sd","10:32:15",1696000
23900,-100,2000,"sd","10:32:34",1698000
23800,-200,50000,"sd","10:33:56",1748000
23900,-100,3000,"sd","10:34:57",1751000
23900,-100,1000,"bu","10:35:23",1752000
23900,-100,2000,"sd","10:37:29",1754000
23900,-100,4000,"sd","10:37:39",1758000
23900,-100,2000,"sd","10:39:02",1760000
23800,-200,55000,"sd","10:39:21",1815000
23800,-200,2000,"bu","10:39:40",1817000
23800,-200,8000,"sd","10:39:57",1825000
23900,-100,1000,"bu","10:40:04",1826000
23900,-100,2000,"sd","10:40:58",1828000
23900,-100,4000,"sd","10:42:27",1832000
23900,-100,1000,"sd","10:42:34",1833000
23800,-200,42000,"sd","10:43:04",1875000
23800,-200,10000,"bu","10:43:07",1885000
23800,-200,21000,"bu","10:43:12",1906000
23800,-200,1000,"sd","10:43:16",1907000
23800,-200,27000,"bu","10:43:19",1934000
23800,-200,2000,"bu","10:43:21",1936000
23800,-200,3000,"sd","10:43:24",1939000
23800,-200,32000,"bu","10:43:27",1971000
23800,-200,4000,"bu","10:43:30",1975000
23800,-200,19000,"sd","10:43:34",1994000
23800,-200,2000,"bu","10:43:36",1996000
23800,-200,33000,"bu","10:43:41",2029000
23800,-200,6000,"bu","10:43:44",2035000
23800,-200,8000,"bu","10:43:48",2043000
23800,-200,36000,"bu","10:43:49",2079000
23800,-200,1000,"sd","10:43:57",2080000
23800,-200,17000,"sd","10:43:59",2097000
23800,-200,3000,"sd","10:44:01",2100000
23800,-200,5000,"bu","10:44:05",2105000
23800,-200,35000,"sd","10:44:08",2140000
23800,-200,7000,"sd","10:44:10",2147000
23800,-200,42000,"bu","10:44:17",2189000
23800,-200,9000,"bu","10:44:20",2198000
23800,-200,2000,"sd","10:44:26",2200000
23800,-200,38000,"sd","10:44:27",2238000
23800,-200,4000,"sd","10:44:30",2242000
23800,-200,27000,"bu","10:44:35",2269000
23800,-200,6000,"sd","10:44:39",2275000
23800,-200,19000,"bu","10:44:43",2294000
23800,-200,8000,"bu","10:44:44",2302000
23800,-200,10000,"sd","10:44:51",2312000
23800,-200,24000,"sd","10:45:06",2336000
23900,-100,2000,"bu","10:45:14",2338000
23900,-100,3000,"bu","10:45:23",2341000
23900,-100,1000,"bu","10:46:03",2342000
23900,-100,3000,"bu","10:47:42",2345000
23900,-100,2000,"bu","10:47:50",2347000
23900,-100,2000,"sd","10:48:37",2349000
23800,-200,31000,"bu","10:49:06",2380000
23800,-200,2000,"bu","10:49:17",2382000
23800,-200,7000,"sd","10:49:30",2389000
23900,-100,1000,"bu","10:49:35",2390000
23900,-100,1000,"bu","10:50:37",2391000
23900,-100,3000,"bu","10:51:22",2394000
23900,-100,1000,"bu","10:51:35",2395000
23900,-100,2000,"bu","10:52:04",2397000
23900,-100,4000,"bu","10:53:11",2401000
23900,-100,2000,"bu","10:54:07",2403000
23900,-100,1000,"bu","10:55:46",2404000
23900,-100,2000,"bu","10:55:59",2406000
23900,-100,3000,"sd","10:57:23",2409000
23900,-100,1000,"bu","10:57:37",2410000
23800,-200,4000,"bu","10:58:12",2414000
23900,-100,2000,"bu","10:58:21",2416000
23900,-100,1000,"sd","10:58:35",2417000
23900,-100,2000,"bu","10:59:42",2419000
23900,-100,5000,"bu","11:00:38",2424000
23900,-100,3000,"sd","11:00:55",2427000
23800,-200,24000,"bu","11:01:21",2451000
23800,-200,19000,"sd","11:01:26",2470000
23800,-200,18000,"bu","11:01:33",2488000
23800,-200,100000,"bu","11:01:40",2588000
23800,-200,5000,"bu","11:01:45",2593000
23800,-200,36000,"bu","11:01:48",2629000
23800,-200,6000,"bu","11:01:49",2635000
23800,-200,7000,"bu","11:01:55",2642000
23800,-200,47000,"bu","11:01:58",2689000
23800,-200,9000,"sd","11:01:59",2698000
23800,-200,6000,"bu","11:02:03",2704000
23800,-200,46000,"sd","11:02:05",2750000
23800,-200,5000,"bu","11:02:12",2755000
23800,-200,39000,"bu","11:02:13",2794000
23800,-200,3000,"bu","11:02:17",2797000
23800,-200,28000,"sd","11:02:22",2825000
23800,-200,1000,"bu","11:02:25",2826000
23800,-200,11000,"sd","11:02:29",2837000
23800,-200,10000,"bu","11:02:31",2847000
23800,-200,8000,"sd","11:02:34",2855000
23800,-200,22000,"sd","11:02:38",2877000
23800,-200,4000,"sd","11:02:43",2881000
23800,-200,24000,"sd","11:02:47",2905000
23800,-200,2000,"bu","11:02:48",2907000
23800,-200,9000,"bu","11:02:52",2916000
23800,-200,36000,"sd","11:02:55",2952000
23800,-200,7000,"bu","11:02:57",2959000
23800,-200,53000,"bu","11:03:04",3012000
23800,-200,5000,"sd","11:03:05",3017000
23800,-200,3000,"sd","11:03:14",3020000
23900,-100,8000,"sd","11:03:20",3028000
23900,-100,1000,"sd","11:03:30",3029000
23900,-100,3000,"bu","11:03:31",3032000
23900,-100,1000,"sd","11:04:48",3033000
23900,-100,2000,"bu","11:05:06",3035000
23900,-100,3000,"bu","11:05:52",3038000
23900,-100,1000,"sd","11:07:05",3039000
23900,-100,2000,"bu","11:07:36",3041000
23900,-100,1000,"bu","11:07:48",3042000
23900,-100,4000,"bu","11:08:56",3046000
23900,-100,2000,"bu","11:09:11",3048000
23900,-100,3000,"sd","11:09:26",3051000
23900,-100,2000,"bu","11:10:22",3053000
23900,-100,1000,"bu","11:11:11",3054000
23900,-100,4000,"bu","11:11:32",3058000
23900,-100,2000,"bu","11:11:54",3060000
23900,-100,1000,"sd","11:12:34",3061000
23900,-100,2000,"sd","11:13:14",3063000
23900,-100,3000,"bu","11:13:28",3066000
23900,-100,1000,"bu","11:14:39",3067000
23900,-100,2000,"bu","11:14:50",3069000
23900,-100,3000,"bu","11:15:10",3072000
23900,-100,2000,"bu","11:16:22",3074000
23900,-100,1000,"sd","11:16:54",3075000
23900,-100,3000,"sd","11:17:49",3078000
23900,-100,2000,"bu","11:18:24",3080000
23900,-100,4000,"bu","11:18:41",3084000
23900,-100,1000,"bu","11:19:48",3085000
23900,-100,2000,"sd","11:20:58",3087000
23900,-100,1000,"bu","11:23:57",3088000
23900,-100,3000,"sd","11:24:32",3091000
23900,-100,2000,"sd","11:25:51",3093000
23900,-100,1000,"sd","11:26:54",3094000
23900,-100,2000,"bu","11:27:06",3096000
23900,-100,3000,"sd","11:27:40",3099000
23900,-100,4000,"bu","11:28:27",3103000
23900,-100,5000,"bu","11:29:20",3108000
23800,-200,1000,"bu","13:00:02",3109000
23900,-100,1000,"bu","13:02:08",3110000
23900,-100,3000,"sd","13:02:14",3113000
23900,-100,2000,"bu","13:03:11",3115000
23900,-100,1000,"sd","13:03:19",3116000
23900,-100,2000,"bu","13:04:11",3118000
23900,-100,1000,"sd","13:04:52",3119000
23900,-100,3000,"bu","13:04:58",3122000
23900,-100,4000,"bu","13:05:56",3126000
23900,-100,2000,"bu","13:06:02",3128000
23900,-100,1000,"sd","13:06:48",3129000
23900,-100,2000,"bu","13:07:09",3131000
23900,-100,1000,"sd","13:07:18",3132000
23900,-100,3000,"bu","13:07:41",3135000
23900,-100,2000,"sd","13:08:24",3137000
23900,-100,5000,"bu","13:08:58",3142000
23900,-100,1000,"bu","13:09:20",3143000
23900,-100,2000,"sd","13:09:35",3145000
23900,-100,3000,"sd","13:09:50",3148000
23900,-100,1000,"bu","13:09:57",3149000
23900,-100,2000,"bu","13:10:28",3151000
23900,-100,1000,"bu","13:10:45",3152000
23900,-100,2000,"sd","13:11:05",3154000
23900,-100,1000,"bu","13:11:57",3155000
23900,-100,3000,"bu","13:11:59",3158000
23900,-100,4000,"bu","13:12:29",3162000
23900,-100,2000,"bu","13:13:17",3164000
23800,-200,1000,"bu","13:13:55",3165000
23900,-100,1000,"bu","13:14:00",3166000
23900,-100,3000,"bu","13:14:03",3169000
23900,-100,2000,"sd","13:14:55",3171000
23900,-100,3000,"sd","13:15:24",3174000
23900,-100,3000,"bu","13:16:01",3177000
23900,-100,1000,"bu","13:16:17",3178000
23900,-100,4000,"bu","13:16:48",3182000
23900,-100,1000,"sd","13:17:37",3183000
23900,-100,2000,"bu","13:17:38",3185000
23900,-100,1000,"bu","13:17:57",3186000
23900,-100,2000,"sd","13:18:45",3188000
23900,-100,3000,"sd","13:19:03",3191000
23900,-100,5000,"sd","13:19:36",3196000
23900,-100,1000,"bu","13:20:35",3197000
23900,-100,3000,"bu","13:20:45",3200000
23900,-100,3000,"bu","13:21:19",3203000
23900,-100,1000,"bu","13:21:44",3204000
23900,-100,2000,"bu","13:21:59",3206000
23900,-100,4000,"sd","13:22:32",3210000
23900,-100,1000,"sd","13:23:55",3211000
23900,-100,3000,"sd","13:24:22",3214000
23900,-100,1000,"bu","13:24:34",3215000
23900,-100,2000,"bu","13:24:54",3217000
23900,-100,2000,"bu","13:25:38",3219000
23800,-200,18000,"bu","13:25:58",3237000
23900,-100,4000,"bu","13:26:23",3241000
23900,-100,1000,"bu","13:26:25",3242000
23900,-100,1000,"sd","13:27:08",3243000
23900,-100,5000,"bu","13:27:14",3248000
23900,-100,2000,"bu","13:28:00",3250000
23900,-100,3000,"sd","13:28:34",3253000
23900,-100,3000,"bu","13:28:41",3256000
23900,-100,1000,"sd","13:28:51",3257000
23900,-100,2000,"bu","13:29:31",3259000
23900,-100,1000,"bu","13:30:00",3260000
23900,-100,2000,"bu","13:30:23",3262000
23900,-100,3000,"bu","13:30:35",3265000
23900,-100,1000,"bu","13:32:04",3266000
23900,-100,3000,"bu","13:32:21",3269000
23900,-100,2000,"bu","13:32:36",3271000
23900,-100,1000,"bu","13:32:47",3272000
23900,-100,4000,"bu","13:33:14",3276000
23900,-100,2000,"sd","13:33:46",3278000
23900,-100,1000,"sd","13:34:02",3279000
23900,-100,3000,"sd","13:35:09",3282000
23900,-100,26000,"sd","13:35:23",3308000
23900,-100,6000,"bu","13:35:34",3314000
23900,-100,8000,"bu","13:35:42",3322000
24000,0,1000,"bu","13:35:49",3323000
24000,0,3000,"sd","13:35:53",3326000
24000,0,2000,"sd","13:36:04",3328000
24000,0,1000,"bu","13:36:35",3329000
24000,0,2000,"bu","13:37:12",3331000
24000,0,1000,"bu","13:37:53",3332000
24000,0,1000,"bu","13:37:59",3333000
24000,0,2000,"bu","13:38:33",3335000
24000,0,3000,"sd","13:39:01",3338000
24000,0,1000,"sd","13:39:44",3339000
24000,0,2000,"sd","13:40:05",3341000
24000,0,1000,"sd","13:40:37",3342000
24000,0,4000,"bu","13:41:19",3346000
24000,0,2000,"sd","13:41:39",3348000
24000,0,3000,"bu","13:41:52",3351000
23900,-100,19000,"sd","13:42:00",3370000
23900,-100,20000,"sd","13:42:34",3390000
23900,-100,1000,"bu","13:42:40",3391000
24000,0,1000,"sd","13:42:47",3392000
24000,0,5000,"sd","13:43:04",3397000
24000,0,2000,"sd","13:43:22",3399000
24000,0,3000,"bu","13:44:18",3402000
24000,0,1000,"bu","13:44:32",3403000
24000,0,2000,"sd","13:44:39",3405000
24000,0,1000,"sd","13:45:16",3406000
24000,0,3000,"bu","13:45:20",3409000
24000,0,4000,"bu","13:45:56",3413000
23900,-100,29000,"bu","13:46:07",3442000
24000,0,2000,"sd","13:46:35",3444000
24000,0,2000,"sd","13:46:43",3446000
24000,0,3000,"sd","13:46:47",3449000
24000,0,4000,"sd","13:47:13",3453000
23900,-100,19000,"sd","13:48:06",3472000
24000,0,5000,"bu","13:48:19",3477000
24000,0,1000,"sd","13:48:41",3478000
24000,0,2000,"sd","13:49:23",3480000
24000,0,1000,"sd","13:49:37",3481000
23900,-100,21000,"bu","13:49:50",3502000
24000,0,1000,"bu","13:50:09",3503000
24000,0,3000,"bu","13:50:30",3506000
23900,-100,22000,"sd","13:50:47",3528000
24000,0,1000,"sd","13:51:27",3529000
24000,0,4000,"sd","13:51:34",3533000
24000,0,2000,"bu","13:51:39",3535000
24000,0,1000,"bu","13:52:12",3536000
23900,-100,23000,"sd","13:52:19",3559000
24000,0,3000,"sd","13:52:31",3562000
24000,0,1000,"sd","13:52:56",3563000
24000,0,5000,"bu","13:53:11",3568000
23900,-100,13000,"sd","13:53:17",3581000
24000,0,3000,"sd","13:53:41",3584000
24000,0,1000,"bu","13:53:50",3585000
23900,-100,6000,"sd","13:54:00",3591000
23900,-100,4000,"sd","13:54:04",3595000
24000,0,2000,"bu","13:54:12",3597000
24000,0,1000,"sd","13:54:25",3598000
24000,0,1000,"sd","13:54:49",3599000
24000,0,4000,"bu","13:55:08",3603000
24000,0,2000,"sd","13:55:35",3605000
24000,0,3000,"bu","13:56:02",3608000
24000,0,3000,"sd","13:56:05",3611000
24000,0,1000,"bu","13:57:15",3612000
24000,0,2000,"bu","13:57:21",3614000
24000,0,1000,"sd","13:58:33",3615000
24000,0,3000,"bu","13:59:19",3618000
24000,0,1000,"sd","13:59:29",3619000
24000,0,2000,"bu","13:59:57",3621000
24000,0,3000,"sd","14:00:12",3624000
24000,0,2000,"bu","14:00:45",3626000
24000,0,1000,"bu","14:00:53",3627000
24000,0,5000,"bu","14:01:26",3632000
24000,0,2000,"sd","14:01:54",3634000
24000,0,3000,"bu","14:02:09",3637000
24000,0,1000,"sd","14:02:28",3638000
24000,0,2000,"sd","14:02:33",3640000
24000,0,1000,"bu","14:03:08",3641000
24000,0,4000,"sd","14:03:18",3645000
24000,0,2000,"sd","14:03:31",3647000
24000,0,3000,"sd","14:04:31",3650000
24000,0,3000,"sd","14:04:33",3653000
24000,0,4000,"bu","14:05:18",3657000
24000,0,1000,"bu","14:05:21",3658000
24000,0,2000,"bu","14:06:03",3660000
24000,0,2000,"sd","14:06:12",3662000
24000,0,2000,"sd","14:06:34",3664000
24000,0,1000,"bu","14:06:38",3665000
24000,0,3000,"bu","14:07:05",3668000
24000,0,5000,"sd","14:07:12",3673000
24000,0,4000,"sd","14:07:17",3677000
24000,0,6000,"sd","14:07:23",3683000
24000,0,7000,"sd","14:07:28",3690000
24000,0,7000,"bu","14:07:30",3697000
24000,0,9000,"sd","14:07:35",3706000
24000,0,8000,"sd","14:07:36",3714000
24000,0,8000,"bu","14:07:40",3722000
24000,0,7000,"sd","14:07:44",3729000
24000,0,19000,"bu","14:07:46",3748000
24000,0,6000,"bu","14:07:50",3754000
24000,0,16000,"bu","14:07:51",3770000
24000,0,5000,"bu","14:07:54",3775000
24000,0,17000,"bu","14:07:56",3792000
24000,0,26000,"bu","14:08:03",3818000
24000,0,10000,"bu","14:08:19",3828000
24100,100,1000,"bu","14:08:24",3829000
24100,100,2000,"sd","14:08:25",3831000
24100,100,1000,"bu","14:09:02",3832000
24100,100,2000,"bu","14:09:13",3834000
24100,100,3000,"sd","14:09:39",3837000
24100,100,2000,"bu","14:10:14",3839000
24100,100,1000,"bu","14:10:27",3840000
24000,0,10000,"bu","14:10:44",3850000
24000,0,4000,"sd","14:10:56",3854000
24100,100,2000,"bu","14:11:13",3856000
24100,100,3000,"sd","14:11:27",3859000
24100,100,1000,"bu","14:11:41",3860000
24100,100,5000,"sd","14:12:03",3865000
24100,100,3000,"bu","14:12:45",3868000
24100,100,3000,"sd","14:13:07",3871000
24100,100,1000,"sd","14:13:10",3872000
24100,100,2000,"bu","14:13:40",3874000
24000,0,1000,"sd","14:13:48",3875000
24100,100,8000,"bu","14:13:54",3883000
24100,100,4000,"bu","14:14:16",3887000
24100,100,1000,"sd","14:14:48",3888000
24100,100,3000,"sd","14:15:00",3891000
24100,100,5000,"sd","14:15:05",3896000
24100,100,3000,"bu","14:15:16",3899000
24100,100,2000,"bu","14:15:20",3901000
24100,100,10000,"bu","14:15:45",3911000
24100,100,3000,"bu","14:15:46",3914000
24100,100,1000,"sd","14:16:22",3915000
24100,100,2000,"sd","14:16:23",3917000
24100,100,9000,"bu","14:16:30",3926000
24100,100,6000,"sd","14:16:33",3932000
24100,100,8000,"sd","14:16:34",3940000
24100,100,8000,"bu","14:16:37",3948000
24100,100,5000,"sd","14:16:38",3953000
24100,100,8000,"sd","14:16:42",3961000
24100,100,9000,"sd","14:16:43",3970000
24100,100,7000,"sd","14:16:46",3977000
24100,100,7000,"bu","14:16:52",3984000
24100,100,6000,"bu","14:16:53",3990000
24100,100,4000,"bu","14:17:01",3994000
24100,100,3000,"sd","14:17:02",3997000
24100,100,6000,"bu","14:17:06",4003000
24100,100,4000,"sd","14:17:12",4007000
24100,100,4000,"bu","14:17:19",4011000
24100,100,5000,"sd","14:17:22",4016000
24100,100,6000,"bu","14:17:33",4022000
24100,100,5000,"sd","14:17:38",4027000
24100,100,5000,"bu","14:17:39",4032000
24100,100,6000,"sd","14:17:52",4038000
24100,100,9000,"sd","14:17:58",4047000
24100,100,7000,"sd","14:18:05",4054000
24100,100,3000,"bu","14:18:09",4057000
24100,100,5000,"sd","14:18:19",4062000
24100,100,4000,"bu","14:18:30",4066000
24100,100,100000,"bu","14:18:45",4166000
24200,200,10000,"bu","14:18:49",4176000
24200,200,464000,"bu","14:18:58",4640000
24300,300,100000,"sd","14:19:10",4740000
24200,200,16000,"bu","14:19:12",4756000
24300,300,52000,"sd","14:19:16",4808000
24300,300,3000,"sd","14:19:22",4811000
24300,300,52000,"bu","14:19:23",4863000
24300,300,55000,"sd","14:19:26",4918000
24400,400,5000,"sd","14:19:31",4923000
24400,400,56000,"sd","14:19:35",4979000
24400,400,3000,"sd","14:19:36",4982000
24300,300,45000,"sd","14:19:37",5027000
24300,300,5000,"sd","14:19:52",5032000
24300,300,1000,"sd","14:19:54",5033000
24400,400,56000,"sd","14:19:55",5089000
24400,400,3000,"bu","14:19:58",5092000
24400,400,32000,"bu","14:20:01",5124000
24400,400,38000,"sd","14:20:07",5162000
24400,400,65000,"bu","14:20:10",5227000
24500,500,53000,"bu","14:20:14",5280000
24500,500,3000,"bu","14:20:17",5283000
24500,500,5000,"sd","14:20:25",5288000
24500,500,2000,"bu","14:20:26",5290000
24500,500,200000,"sd","14:20:34",5490000
24500,500,6000,"sd","14:20:35",5496000
24500,500,38000,"bu","14:20:41",5534000
24600,600,6000,"sd","14:20:44",5540000
24700,700,40000,"bu","14:20:52",5580000
24800,800,4000,"sd","14:20:53",5584000
24800,800,64000,"bu","14:20:59",5648000
24800,800,30000,"sd","14:21:02",5678000
24900,900,3000,"sd","14:21:03",5681000
24900,900,66000,"bu","14:21:07",5747000
25000,1000,7000,"sd","14:21:09",5754000
25000,1000,1000,"bu","14:21:18",5755000
25000,1000,3000,"bu","14:21:21",5758000
25000,1000,5000,"sd","14:21:31",5763000
25000,1000,2000,"sd","14:21:37",5765000
24900,900,14000,"bu","14:21:41",5779000
24900,900,22000,"sd","14:21:52",5801000
24800,800,27000,"sd","14:21:54",5828000
24800,800,5000,"sd","14:22:08",5833000
24800,800,19000,"sd","14:22:10",5852000
24900,900,9000,"bu","14:22:16",5861000
24800,800,11000,"sd","14:22:17",5872000
24800,800,39000,"bu","14:22:23",5911000
24800,800,10000,"sd","14:22:24",5921000
24900,900,6000,"sd","14:22:29",5927000
24900,900,3000,"bu","14:22:38",5930000
24900,900,4000,"sd","14:22:41",5934000
24900,900,4000,"bu","14:22:42",5938000
24900,900,2000,"bu","14:22:48",5940000
24900,900,9000,"sd","14:22:53",5949000
24900,900,6000,"bu","14:22:58",5955000
24900,900,3000,"sd","14:23:02",5958000
24900,900,9000,"bu","14:23:03",5967000
24800,800,4000,"sd","14:23:13",5971000
24900,900,4000,"sd","14:23:14",5975000
24800,800,3000,"bu","14:23:16",5978000
24800,800,4000,"bu","14:23:17",5982000
24800,800,2000,"sd","14:23:20",5984000
24800,800,3000,"bu","14:23:23",5987000
24800,800,20000,"bu","14:23:27",6007000
24900,900,7000,"sd","14:23:29",6014000
24800,800,2000,"bu","14:23:36",6016000
24900,900,4000,"sd","14:23:44",6020000
24900,900,11000,"bu","14:23:49",6031000
24900,900,2000,"bu","14:23:50",6033000
24900,900,4000,"sd","14:23:54",6037000
24800,800,6000,"bu","14:23:56",6043000
24800,800,4000,"sd","14:23:59",6047000
24800,800,6000,"bu","14:24:04",6053000
24800,800,22000,"bu","14:24:06",6075000
24900,900,198000,"bu","14:24:12",6273000
24900,900,5000,"sd","14:24:19",6278000
24900,900,2000,"bu","14:24:22",6280000
24900,900,1000,"bu","14:24:24",6281000
25000,1000,3000,"sd","14:24:27",6284000
25000,1000,2000,"sd","14:24:34",6286000
24900,900,19000,"bu","14:24:35",6305000
24900,900,1000,"bu","14:24:37",6306000
24900,900,3000,"bu","14:24:42",6309000
25000,1000,20000,"sd","14:24:47",6329000
25000,1000,1000,"bu","14:24:55",6330000
25000,1000,3000,"sd","14:24:57",6333000
25000,1000,16000,"bu","14:25:00",6349000
25000,1000,7000,"sd","14:25:01",6356000
25000,1000,1000,"bu","14:25:08",6357000
25000,1000,10000,"sd","14:25:10",6367000
25000,1000,10000,"bu","14:25:23",6377000
25000,1000,1000,"bu","14:25:24",6378000
25000,1000,2000,"sd","14:25:30",6380000
24900,900,30000,"bu","14:25:34",6410000
25000,1000,1000,"bu","14:25:36",6411000
25000,1000,2000,"bu","14:25:37",6413000
25000,1000,5000,"sd","14:25:45",6418000
24900,900,4000,"bu","14:25:51",6422000
25000,1000,2000,"sd","14:25:53",6424000
25000,1000,1000,"sd","14:25:55",6425000
25000,1000,1000,"sd","14:25:59",6426000
25000,1000,2000,"sd","14:26:04",6428000
25000,1000,2000,"sd","14:26:09",6430000
25000,1000,1000,"sd","14:26:15",6431000
25000,1000,2000,"sd","14:26:17",6433000
25000,1000,6000,"sd","14:26:21",6439000
24700,700,30000,"sd","14:26:25",6469000
25000,1000,1000,"bu","14:26:26",6470000
25000,1000,2000,"sd","14:26:29",6472000
25000,1000,31000,"bu","14:26:33",6503000
25000,1000,1000,"sd","14:26:35",6504000
25000,1000,1000,"sd","14:26:37",6505000
25000,1000,2000,"sd","14:26:41",6507000
25000,1000,1000,"bu","14:26:47",6508000
25000,1000,2000,"bu","14:26:51",6510000
25000,1000,4000,"sd","14:26:53",6514000
25000,1000,2000,"bu","14:26:58",6516000
24800,800,25000,"bu","14:26:59",6541000
25000,1000,1000,"sd","14:27:02",6542000
25000,1000,3000,"sd","14:27:07",6545000
25000,1000,4000,"sd","14:27:08",6549000
25000,1000,4000,"bu","14:27:12",6553000
24900,900,2000,"bu","14:27:14",6555000
24900,900,2000,"sd","14:27:17",6557000
24900,900,6000,"sd","14:27:21",6563000
25000,1000,3000,"bu","14:27:23",6566000
25000,1000,1000,"sd","14:27:28",6567000
25000,1000,2000,"sd","14:27:31",6569000
25000,1000,2000,"sd","14:27:32",6571000
25000,1000,1000,"sd","14:27:35",6572000
25000,1000,2000,"sd","14:27:37",6574000
25000,1000,5000,"sd","14:27:49",6579000
25000,1000,1000,"sd","14:27:49",6580000
25000,1000,1000,"bu","14:27:58",6581000
25000,1000,2000,"sd","14:28:02",6583000
25000,1000,2000,"sd","14:28:04",6585000
24900,900,10000,"sd","14:28:16",6595000
24900,900,5000,"sd","14:28:21",6600000
24900,900,2000,"bu","14:28:27",6602000
25000,1000,3000,"sd","14:28:35",6605000
25000,1000,3000,"bu","14:28:43",6608000
25000,1000,1000,"bu","14:28:47",6609000
25000,1000,3000,"bu","14:28:58",6612000
25000,1000,4000,"bu","14:29:00",6616000
24900,900,20000,"bu","14:29:13",6636000
25000,1000,2000,"bu","14:29:16",6638000
25000,1000,1000,"sd","14:29:19",6639000
25000,1000,1000,"bu","14:29:21",6640000
25000,1000,2000,"sd","14:29:26",6642000
24900,900,1000,"bu","14:29:28",6643000
24900,900,4000,"bu","14:29:32",6647000
24900,900,10000,"bu","14:29:34",6657000
24900,900,11000,"bu","14:29:37",6668000
24900,900,2000,"bu","14:29:38",6670000
24900,900,3000,"sd","14:29:39",6673000
25000,1000,14000,"sd","14:29:42",6687000
24900,900,2000,"bu","14:29:44",6689000
25000,1000,5000,"bu","14:29:45",6694000
24900,900,9000,"sd","14:29:46",6703000
25000,1000,3000,"sd","14:29:52",6706000
25000,1000,1000,"sd","14:29:53",6707000
25000,1000,6000,"bu","14:30:00",6713000
25000,1000,216000,"sd","14:45:02",6929000
