"price","change","match_qtty","side","time","total_vol"
7800,100,1000,"sd","09:00:51",1000
7800,100,1000,"bu","09:01:00",2000
7800,100,50000,"bu","09:01:09",52000
7800,100,3000,"bu","09:01:14",55000
7800,100,5000,"sd","09:09:15",60000
7700,0,10000,"sd","09:12:59",70000
7700,0,20000,"sd","09:14:42",90000
7800,100,1000,"bu","09:14:54",91000
7800,100,10000,"bu","09:35:03",101000
7800,100,1000,"sd","09:46:37",102000
7800,100,1000,"bu","09:54:06",103000
7700,0,150000,"sd","09:54:37",253000
7700,0,46000,"sd","09:55:10",299000
7700,0,4000,"sd","09:58:01",303000
7700,0,4000,"bu","10:04:28",307000
7700,0,1000,"bu","10:07:36",308000
7700,0,10000,"bu","10:10:30",318000
7700,0,4000,"bu","10:18:08",322000
7700,0,1000,"bu","10:34:42",323000
7700,0,3000,"sd","10:37:50",326000
7800,100,1000,"sd","10:38:11",327000
7700,0,14000,"sd","10:38:40",341000
7700,0,50000,"bu","11:06:13",391000
7700,0,4000,"sd","11:09:21",395000
7700,0,38000,"sd","11:14:06",433000
7800,100,21000,"sd","11:18:22",454000
7800,100,1000,"bu","11:18:38",455000
7700,0,16000,"sd","11:21:04",471000
7700,0,2000,"sd","11:21:49",473000
7700,0,30000,"sd","11:28:53",503000
7700,0,10000,"sd","13:00:05",513000
7700,0,3000,"bu","13:03:20",516000
7700,0,10000,"sd","13:04:26",526000
7700,0,1000,"bu","13:04:38",527000
7700,0,4000,"sd","13:06:25",531000
7700,0,1000,"bu","13:11:31",532000
7700,0,1000,"bu","13:11:33",533000
7700,0,20000,"bu","13:17:37",553000
7700,0,30000,"bu","13:17:56",583000
7700,0,10000,"sd","13:18:07",593000
7700,0,5000,"bu","13:18:39",598000
7800,100,1000,"bu","13:24:12",599000
7700,0,1000,"sd","13:25:30",600000
7800,100,10000,"sd","13:26:41",610000
7800,100,1000,"bu","13:31:43",611000
7800,100,5000,"sd","13:43:11",616000
7800,100,1000,"bu","13:45:27",617000
7700,0,40000,"sd","13:50:09",657000
7700,0,6000,"sd","13:50:36",663000
7700,0,4000,"sd","13:50:59",667000
7700,0,20000,"sd","13:53:30",687000
7800,100,1000,"sd","13:54:48",688000
7700,0,100000,"sd","13:58:21",788000
7700,0,14000,"sd","14:00:28",802000
7700,0,30000,"sd","14:03:26",832000
7700,0,8000,"sd","14:05:18",840000
7700,0,99000,"sd","14:05:44",939000
7700,0,11000,"sd","14:06:48",950000
7700,0,50000,"bu","14:06:58",1000000
7700,0,50000,"sd","14:09:12",1050000
7700,0,6000,"bu","14:10:22",1056000
7700,0,83000,"bu","14:13:28",1139000
7700,0,14000,"sd","14:13:50",1153000
7700,0,50000,"bu","14:17:01",1203000
7700,0,10000,"sd","14:29:13",1213000
7700,0,1000,"sd","14:29:45",1214000
7700,0,12000,"sd","14:45:03",1226000
