"price","change","match_qtty","side","time","total_vol"
21850,50,49100,"bu","09:15:07",49100
21850,50,1900,"bu","09:15:13",51000
21850,50,3600,"bu","09:15:21",54600
21900,100,700,"bu","09:15:25",55300
21900,100,100,"sd","09:15:29",55400
21900,100,4600,"bu","09:15:32",60000
21900,100,17500,"bu","09:15:32",77500
21900,100,1000,"sd","09:15:49",78500
21900,100,5000,"bu","09:15:52",83500
21850,50,1500,"bu","09:15:58",85500
21850,50,2000,"bu","09:16:01",87500
21900,100,500,"bu","09:16:02",88000
21900,100,2300,"sd","09:16:07",90300
21900,100,100,"bu","09:16:12",90400
21850,50,1000,"bu","09:16:15",91400
21900,100,500,"sd","09:16:25",91900
21850,50,100,"sd","09:16:31",92000
21900,100,1000,"sd","09:16:35",93000
21850,50,6000,"bu","09:16:38",99000
21850,50,5500,"sd","09:16:44",104500
21850,50,100,"bu","09:16:45",104600
21900,100,200,"sd","09:16:47",104800
21850,50,500,"bu","09:16:48",105300
21900,100,100,"bu","09:16:48",105400
21850,50,20100,"sd","09:17:08",125500
21850,50,2000,"sd","09:17:12",127500
21900,100,300,"bu","09:17:16",127800
21850,50,5300,"sd","09:17:18",133100
21850,50,10000,"sd","09:17:21",143100
21850,50,20000,"bu","09:17:23",163100
21850,50,31200,"sd","09:17:25",194300
21850,50,3000,"bu","09:17:30",197300
21850,50,100,"bu","09:17:35",197400
21850,50,1500,"bu","09:17:37",198900
21850,50,5000,"bu","09:17:45",203900
21850,50,300,"bu","09:17:49",204200
21850,50,1200,"bu","09:17:54",205400
21850,50,2800,"bu","09:18:00",208200
21850,50,1000,"bu","09:18:01",209200
21850,50,1200,"sd","09:18:10",210400
21850,50,100,"sd","09:18:16",210500
21850,50,7000,"sd","09:18:18",217500
21850,50,500,"bu","09:18:21",231100
21850,50,100,"bu","09:18:29",231700
21850,50,4700,"bu","09:18:34",236400
21850,50,200,"sd","09:18:40",236600
21850,50,1000,"bu","09:18:48",237600
21850,50,1100,"bu","09:19:07",238700
21850,50,300,"bu","09:19:09",239000
21850,50,500,"bu","09:19:10",239500
21850,50,200,"sd","09:19:20",239700
21850,50,500,"bu","09:19:26",240200
21850,50,33100,"bu","09:19:33",273300
21850,50,100,"bu","09:19:39",273400
21850,50,1100,"sd","09:19:42",274500
21850,50,100,"sd","09:19:47",274600
21850,50,200,"bu","09:19:48",274800
21850,50,10000,"sd","09:19:53",284800
21850,50,16000,"sd","09:19:54",300800
21850,50,1400,"bu","09:19:59",305900
21850,50,700,"bu","09:20:00",306700
21800,0,25600,"bu","09:20:04",332300
21850,50,600,"sd","09:20:04",307700
21800,0,100000,"bu","09:20:05",407700
21850,50,1000,"sd","09:20:11",408700
21850,50,100,"bu","09:20:13",408800
21850,50,600,"sd","09:20:28",409400
21850,50,1000,"bu","09:20:40",410400
21850,50,300,"sd","09:20:40",410700
21850,50,3000,"sd","09:21:00",413700
21850,50,5000,"bu","09:21:10",418700
21850,50,1000,"bu","09:21:11",419700
21850,50,20000,"sd","09:21:16",439700
21850,50,300,"sd","09:21:22",440000
21850,50,3500,"bu","09:21:23",443500
21850,50,200,"bu","09:21:25",453000
21850,50,100,"sd","09:21:27",453100
21850,50,1400,"sd","09:22:10",454500
21850,50,100,"sd","09:22:18",454600
21850,50,15400,"sd","09:22:35",470000
21900,100,900,"sd","09:22:43",470900
21850,50,200,"bu","09:22:47",471100
21850,50,5000,"sd","09:22:47",476100
21900,100,10100,"sd","09:22:56",486200
21900,100,1000,"bu","09:23:02",487200
21900,100,100,"bu","09:23:04",487300
21900,100,7100,"sd","09:23:10",494400
21850,50,3000,"sd","09:23:16",497400
21850,50,30200,"bu","09:23:29",527600
21850,50,300,"bu","09:23:34",527900
21850,50,5000,"bu","09:23:35",532900
21850,50,200,"bu","09:23:54",533100
21900,100,400,"bu","09:24:15",533500
21900,100,1000,"sd","09:24:22",534500
21900,100,100,"sd","09:24:26",534600
21900,100,3000,"bu","09:24:34",537600
21900,100,1500,"sd","09:24:39",539100
21900,100,1100,"sd","09:24:41",540200
21900,100,6000,"sd","09:24:42",546200
21850,50,1000,"sd","09:25:10",547200
21850,50,400,"sd","09:25:14",547600
21900,100,500,"bu","09:25:16",548100
21850,50,5000,"sd","09:25:21",553100
21900,100,200,"sd","09:25:22",553300
21900,100,500,"sd","09:25:27",553800
21900,100,300,"sd","09:25:28",554100
21900,100,100,"bu","09:25:38",554200
21900,100,500,"bu","09:25:45",554700
21900,100,700,"bu","09:25:51",555400
21900,100,100,"bu","09:25:55",555500
21850,50,900,"sd","09:26:00",556400
21900,100,2800,"bu","09:26:09",559200
21900,100,500,"sd","09:26:15",559700
21900,100,1000,"bu","09:26:20",560700
21900,100,700,"sd","09:26:34",561400
21900,100,6800,"bu","09:26:44",568200
21900,100,500,"sd","09:26:49",568700
21900,100,7300,"sd","09:26:50",576000
21900,100,53700,"bu","09:26:53",629700
21900,100,8700,"sd","09:26:54",638400
21900,100,600,"bu","09:26:59",639000
21900,100,39300,"sd","09:27:00",678300
21900,100,200,"sd","09:27:00",639200
21900,100,44800,"sd","09:27:01",684000
21900,100,3500,"bu","09:27:03",687500
21900,100,1900,"bu","09:27:08",689400
21900,100,6000,"bu","09:27:23",695400
21900,100,100,"bu","09:27:24",695500
21900,100,1200,"bu","09:27:25",696700
21900,100,100,"sd","09:27:40",696800
21900,100,1000,"sd","09:27:42",697800
21900,100,200,"bu","09:27:45",698000
21950,150,15000,"bu","09:27:48",713000
21900,100,50000,"sd","09:27:48",763000
21900,100,2000,"sd","09:27:49",765000
21900,100,10000,"bu","09:27:58",775000
21900,100,2000,"bu","09:27:59",787000
21900,100,1000,"bu","09:28:05",788000
21900,100,7000,"sd","09:28:06",795000
21900,100,5700,"sd","09:28:06",793700
21900,100,6600,"bu","09:28:14",800300
21850,50,800,"bu","09:28:28",801100
21900,100,10000,"sd","09:28:29",811100
21850,50,100,"sd","09:28:40",811200
21900,100,1000,"sd","09:29:09",812200
21900,100,1000,"bu","09:29:09",813200
21900,100,2500,"bu","09:29:22",815700
21850,50,800,"sd","09:29:28",816500
21900,100,11400,"sd","09:29:37",827900
21900,100,18600,"sd","09:29:38",846500
21850,50,100,"bu","09:30:01",846600
21900,100,500,"sd","09:30:01",847100
21900,100,1000,"sd","09:30:04",848100
21850,50,200,"sd","09:30:05",848300
21850,50,1000,"bu","09:30:08",849300
21850,50,9000,"sd","09:30:16",858300
21900,100,100,"bu","09:30:22",858400
21850,50,2800,"bu","09:30:29",861200
21850,50,2900,"bu","09:30:44",864100
21850,50,200,"bu","09:30:51",864300
21850,50,10000,"bu","09:31:05",874300
21850,50,100,"bu","09:31:07",874400
21850,50,800,"sd","09:31:29",875200
21900,100,700,"sd","09:31:30",875900
21900,100,100,"bu","09:31:51",876000
21850,50,2000,"sd","09:32:09",878000
21900,100,600,"sd","09:32:14",878600
21900,100,400,"bu","09:32:26",879000
21850,50,5800,"bu","09:32:29",884800
21900,100,500,"sd","09:32:54",885300
21900,100,100,"sd","09:33:20",885400
21850,50,800,"bu","09:33:29",886200
21900,100,100,"sd","09:33:31",886300
21850,50,2000,"sd","09:33:40",888300
21900,100,700,"bu","09:33:58",889000
21850,50,300,"sd","09:34:07",889300
21850,50,200,"sd","09:34:23",889500
21850,50,500,"bu","09:34:29",890000
21850,50,800,"sd","09:34:34",890800
21900,100,2000,"sd","09:34:35",892800
21900,100,100,"bu","09:34:36",892900
21850,50,1000,"bu","09:34:38",893900
21850,50,100,"sd","09:34:39",894000
21900,100,4100,"bu","09:34:46",898100
21850,50,1000,"sd","09:34:47",899100
21900,100,100,"bu","09:34:49",899200
21850,50,19000,"sd","09:34:56",918200
21850,50,2000,"sd","09:35:02",920200
21850,50,200,"sd","09:35:07",920400
21850,50,6000,"sd","09:35:11",926400
21850,50,100,"bu","09:35:12",926500
21850,50,10000,"sd","09:35:20",936500
21850,50,200,"bu","09:35:22",936700
21850,50,1200,"sd","09:35:25",937900
21850,50,3000,"sd","09:35:25",940900
21850,50,54000,"bu","09:35:27",994900
21850,50,12200,"sd","09:35:30",1007100
21850,50,1000,"bu","09:35:36",1008100
21850,50,15000,"sd","09:35:39",1023100
21850,50,1700,"bu","09:35:43",1024800
21800,0,1000,"bu","09:35:47",1025800
21800,0,200,"sd","09:35:48",1026000
21850,50,7800,"sd","09:36:09",1033800
21850,50,2300,"bu","09:36:12",1036100
21850,50,5000,"bu","09:36:13",1041100
21850,50,100,"bu","09:36:18",1041200
21850,50,800,"sd","09:36:27",1042000
21800,0,800,"sd","09:36:30",1042800
21800,0,200,"sd","09:36:31",1043000
21800,0,2000,"sd","09:36:55",1045000
21800,0,10000,"sd","09:37:02",1055000
21800,0,1000,"sd","09:37:15",1056000
21800,0,800,"sd","09:37:31",1056800
21800,0,1000,"sd","09:37:42",1057800
21800,0,400,"sd","09:37:46",1058200
21850,50,100,"bu","09:37:47",1058300
21850,50,400,"sd","09:37:50",1058700
21850,50,4300,"sd","09:38:06",1063000
21800,0,2000,"sd","09:38:17",1065000
21800,0,2800,"sd","09:38:31",1067800
21800,0,2000,"bu","09:38:44",1069800
21850,50,700,"sd","09:38:56",1070500
21850,50,10100,"bu","09:39:16",1080600
21850,50,10000,"sd","09:39:18",1090600
21850,50,100,"bu","09:39:22",1090700
21850,50,1200,"bu","09:39:23",1091900
21800,0,800,"sd","09:39:31",1092700
21850,50,100,"sd","09:39:50",1092800
21800,0,2000,"sd","09:40:28",1094800
21850,50,1300,"bu","09:40:32",1096100
21850,50,700,"bu","09:40:32",1096800
21850,50,100,"bu","09:40:45",1096900
21850,50,1000,"sd","09:40:46",1097900
21800,0,800,"bu","09:41:16",1098700
21850,50,700,"sd","09:41:25",1099400
21850,50,3200,"bu","09:41:29",1102600
21850,50,500,"sd","09:41:30",1103100
21800,0,800,"bu","09:41:32",1103900
21800,0,3000,"bu","09:42:06",1106900
21850,50,100,"bu","09:42:14",1107000
21850,50,1200,"bu","09:42:28",1108200
21800,0,800,"sd","09:42:32",1109000
21800,0,300,"sd","09:42:46",1109300
21850,50,500,"bu","09:43:26",1109800
21800,0,800,"bu","09:43:32",1110600
21800,0,1800,"sd","09:43:36",1112400
21850,50,100,"bu","09:43:43",1112500
21850,50,500,"bu","09:43:47",1113000
21850,50,700,"bu","09:43:53",1113700
21850,50,1000,"sd","09:44:08",1114700
21850,50,200,"bu","09:44:10",1114900
21850,50,100,"bu","09:44:20",1115000
21800,0,800,"sd","09:44:35",1115800
21850,50,100,"sd","09:44:46",1115900
21850,50,4500,"sd","09:44:49",1120400
21850,50,5000,"sd","09:44:55",1125400
21850,50,6800,"sd","09:45:00",1132200
21800,0,1500,"bu","09:45:01",1133700
21850,50,100,"bu","09:45:12",1133800
21850,50,200,"sd","09:45:27",1134000
21800,0,800,"sd","09:45:33",1134800
21850,50,8000,"sd","09:45:34",1142800
21850,50,1400,"sd","09:45:45",1144200
21850,50,100,"sd","09:46:05",1144300
21850,50,13000,"bu","09:46:09",1157300
21850,50,500,"sd","09:46:10",1157800
21850,50,20000,"sd","09:46:15",1177800
21850,50,1000,"bu","09:46:17",1178800
21850,50,300,"bu","09:46:18",1179100
21850,50,100,"bu","09:46:20",1179200
21850,50,4200,"bu","09:46:21",1183400
21850,50,700,"sd","09:46:22",1184100
21850,50,3000,"sd","09:46:29",1187100
21850,50,74000,"sd","09:46:33",1261100
21900,100,100,"sd","09:46:41",1261200
21850,50,600,"sd","09:46:52",1261800
21900,100,200,"sd","09:47:11",1262000
21850,50,10000,"bu","09:47:14",1272000
21850,50,1000,"sd","09:47:25",1273000
21850,50,300,"sd","09:47:29",1273300
21850,50,800,"bu","09:47:34",1274100
21850,50,200,"sd","09:47:52",1274300
21850,50,100,"bu","09:47:56",1274400
21850,50,300,"bu","09:48:12",1274700
21850,50,800,"bu","09:48:34",1275500
21850,50,1000,"sd","09:48:44",1276500
21850,50,500,"bu","09:48:45",1277000
21900,100,700,"sd","09:48:51",1277700
21850,50,100,"bu","09:48:52",1277800
21850,50,800,"bu","09:48:58",1278600
21850,50,100,"sd","09:49:03",1278700
21850,50,800,"bu","09:49:34",1279500
21900,100,100,"bu","09:49:39",1279600
21850,50,5000,"sd","09:49:42",1284600
21850,50,100,"bu","09:49:49",1284700
21850,50,200,"sd","09:49:51",1284900
21850,50,100,"sd","09:50:07",1285000
21900,100,700,"bu","09:50:19",1285700
21900,100,3000,"bu","09:50:33",1288700
21850,50,700,"bu","09:50:34",1289400
21850,50,100,"bu","09:50:47",1289500
21850,50,400,"sd","09:50:48",1289900
21900,100,100,"bu","09:51:08",1290000
21900,100,800,"bu","09:51:20",1290800
21900,100,2000,"bu","09:51:31",1292800
21850,50,800,"bu","09:51:35",1293600
21850,50,500,"sd","09:51:58",1294100
21850,50,1000,"sd","09:52:14",1295100
21850,50,2000,"bu","09:52:22",1297100
21850,50,1000,"sd","09:52:23",1298100
21850,50,1500,"sd","09:52:25",1299600
21850,50,400,"bu","09:52:28",1300000
21850,50,800,"bu","09:52:35",1300800
21900,100,100,"bu","09:52:37",1300900
21850,50,2100,"sd","09:52:59",1303000
21850,50,1000,"sd","09:53:09",1304000
21850,50,6000,"sd","09:53:13",1310000
21850,50,900,"bu","09:53:16",1310900
21850,50,1000,"sd","09:53:32",1311900
21850,50,800,"bu","09:53:35",1312700
21900,100,700,"bu","09:53:49",1313400
21850,50,400,"sd","09:53:54",1313800
21850,50,1000,"bu","09:54:01",1314800
21850,50,1000,"sd","09:54:05",1315800
21900,100,100,"sd","09:54:06",1315900
21900,100,2000,"sd","09:54:14",1317900
21900,100,300,"bu","09:54:16",1318200
21900,100,100,"sd","09:54:20",1318300
21900,100,900,"sd","09:54:25",1319200
21900,100,1200,"sd","09:54:25",1320400
21850,50,800,"sd","09:54:36",1321200
21850,50,100,"sd","09:54:45",1321300
21850,50,10000,"bu","09:55:02",1331300
21850,50,100,"bu","09:55:04",1331400
21850,50,1000,"bu","09:55:05",1332400
21850,50,100,"sd","09:55:15",1332500
21850,50,200,"sd","09:55:27",1332700
21900,100,100,"sd","09:55:35",1332800
21850,50,800,"bu","09:55:36",1333600
21900,100,300,"sd","09:55:43",1333900
21900,100,100,"bu","09:55:44",1334000
21850,50,700,"bu","09:55:46",1334700
21850,50,1000,"bu","09:55:57",1335700
21850,50,6000,"bu","09:56:11",1341700
21900,100,700,"bu","09:56:17",1342400
21850,50,11000,"sd","09:56:21",1353400
21850,50,1800,"sd","09:56:24",1355200
21850,50,7000,"sd","09:56:25",1362200
21850,50,1000,"sd","09:56:25",1356200
21850,50,80500,"bu","09:56:26",1436700
21800,0,800,"sd","09:56:36",1437500
21850,50,1700,"sd","09:56:40",1439200
21850,50,100,"bu","09:56:45",1439300
21850,50,2200,"bu","09:56:56",1441500
21850,50,200,"bu","09:56:57",1441700
21850,50,100,"bu","09:57:04",1441800
21800,0,1100,"sd","09:57:36",1442900
21800,0,800,"bu","09:57:37",1443700
21850,50,100,"sd","09:57:43",1443800
21800,0,20000,"bu","09:58:11",1463800
21800,0,100,"sd","09:58:16",1463900
21800,0,1000,"sd","09:58:25",1464900
21850,50,1100,"bu","09:58:33",1466000
21800,0,800,"sd","09:58:37",1466800
21850,50,400,"sd","09:58:45",1467200
21850,50,700,"sd","09:58:46",1467900
21800,0,10000,"sd","09:59:16",1477900
21800,0,200,"bu","09:59:30",1478100
21800,0,300,"bu","09:59:35",1478400
21800,0,800,"sd","09:59:37",1479200
21850,50,200,"sd","09:59:39",1479400
21850,50,5000,"sd","09:59:49",1484400
21850,50,1000,"sd","09:59:55",1485400
21800,0,30000,"sd","09:59:58",1515400
21850,50,100,"sd","10:00:02",1515500
21850,50,200,"sd","10:00:21",1515700
21800,0,400,"bu","10:00:36",1516100
21800,0,800,"sd","10:00:37",1516900
21800,0,100,"sd","10:00:47",1517000
21800,0,200,"bu","10:00:48",1517200
21850,50,700,"bu","10:01:16",1517900
21800,0,100,"sd","10:01:26",1518000
21800,0,800,"sd","10:01:38",1518800
21800,0,2500,"sd","10:02:03",1521300
21800,0,900,"sd","10:02:05",1522200
21800,0,1100,"bu","10:02:20",1523300
21800,0,1000,"bu","10:02:23",1524300
21800,0,1000,"bu","10:02:25",1525300
21800,0,1100,"bu","10:02:33",1526400
21800,0,1300,"bu","10:02:35",1527700
21800,0,2500,"bu","10:02:37",1530200
21800,0,800,"sd","10:02:38",1531000
21850,50,500,"bu","10:02:41",1531500
21800,0,5000,"bu","10:03:06",1536500
21800,0,10000,"bu","10:03:08",1546500
21800,0,10800,"sd","10:03:38",1557300
21800,0,4400,"bu","10:03:39",1561700
21850,50,700,"sd","10:03:44",1562400
21800,0,2500,"bu","10:03:48",1564900
21800,0,153400,"bu","10:04:02",1718300
21850,50,100,"sd","10:04:06",1718400
21800,0,3000,"bu","10:04:13",1721400
21800,0,2100,"sd","10:04:15",1723500
21800,0,1000,"sd","10:04:16",1724500
21800,0,5600,"sd","10:04:18",1730100
21800,0,1000,"bu","10:04:25",1731100
21800,0,1900,"sd","10:04:27",1733000
21800,0,9500,"bu","10:04:34",1742500
21800,0,700,"sd","10:04:38",1743200
21800,0,800,"sd","10:04:39",1744000
21800,0,1500,"bu","10:04:40",1745500
21800,0,500,"sd","10:04:52",1746000
21800,0,1000,"sd","10:04:55",1747000
21800,0,200,"sd","10:04:59",1747200
21850,50,11300,"bu","10:05:01",1758500
21800,0,1300,"bu","10:05:06",1759800
21800,0,3600,"sd","10:05:13",1763400
21800,0,7000,"bu","10:05:14",1770400
21800,0,200,"sd","10:05:36",1770600
21800,0,700,"bu","10:05:39",1771300
21850,50,100,"sd","10:05:42",1771400
21800,0,1600,"bu","10:05:46",1773000
21800,0,500,"sd","10:05:51",1773500
21800,0,9000,"bu","10:05:55",1782500
21800,0,900,"bu","10:05:58",1783400
21800,0,2000,"bu","10:06:01",1785400
21800,0,200,"bu","10:06:02",1785600
21850,50,900,"sd","10:06:12",1786500
21800,0,5000,"sd","10:06:13",1791500
21800,0,3000,"bu","10:06:17",1794500
21800,0,100,"bu","10:06:22",1794600
21800,0,5000,"sd","10:06:24",1799600
21800,0,100,"sd","10:06:26",1799700
21800,0,200,"bu","10:06:27",1799900
21800,0,900,"sd","10:06:39",1800800
21800,0,600,"sd","10:06:47",1810800
21800,0,1000,"bu","10:06:50",1811800
21800,0,5000,"bu","10:06:55",1816800
21800,0,1100,"sd","10:06:56",1817900
21800,0,200,"bu","10:06:57",1818100
21800,0,15500,"bu","10:07:04",1833600
21800,0,1000,"bu","10:07:08",1834600
21800,0,300,"sd","10:07:09",1834900
21800,0,100,"bu","10:07:10",1835000
21800,0,2200,"sd","10:07:28",1837200
21750,-50,800,"bu","10:07:39",1838000
21800,0,1000,"sd","10:07:46",1839000
21750,-50,200,"sd","10:07:50",1839200
21800,0,2000,"sd","10:07:54",1841200
21800,0,3700,"sd","10:07:59",1844900
21800,0,5200,"sd","10:08:07",1850100
21800,0,300,"sd","10:08:22",1850400
21800,0,200,"bu","10:08:23",1850600
21800,0,1000,"bu","10:08:34",1851600
21800,0,1500,"bu","10:08:41",1853100
21800,0,400,"bu","10:09:02",1858100
21800,0,800,"bu","10:09:04",1858900
21800,0,200,"bu","10:09:09",1859100
21800,0,11700,"bu","10:09:18",1870800
21800,0,100,"sd","10:09:21",1870900
21800,0,300,"sd","10:09:22",1871200
21800,0,6000,"sd","10:09:25",1877200
21800,0,1000,"bu","10:09:26",1878200
21800,0,100,"sd","10:09:26",1878300
21800,0,500,"bu","10:09:31",1878800
21750,-50,800,"bu","10:09:40",1879600
21800,0,1400,"sd","10:09:42",1881000
21800,0,100,"bu","10:10:03",1881100
21800,0,300,"bu","10:10:07",1881400
21800,0,1000,"bu","10:10:09",1882400
21800,0,2200,"sd","10:10:26",1884600
21800,0,600,"bu","10:10:30",1885200
21800,0,200,"bu","10:10:31",1885400
21800,0,800,"sd","10:10:40",1886200
21800,0,2900,"bu","10:10:43",1889100
21850,50,200,"sd","10:11:04",1889300
21850,50,700,"bu","10:11:10",1890000
21800,0,2000,"bu","10:11:18",1892000
21800,0,800,"bu","10:11:41",1892800
21800,0,200,"bu","10:11:47",1893000
21800,0,3000,"bu","10:11:50",1896000
21800,0,300,"sd","10:11:58",1896300
21800,0,1000,"sd","10:12:05",1897300
21800,0,800,"sd","10:12:41",1898100
21800,0,900,"sd","10:12:53",1899000
21800,0,1000,"sd","10:12:56",1900000
21800,0,200,"sd","10:12:59",1900200
21800,0,3000,"sd","10:13:19",1903200
21800,0,20000,"bu","10:13:36",1923200
21850,50,700,"bu","10:13:39",1923900
21800,0,1300,"bu","10:13:41",1925200
21800,0,1000,"sd","10:13:46",1926200
21800,0,500,"sd","10:14:15",1926700
21800,0,18600,"sd","10:14:21",1945300
21800,0,31400,"sd","10:14:22",1976700
21800,0,1000,"bu","10:14:25",1977700
21800,0,600,"bu","10:14:28",1978300
21800,0,200,"bu","10:14:39",1978500
21800,0,800,"bu","10:14:43",1979300
21800,0,200,"sd","10:14:56",1979500
21800,0,10000,"sd","10:14:58",1989500
21800,0,500,"sd","10:15:07",1990000
21800,0,400,"sd","10:15:18",1990400
21800,0,500,"sd","10:15:28",1990900
21800,0,800,"bu","10:15:43",1991700
21800,0,3000,"bu","10:15:50",1994700
21850,50,700,"bu","10:16:08",1995400
21850,50,1000,"bu","10:16:24",1996400
21850,50,100,"sd","10:16:25",1996500
21800,0,500,"bu","10:16:28",1997000
21800,0,10500,"sd","10:16:33",2007500
21800,0,800,"sd","10:16:42",2008300
21800,0,3800,"sd","10:16:55",2012100
21800,0,500,"sd","10:17:04",2012600
21800,0,800,"bu","10:17:07",2013400
21750,-50,200,"sd","10:17:08",2013600
21800,0,5400,"sd","10:17:09",2019000
21800,0,2900,"bu","10:17:29",2021900
21850,50,300,"sd","10:17:34",2022200
21800,0,800,"sd","10:17:42",2023000
21800,0,500,"sd","10:18:00",2023500
21800,0,1500,"bu","10:18:22",2025000
21800,0,5000,"sd","10:18:29",2030000
21850,50,700,"sd","10:18:36",2030700
21800,0,800,"bu","10:18:43",2031500
21800,0,1000,"sd","10:18:55",2032500
21800,0,500,"bu","10:18:58",2033000
21800,0,500,"sd","10:19:14",2033500
21800,0,200,"bu","10:19:20",2033700
21800,0,500,"bu","10:19:26",2034200
21800,0,900,"bu","10:19:28",2035100
21800,0,100,"sd","10:19:42",2035200
21800,0,800,"sd","10:19:43",2036000
21850,50,1000,"bu","10:19:47",2037000
21850,50,800,"bu","10:20:44",2037800
21800,0,4000,"bu","10:20:45",2041800
21800,0,200,"bu","10:20:49",2042000
21850,50,700,"sd","10:21:05",2042700
21800,0,800,"sd","10:21:44",2043500
21850,50,100,"bu","10:21:51",2043600
21800,0,1000,"sd","10:22:44",2044600
21850,50,700,"sd","10:23:35",2045300
21800,0,800,"bu","10:23:45",2046100
21800,0,100,"bu","10:23:53",2046200
21800,0,1000,"bu","10:24:14",2047200
21800,0,800,"sd","10:24:44",2048000
21800,0,600,"sd","10:24:45",2048600
21800,0,200,"bu","10:25:30",2048800
21800,0,800,"sd","10:25:45",2049600
21850,50,700,"bu","10:26:04",2050300
21850,50,500,"sd","10:26:28",2050800
21800,0,800,"bu","10:26:45",2051600
21850,50,500,"bu","10:27:07",2052100
21800,0,100,"bu","10:27:11",2052200
21800,0,300,"sd","10:27:21",2052500
21800,0,200,"bu","10:27:40",2052700
21800,0,800,"bu","10:27:46",2053500
21800,0,100,"bu","10:28:00",2053600
21800,0,1000,"sd","10:28:03",2054600
21850,50,200,"sd","10:28:06",2054800
21800,0,5000,"bu","10:28:10",2059800
21800,0,10000,"bu","10:28:29",2069800
21850,50,700,"bu","10:28:32",2070500
21800,0,800,"bu","10:28:46",2071300
21800,0,5000,"bu","10:29:06",2076300
21800,0,800,"bu","10:29:46",2077100
21800,0,500,"sd","10:29:48",2077600
21800,0,400,"sd","10:30:08",2078000
21800,0,700,"bu","10:30:14",2078700
21800,0,500,"bu","10:30:44",2079200
21800,0,800,"bu","10:30:47",2080000
21850,50,700,"bu","10:31:01",2080700
21850,50,100,"bu","10:31:24",2080800
21850,50,50000,"bu","10:31:33",2130800
21850,50,800,"bu","10:31:44",2131600
21800,0,900,"bu","10:31:57",2132500
21850,50,500,"bu","10:31:59",2133000
21800,0,100,"bu","10:32:21",2133100
21850,50,200,"bu","10:32:22",2133300
21850,50,500,"sd","10:32:25",2133800
21850,50,20900,"bu","10:32:31",2154700
21850,50,1500,"bu","10:32:35",2156200
21850,50,5500,"sd","10:32:43",2161700
21800,0,800,"bu","10:32:47",2162500
21850,50,2000,"bu","10:32:52",2164500
21850,50,1000,"sd","10:32:57",2165500
21850,50,51500,"bu","10:33:03",2217000
21850,50,200,"bu","10:33:08",2217200
21850,50,3000,"bu","10:33:15",2220200
21850,50,1000,"sd","10:33:22",2221200
21850,50,400,"bu","10:33:23",2221600
21850,50,700,"sd","10:33:29",2222300
21850,50,100,"bu","10:33:36",2222400
21850,50,3100,"sd","10:33:43",2225500
21800,0,800,"bu","10:33:48",2226300
21850,50,17200,"sd","10:34:01",2243500
21900,100,2000,"bu","10:34:11",2245500
21850,50,1000,"bu","10:34:14",2246500
21850,50,400,"bu","10:34:17",2246900
21850,50,1000,"bu","10:34:31",2247900
21850,50,20000,"sd","10:34:37",2267900
21850,50,6000,"bu","10:34:41",2273900
21850,50,700,"bu","10:34:47",2274600
21850,50,2000,"bu","10:35:01",2276600
21850,50,3000,"sd","10:35:18",2279600
21850,50,100,"sd","10:35:19",2279700
21850,50,500,"sd","10:35:42",2280200
21850,50,100,"sd","10:35:43",2280300
21850,50,900,"sd","10:35:48",2281200
21900,100,1000,"sd","10:35:50",2282200
21850,50,3000,"sd","10:35:57",2285200
21900,100,700,"sd","10:35:58",2285900
21850,50,5500,"bu","10:36:02",2291400
21850,50,600,"bu","10:36:21",2292000
21850,50,20000,"sd","10:36:22",2312000
21850,50,300,"sd","10:36:32",2312300
21850,50,1000,"sd","10:36:35",2313300
21850,50,100,"bu","10:36:36",2313400
21850,50,800,"bu","10:36:48",2314200
21850,50,20000,"sd","10:37:25",2334200
21850,50,200,"bu","10:37:27",2334400
21850,50,3200,"sd","10:37:31",2337600
21800,0,7700,"sd","10:37:45",2345300
21800,0,800,"sd","10:37:48",2346100
21800,0,300,"sd","10:38:18",2346400
21850,50,700,"bu","10:38:27",2347100
21850,50,400,"bu","10:38:31",2347500
21850,50,100,"sd","10:38:33",2347600
21800,0,800,"sd","10:38:50",2348400
21850,50,100,"bu","10:38:51",2348500
21850,50,1600,"bu","10:38:56",2350100
21850,50,4000,"sd","10:39:22",2354100
21850,50,1000,"bu","10:39:39",2355100
21800,0,5500,"bu","10:39:49",2360600
21800,0,3000,"bu","10:40:17",2363600
21800,0,100,"bu","10:40:35",2363700
21800,0,800,"bu","10:40:49",2364500
21800,0,1500,"sd","10:40:53",2366000
21850,50,100,"bu","10:40:55",2366100
21850,50,700,"bu","10:40:56",2366800
21850,50,400,"bu","10:41:17",2367200
21800,0,1600,"bu","10:41:50",2368800
21800,0,1300,"bu","10:43:16",2370100
21850,50,700,"sd","10:43:25",2370800
21800,0,800,"bu","10:43:50",2371600
21850,50,1000,"sd","10:43:55",2372600
21850,50,33000,"bu","10:43:59",2405600
21850,50,500,"sd","10:44:11",2406100
21800,0,100,"sd","10:44:21",2406200
21800,0,300,"sd","10:44:32",2406500
21850,50,500,"sd","10:44:48",2407000
21800,0,48800,"sd","10:44:54",2455800
21850,50,1000,"sd","10:44:58",2456800
21850,50,9600,"bu","10:45:20",2466400
21850,50,1000,"bu","10:45:26",2467400
21850,50,100,"sd","10:45:41",2467500
21850,50,500,"bu","10:45:44",2468000
21800,0,800,"sd","10:45:51",2468800
21850,50,700,"sd","10:45:54",2469500
21850,50,100,"sd","10:45:59",2469600
21800,0,17700,"bu","10:46:01",2487300
21800,0,400,"bu","10:46:14",2487700
21850,50,15000,"sd","10:46:49",2502700
21800,0,800,"sd","10:46:51",2503500
21800,0,2200,"sd","10:47:28",2505700
21800,0,2700,"bu","10:47:39",2508400
21800,0,200,"bu","10:47:50",2508600
21800,0,800,"bu","10:47:52",2509400
21800,0,10100,"bu","10:48:09",2519500
21800,0,3000,"sd","10:48:10",2522500
21800,0,500,"bu","10:48:12",2523000
21800,0,200,"bu","10:48:18",2523200
21850,50,700,"bu","10:48:22",2523900
21800,0,300,"bu","10:48:29",2524200
21800,0,9000,"sd","10:48:51",2533200
21800,0,800,"sd","10:48:53",2534000
21800,0,200,"sd","10:49:07",2534200
21800,0,8000,"sd","10:49:09",2542200
21800,0,15000,"bu","10:49:11",2557200
21800,0,1500,"bu","10:49:12",2558700
21800,0,200,"bu","10:49:28",2558900
21800,0,6000,"sd","10:49:29",2564900
21800,0,4000,"sd","10:49:48",2568900
21800,0,900,"sd","10:49:52",2569800
21800,0,1900,"sd","10:50:05",2574800
21800,0,100,"sd","10:50:09",2575000
21800,0,1000,"bu","10:50:24",2576000
21800,0,14000,"bu","10:50:28",2590000
21800,0,22900,"sd","10:50:29",2612900
21800,0,400,"bu","10:50:31",2613300
21800,0,1600,"sd","10:50:40",2614900
21800,0,500,"bu","10:50:46",2615400
21800,0,1000,"sd","10:50:50",2616400
21800,0,1100,"bu","10:51:03",2617500
21800,0,17100,"bu","10:51:10",2634600
21750,-50,1900,"sd","10:51:16",2636500
21800,0,300,"bu","10:51:23",2636800
21750,-50,800,"bu","10:51:52",2637600
21800,0,100,"sd","10:52:23",2637700
21800,0,300,"sd","10:52:44",2638000
21800,0,2400,"bu","10:52:50",2640400
21800,0,100,"sd","10:52:52",2640500
21750,-50,800,"bu","10:52:53",2641300
21800,0,300,"sd","10:52:56",2641600
21800,0,500,"sd","10:53:10",2642100
21800,0,700,"bu","10:53:20",2642800
21800,0,600,"bu","10:53:33",2643400
21800,0,100,"sd","10:53:39",2643500
21800,0,1200,"sd","10:53:48",2644700
21750,-50,800,"bu","10:53:53",2645500
21800,0,100,"sd","10:54:25",2645600
21800,0,9800,"sd","10:54:44",2655400
21800,0,100,"sd","10:54:52",2655500
21750,-50,800,"bu","10:54:54",2656300
21750,-50,10000,"sd","10:55:24",2666300
21800,0,100,"sd","10:55:29",2666400
21800,0,1100,"bu","10:55:47",2667500
21800,0,700,"bu","10:55:49",2668200
21750,-50,800,"sd","10:55:55",2669000
21800,0,1000,"sd","10:55:56",2670000
21800,0,100,"sd","10:56:11",2670100
21800,0,700,"bu","10:56:18",2670800
21800,0,18400,"sd","10:56:25",2689200
21800,0,100,"bu","10:56:52",2689300
21750,-50,800,"bu","10:56:54",2690100
21750,-50,4000,"sd","10:57:38",2694100
21750,-50,800,"bu","10:57:55",2694900
21750,-50,30000,"sd","10:57:58",2724900
21800,0,700,"sd","10:58:18",2725600
21800,0,100,"sd","10:58:43",2725700
21750,-50,800,"sd","10:58:54",2726500
21800,0,100,"sd","10:59:03",2726600
21750,-50,900,"bu","10:59:56",2727500
21800,0,1500,"bu","11:00:35",2729000
21750,-50,2500,"bu","11:00:35",2731500
21750,-50,5000,"bu","11:00:39",2736500
21800,0,700,"sd","11:00:46",2737200
21750,-50,100,"sd","11:00:48",2737300
21750,-50,800,"bu","11:00:56",2738100
21750,-50,300,"bu","11:01:06",2738400
21750,-50,1000,"sd","11:01:30",2739400
21800,0,1500,"bu","11:01:42",2740900
21750,-50,800,"sd","11:01:55",2741700
21750,-50,1000,"sd","11:02:05",2742700
21750,-50,3500,"bu","11:02:27",2746200
21750,-50,200,"sd","11:02:41",2746400
21750,-50,4100,"bu","11:03:12",2750500
21800,0,700,"bu","11:03:15",2751200
21800,0,100,"sd","11:03:27",2751300
21750,-50,800,"sd","11:03:56",2752100
21750,-50,2000,"bu","11:04:03",2754100
21750,-50,500,"bu","11:04:13",2754600
21800,0,400,"bu","11:04:30",2755000
21750,-50,600,"bu","11:04:36",2755600
21800,0,500,"bu","11:04:43",2756100
21750,-50,700,"bu","11:04:57",2756800
21750,-50,8500,"sd","11:05:04",2765300
21800,0,700,"sd","11:05:44",2766000
21750,-50,800,"sd","11:05:57",2766800
21750,-50,4700,"sd","11:06:07",2771500
21750,-50,500,"bu","11:06:38",2772000
21800,0,10000,"sd","11:06:43",2782000
21750,-50,100,"sd","11:06:57",2782100
21750,-50,800,"bu","11:06:58",2782900
21750,-50,200,"sd","11:07:43",2783100
21750,-50,800,"bu","11:07:58",2783900
21800,0,700,"bu","11:08:13",2784600
21750,-50,2500,"sd","11:08:41",2787100
21750,-50,800,"sd","11:08:57",2787900
21800,0,300,"bu","11:09:00",2788200
21800,0,500,"sd","11:09:17",2788700
21750,-50,900,"sd","11:09:25",2789600
21750,-50,800,"bu","11:09:59",2790400
21800,0,300,"bu","11:10:04",2790700
21800,0,700,"sd","11:10:42",2791400
21750,-50,1000,"sd","11:10:58",2792400
21750,-50,800,"bu","11:10:59",2793200
21750,-50,1000,"sd","11:11:00",2794200
21750,-50,1800,"sd","11:11:59",2796000
21750,-50,3000,"bu","11:12:07",2799000
21800,0,200,"sd","11:12:27",2799200
21750,-50,1400,"bu","11:12:38",2800600
21800,0,20000,"bu","11:12:50",2820600
21750,-50,800,"sd","11:12:59",2821400
21750,-50,300,"sd","11:13:03",2821700
21800,0,700,"sd","11:13:09",2822400
21750,-50,1000,"sd","11:13:47",2823400
21750,-50,800,"bu","11:13:59",2824200
21800,0,5000,"sd","11:14:06",2829200
21800,0,5500,"bu","11:14:32",2834700
21750,-50,800,"sd","11:14:59",2835500
21750,-50,1000,"sd","11:15:03",2836500
21800,0,100,"bu","11:15:24",2836600
21800,0,800,"bu","11:15:39",2837400
21800,0,1000,"sd","11:15:48",2838400
21750,-50,800,"sd","11:15:59",2839200
21750,-50,300,"bu","11:16:02",2839500
21800,0,200,"bu","11:16:16",2839700
21800,0,1000,"sd","11:16:30",2840700
21750,-50,1800,"sd","11:17:01",2842500
21750,-50,5200,"bu","11:17:34",2847700
21750,-50,900,"bu","11:18:01",2848600
21800,0,700,"sd","11:18:08",2849300
21750,-50,2500,"bu","11:18:12",2851800
21750,-50,200,"bu","11:18:22",2852000
21750,-50,1000,"bu","11:19:01",2853000
21800,0,100,"bu","11:19:26",2853100
21800,0,400,"sd","11:19:43",2853500
21750,-50,700,"bu","11:20:01",2854200
21750,-50,1500,"bu","11:21:02",2855700
21750,-50,100,"bu","11:21:24",2855800
21750,-50,800,"sd","11:22:02",2856600
21750,-50,1000,"sd","11:22:07",2857600
21750,-50,10000,"sd","11:22:35",2867600
21750,-50,100,"bu","11:23:02",2867700
21750,-50,800,"bu","11:23:03",2868500
21800,0,700,"bu","11:23:04",2869200
21800,0,100,"sd","11:23:45",2869300
21750,-50,2000,"bu","11:23:47",2871300
21750,-50,800,"bu","11:24:03",2872100
21750,-50,5000,"bu","11:24:08",2877100
21750,-50,600,"bu","11:24:09",2877700
21750,-50,1700,"sd","11:24:10",2879400
21750,-50,700,"sd","11:24:36",2880100
21800,0,1000,"bu","11:24:52",2881100
21750,-50,100,"sd","11:25:01",2881200
21750,-50,800,"sd","11:25:02",2882000
21750,-50,800,"sd","11:25:34",2882800
21750,-50,3500,"bu","11:25:48",2886300
21750,-50,3000,"sd","11:25:57",2889300
21750,-50,800,"sd","11:26:03",2890100
21750,-50,2300,"sd","11:26:22",2892400
21800,0,300,"bu","11:26:39",2892700
21750,-50,700,"sd","11:27:04",2893400
21750,-50,1000,"bu","11:27:10",2894400
21750,-50,47800,"sd","11:27:22",2942200
21750,-50,100,"sd","11:27:23",2942300
21750,-50,700,"sd","11:27:38",2943000
21750,-50,39000,"sd","11:27:41",2982000
21750,-50,30000,"sd","11:27:43",3012000
21750,-50,200,"sd","11:27:48",3012200
21750,-50,20800,"sd","11:27:55",3033000
21750,-50,700,"bu","11:28:03",3033700
21700,-100,800,"bu","11:28:04",3034500
21750,-50,1000,"bu","11:28:42",3035500
21750,-50,100,"bu","11:29:04",3035600
21750,-50,4000,"bu","11:29:15",3039600
21750,-50,100,"bu","11:29:35",3039700
21700,-100,2100,"bu","11:29:48",3041800
21700,-100,10000,"bu","11:29:52",3051800
21700,-100,700,"bu","13:00:30",3052500
21750,-50,2500,"sd","13:00:32",3055000
21750,-50,30000,"bu","13:00:34",3085000
21750,-50,20500,"sd","13:00:39",3105500
21700,-100,200,"bu","13:00:43",3105700
21750,-50,3500,"sd","13:00:47",3109200
21700,-100,3000,"bu","13:00:55",3112200
21750,-50,3000,"bu","13:00:56",3115200
21700,-100,1900,"bu","13:00:58",3117100
21700,-100,3000,"bu","13:01:00",3120100
21750,-50,100,"sd","13:01:01",3120200
21750,-50,1800,"sd","13:01:19",3122000
21750,-50,500,"bu","13:01:38",3122500
21750,-50,2100,"bu","13:01:47",3124600
21750,-50,800,"bu","13:02:03",3125400
21750,-50,100,"bu","13:02:04",3125500
21750,-50,200,"bu","13:02:13",3125700
21800,0,700,"sd","13:02:20",3126400
21750,-50,500,"bu","13:02:24",3126900
21750,-50,1000,"bu","13:02:31",3127900
21750,-50,800,"sd","13:02:50",3128700
21750,-50,200,"sd","13:02:53",3128900
21750,-50,800,"sd","13:03:34",3129700
21750,-50,500,"sd","13:03:40",3130200
21800,0,1000,"bu","13:03:49",3131200
21750,-50,1500,"sd","13:04:20",3132700
21750,-50,500,"sd","13:04:52",3133200
21750,-50,800,"bu","13:05:04",3134000
21750,-50,3000,"bu","13:05:27",3137000
21750,-50,1200,"bu","13:05:34",3138200
21750,-50,500,"sd","13:05:46",3138700
21750,-50,800,"bu","13:05:49",3139500
21800,0,700,"sd","13:05:54",3140200
21750,-50,700,"sd","13:06:36",3140900
21750,-50,5000,"bu","13:06:59",3145900
21750,-50,800,"bu","13:07:21",3146700
21800,0,500,"bu","13:07:32",3147200
21750,-50,3000,"sd","13:07:35",3150200
21800,0,100,"bu","13:07:41",3150300
21800,0,700,"sd","13:07:42",3151000
21800,0,100,"bu","13:07:50",3151100
21750,-50,800,"bu","13:08:06",3151900
21800,0,300,"bu","13:08:14",3152200
21800,0,2500,"bu","13:08:19",3154700
21800,0,400,"bu","13:08:25",3155100
21800,0,5000,"sd","13:08:27",3160100
21800,0,1500,"bu","13:08:32",3161600
21800,0,2000,"sd","13:08:35",3163600
21800,0,2100,"bu","13:08:44",3165700
21800,0,182700,"bu","13:08:49",3348400
21800,0,800,"sd","13:08:51",3349200
21800,0,1000,"sd","13:08:55",3350200
21800,0,7200,"sd","13:09:24",3357400
21800,0,10300,"bu","13:09:27",3367700
21800,0,9700,"bu","13:09:27",3377400
21850,50,700,"bu","13:09:29",3378100
21800,0,2000,"sd","13:09:32",3380100
21800,0,800,"sd","13:09:36",3380900
21800,0,100,"bu","13:09:38",3381000
21800,0,600,"sd","13:09:45",3381600
21800,0,1600,"sd","13:09:52",3383200
21800,0,2100,"sd","13:10:03",3385300
21800,0,300,"bu","13:10:14",3385600
21800,0,800,"bu","13:10:21",3386400
21800,0,1000,"bu","13:10:33",3387400
21800,0,1900,"bu","13:10:37",3389300
21800,0,2000,"sd","13:10:44",3391300
21800,0,1000,"sd","13:10:53",3392300
21800,0,500,"bu","13:10:55",3392800
21800,0,800,"sd","13:11:06",3393600
21800,0,200,"bu","13:11:15",3393800
21850,50,700,"sd","13:11:16",3394500
21800,0,800,"bu","13:11:52",3395300
21850,50,100,"bu","13:11:54",3395400
21850,50,2300,"bu","13:12:03",3397700
21800,0,1000,"bu","13:12:05",3398700
21800,0,900,"sd","13:12:37",3399600
21800,0,100,"sd","13:12:47",3399700
21850,50,700,"bu","13:13:03",3400400
21800,0,700,"bu","13:13:19",3401100
21800,0,100,"sd","13:13:21",3401200
21800,0,800,"sd","13:13:22",3402000
21800,0,500,"bu","13:13:28",3402500
21850,50,100,"bu","13:13:38",3402600
21800,0,700,"bu","13:14:03",3403300
21800,0,800,"bu","13:14:07",3404100
21850,50,2500,"bu","13:14:26",3406600
21850,50,700,"sd","13:14:50",3407300
21800,0,10800,"bu","13:14:52",3418100
21850,50,1000,"bu","13:15:01",3419100
21850,50,200,"bu","13:15:03",3419300
21850,50,1800,"sd","13:15:30",3421100
21850,50,500,"bu","13:15:36",3421600
21800,0,800,"sd","13:15:38",3422400
21850,50,10000,"sd","13:15:46",3432400
21800,0,5000,"sd","13:16:08",3437400
21850,50,1000,"bu","13:16:11",3438400
21850,50,400,"sd","13:16:19",3438800
21850,50,1800,"sd","13:16:24",3440600
21850,50,7000,"bu","13:16:25",3447600
21850,50,100,"bu","13:16:30",3452800
21850,50,500,"sd","13:16:35",3453300
21850,50,1000,"bu","13:16:36",3454300
21850,50,700,"sd","13:16:37",3455000
21850,50,1000,"bu","13:16:39",3456000
21850,50,300,"bu","13:16:42",3456300
21850,50,21900,"bu","13:16:47",3478200
21850,50,3500,"bu","13:16:48",3481700
21850,50,13800,"sd","13:16:50",3495500
21800,0,3100,"bu","13:16:55",3498600
21850,50,1000,"bu","13:17:03",3499600
21800,0,11700,"sd","13:17:08",3511300
21850,50,50000,"bu","13:17:12",3561300
21850,50,50000,"bu","13:17:14",3611300
21850,50,7800,"bu","13:17:17",3619100
21850,50,16800,"bu","13:17:18",3635900
21850,50,15100,"bu","13:17:19",3651000
21850,50,15000,"bu","13:17:34",3666000
21850,50,200,"bu","13:17:40",3666200
21850,50,3000,"bu","13:17:45",3669200
21850,50,700,"sd","13:17:53",3669900
21850,50,2300,"bu","13:17:55",3672200
21850,50,5000,"sd","13:17:56",3677200
21850,50,2000,"bu","13:17:59",3679200
21850,50,500,"sd","13:18:09",3679700
21850,50,2000,"bu","13:18:18",3681700
21900,100,7700,"bu","13:18:24",3689400
21900,100,3400,"sd","13:18:34",3692800
21900,100,100,"sd","13:18:36",3692900
21850,50,800,"bu","13:18:38",3693700
21850,50,700,"bu","13:18:40",3694400
21900,100,2300,"sd","13:18:42",3696700
21850,50,100,"bu","13:18:49",3696800
21900,100,900,"sd","13:18:50",3697700
21900,100,100,"bu","13:18:51",3697800
21850,50,22100,"bu","13:18:56",3719900
21850,50,4100,"sd","13:18:58",3724000
21850,50,3000,"bu","13:18:59",3727000
21850,50,100,"sd","13:19:05",3727100
21850,50,1000,"bu","13:19:09",3728100
21850,50,3500,"sd","13:19:12",3731600
21850,50,63400,"sd","13:19:20",3795000
21850,50,800,"sd","13:19:24",3795800
21850,50,5000,"bu","13:19:27",3800800
21850,50,15000,"sd","13:19:45",3815800
21850,50,100,"bu","13:19:53",3815900
21850,50,8000,"sd","13:20:01",3823900
21850,50,800,"bu","13:20:09",3824700
21850,50,500,"bu","13:20:11",3825200
21900,100,2700,"sd","13:20:12",3827900
21850,50,5000,"bu","13:20:13",3832900
21850,50,50000,"bu","13:20:20",3882900
21850,50,10000,"sd","13:20:23",3892900
21850,50,500,"sd","13:20:24",3893400
21850,50,300,"sd","13:20:25",3893700
21850,50,700,"sd","13:20:26",3894400
21850,50,400,"sd","13:20:29",3894800
21850,50,1300,"bu","13:20:37",3896100
21850,50,4300,"sd","13:20:41",3900400
21850,50,1000,"bu","13:20:41",3901400
21850,50,200,"sd","13:20:47",3901600
21850,50,2000,"bu","13:20:49",3903600
21850,50,400,"bu","13:20:50",3904000
21850,50,800,"bu","13:20:54",3904800
21850,50,3300,"sd","13:20:56",3908100
21850,50,100,"bu","13:21:00",3908200
21850,50,8000,"sd","13:21:11",3916200
21900,100,17000,"sd","13:21:14",3933200
21850,50,100,"sd","13:21:21",3933300
21900,100,1800,"bu","13:21:39",3935100
21900,100,1600,"bu","13:21:44",3936700
21900,100,2500,"sd","13:21:49",3939200
21900,100,700,"bu","13:21:59",3939900
21850,50,800,"sd","13:22:25",3940700
21900,100,900,"sd","13:22:27",3941600
21900,100,50000,"sd","13:22:33",3991600
21900,100,10000,"sd","13:22:56",4001600
21900,100,300,"sd","13:22:58",4001900
21900,100,2100,"bu","13:23:06",4004000
21850,50,1500,"sd","13:23:11",4005500
21900,100,1000,"bu","13:23:13",4006500
21900,100,11900,"sd","13:23:15",4018400
21900,100,500,"bu","13:23:16",4018900
21900,100,1000,"bu","13:23:20",4019900
21900,100,2000,"bu","13:23:25",4021900
21900,100,5000,"bu","13:23:26",4026900
21900,100,1000,"sd","13:23:35",4027900
21900,100,1500,"bu","13:23:39",4029400
21900,100,12500,"sd","13:23:44",4041900
21900,100,279300,"sd","13:23:46",4321200
21900,100,1700,"sd","13:23:47",4322900
21950,150,2000,"sd","13:23:54",4324900
21900,100,900,"sd","13:23:55",4325800
21900,100,700,"sd","13:24:07",4326500
21950,150,5000,"bu","13:24:09",4331500
21950,150,200,"bu","13:24:12",4331700
21950,150,100,"sd","13:24:20",4331800
21950,150,1500,"bu","13:24:22",4333300
21950,150,7000,"sd","13:24:25",4340300
21950,150,132500,"sd","13:24:26",4472800
21950,150,206400,"bu","13:24:27",4679200
21950,150,6200,"bu","13:24:30",4685400
21950,150,500,"sd","13:24:31",4685900
21950,150,2000,"bu","13:24:32",4687900
21950,150,10000,"bu","13:24:34",4697900
21950,150,500,"sd","13:24:37",4698400
21950,150,100,"sd","13:24:38",4698500
21950,150,800,"bu","13:24:40",4699300
21950,150,200,"sd","13:24:47",4699500
22000,200,12200,"bu","13:24:48",4711700
22000,200,900,"sd","13:24:52",4712600
22000,200,5000,"bu","13:24:53",4717600
22000,200,3700,"bu","13:24:54",4721300
22000,200,1100,"bu","13:24:56",4722400
22000,200,2000,"sd","13:24:57",4724400
22000,200,1000,"bu","13:25:00",4725400
22000,200,1500,"sd","13:25:03",4726900
22000,200,100,"sd","13:25:06",4727000
22000,200,66000,"bu","13:25:07",4793000
22000,200,51800,"sd","13:25:08",4844800
22000,200,5000,"sd","13:25:09",4849800
22000,200,22600,"bu","13:25:10",4872400
22000,200,12200,"sd","13:25:12",4884600
22000,200,35200,"sd","13:25:13",4919800
22000,200,18100,"sd","13:25:14",4937900
22000,200,60100,"sd","13:25:15",4998000
22000,200,6000,"bu","13:25:16",5004000
22000,200,26200,"bu","13:25:17",5030200
22000,200,5500,"sd","13:25:18",5035700
22000,200,6500,"sd","13:25:19",5042200
22000,200,36300,"sd","13:25:20",5078500
22000,200,207400,"bu","13:25:21",5285900
22000,200,107600,"bu","13:25:22",5393500
22050,250,35000,"bu","13:25:23",5428500
22000,200,1000,"bu","13:25:25",5429500
22000,200,300,"sd","13:25:30",5429800
22000,200,500,"sd","13:25:32",5430300
22050,250,700,"bu","13:25:33",5431000
22050,250,5000,"bu","13:25:35",5436000
22050,250,1000,"bu","13:25:38",5437000
22050,250,1400,"bu","13:25:41",5438400
22000,200,500,"sd","13:25:44",5438900
22050,250,3000,"sd","13:25:45",5441900
22050,250,5100,"bu","13:25:48",5447000
22050,250,100,"bu","13:25:49",5447100
22050,250,500,"bu","13:25:51",5447600
22050,250,2000,"sd","13:25:54",5449600
22050,250,6000,"sd","13:25:55",5455600
22050,250,3300,"sd","13:25:57",5458900
22000,200,2000,"sd","13:25:58",5460900
22050,250,200,"sd","13:26:00",5461100
22050,250,2000,"bu","13:26:01",5463100
22050,250,500,"sd","13:26:03",5463600
22050,250,1000,"sd","13:26:06",5464600
22050,250,800,"bu","13:26:07",5465400
22050,250,200,"bu","13:26:08",5465600
22000,200,1000,"sd","13:26:09",5466600
22050,250,1300,"bu","13:26:11",5467900
22050,250,3000,"sd","13:26:13",5470900
22050,250,2700,"sd","13:26:15",5473600
22000,200,19000,"sd","13:26:19",5492600
22000,200,50000,"bu","13:26:20",5542600
22050,250,100,"bu","13:26:21",5542700
22050,250,12500,"bu","13:26:22",5555200
22000,200,1000,"bu","13:26:24",5556200
22000,200,73700,"sd","13:26:25",5629900
22000,200,2000,"sd","13:26:27",5631900
22000,200,100,"bu","13:26:29",5632000
22000,200,500,"bu","13:26:33",5632500
22000,200,2000,"sd","13:26:38",5634500
22000,200,2500,"bu","13:26:39",5637000
22000,200,21000,"sd","13:26:40",5658000
22000,200,3000,"bu","13:26:41",5661000
22000,200,1000,"bu","13:26:44",5662000
22000,200,1000,"bu","13:26:46",5663000
22000,200,200,"sd","13:26:47",5663200
22000,200,1800,"sd","13:26:48",5665000
22000,200,200,"sd","13:26:49",5665200
22000,200,2200,"sd","13:26:50",5667400
22000,200,200,"bu","13:26:53",5667600
22000,200,5000,"sd","13:26:55",5672600
21950,150,800,"bu","13:26:56",5673400
22000,200,5000,"sd","13:26:57",5678400
22000,200,3200,"sd","13:27:02",5681600
22000,200,200,"sd","13:27:04",5681800
22000,200,1400,"sd","13:27:07",5683200
22000,200,40400,"bu","13:27:08",5723600
22000,200,59600,"bu","13:27:09",5783200
22000,200,12700,"bu","13:27:11",5795900
22000,200,500,"sd","13:27:14",5796400
22000,200,500,"bu","13:27:16",5796900
22000,200,30600,"sd","13:27:21",5827500
22000,200,8000,"bu","13:27:25",5835500
22000,200,11900,"sd","13:27:28",5847400
22000,200,200,"sd","13:27:29",5847600
22000,200,100,"sd","13:27:30",5847700
22000,200,2400,"sd","13:27:31",5850100
22000,200,500,"bu","13:27:32",5850600
22000,200,200,"sd","13:27:37",5850800
22000,200,20300,"bu","13:27:39",5871100
22000,200,2400,"sd","13:27:40",5873500
21950,150,800,"bu","13:27:41",5874300
21950,150,1000,"bu","13:27:44",5875300
22000,200,200,"bu","13:27:47",5875500
21950,150,1000,"sd","13:27:52",5876500
21950,150,4100,"bu","13:27:56",5880600
22000,200,100,"bu","13:27:57",5880700
21950,150,7000,"sd","13:28:02",5887700
21950,150,2900,"sd","13:28:07",5890600
22000,200,100,"bu","13:28:19",5890700
21950,150,800,"bu","13:28:26",5891500
22000,200,100,"sd","13:28:33",5891600
22000,200,2100,"sd","13:28:39",5893700
22000,200,5000,"sd","13:28:41",5898700
21950,150,7900,"sd","13:28:42",5906600
21950,150,700,"bu","13:28:43",5907300
21950,150,100,"sd","13:28:44",5907400
21950,150,2000,"sd","13:28:45",5909400
21950,150,100,"bu","13:28:46",5909500
21950,150,5200,"sd","13:28:51",5914700
21950,150,300,"bu","13:28:52",5915000
21950,150,10000,"bu","13:28:57",5925000
21950,150,1000,"sd","13:28:58",5926000
21950,150,2600,"bu","13:29:03",5928600
21950,150,23000,"bu","13:29:05",5951600
21950,150,8100,"bu","13:29:06",5959700
22000,200,700,"sd","13:29:07",5960400
21950,150,2000,"sd","13:29:08",5962400
21950,150,10000,"sd","13:29:09",5972400
21950,150,1800,"bu","13:29:11",5974200
21950,150,5500,"sd","13:29:12",5979700
22000,200,5000,"bu","13:29:14",5984700
21950,150,300,"sd","13:29:15",5985000
21950,150,1100,"sd","13:29:16",5986100
21950,150,5000,"sd","13:29:17",5991100
21950,150,3000,"sd","13:29:19",5994100
21950,150,20600,"bu","13:29:21",6014700
21950,150,3000,"bu","13:29:25",6017700
21950,150,100,"bu","13:29:27",6017800
21900,100,1500,"sd","13:29:30",6019300
21950,150,1800,"bu","13:29:32",6021100
21950,150,1100,"bu","13:29:38",6022200
21950,150,900,"bu","13:29:44",6023100
21950,150,100,"sd","13:29:46",6023200
21950,150,6100,"bu","13:29:54",6029300
21950,150,4100,"sd","13:29:57",6033400
21950,150,5000,"bu","13:29:59",6038400
21950,150,100,"bu","13:30:04",6038500
21950,150,900,"bu","13:30:09",6039400
21950,150,2200,"bu","13:30:12",6041600
21950,150,600,"sd","13:30:15",6042200
21950,150,4000,"bu","13:30:21",6046200
21950,150,200,"bu","13:30:32",6046400
21900,100,800,"bu","13:30:42",6047200
21950,150,500,"bu","13:30:44",6047700
21950,150,1200,"bu","13:30:45",6048900
21900,100,200,"bu","13:30:48",6049100
21950,150,100,"bu","13:30:49",6049200
21950,150,3700,"sd","13:31:03",6052900
21950,150,10000,"bu","13:31:06",6062900
21950,150,100,"bu","13:31:14",6063000
21950,150,1400,"sd","13:31:28",6064400
21950,150,200,"sd","13:31:29",6064600
21950,150,1300,"sd","13:31:46",6065900
21950,150,2000,"bu","13:31:54",6067900
21900,100,800,"sd","13:32:14",6068700
21900,100,101000,"sd","13:32:25",6169700
21900,100,2700,"sd","13:32:26",6172400
21900,100,4000,"bu","13:32:29",6176400
21900,100,100,"sd","13:32:34",6176500
21900,100,5000,"bu","13:32:38",6181500
21900,100,400,"sd","13:32:40",6181900
21950,150,700,"sd","13:32:43",6182600
21900,100,100,"sd","13:32:45",6182700
21900,100,4200,"sd","13:32:54",6186900
21900,100,16900,"bu","13:32:56",6203800
21900,100,800,"sd","13:32:57",6204600
21900,100,500,"bu","13:33:06",6205100
21900,100,1500,"sd","13:33:09",6206600
21900,100,2500,"sd","13:33:10",6209100
21900,100,200,"bu","13:33:16",6209300
21950,150,5000,"bu","13:33:17",6214300
21900,100,100,"sd","13:33:20",6214400
21950,150,10000,"sd","13:33:24",6224400
21900,100,2400,"sd","13:33:30",6226800
21900,100,2500,"bu","13:33:32",6229300
21900,100,7000,"sd","13:33:35",6236300
21900,100,45000,"sd","13:33:40",6281300
21900,100,5800,"sd","13:33:42",6287100
21900,100,16200,"bu","13:33:43",6303300
21900,100,2500,"sd","13:33:49",6305800
21950,150,12100,"sd","13:33:53",6317900
21950,150,64700,"sd","13:33:54",6382600
21900,100,5000,"sd","13:33:58",6387600
21900,100,600,"sd","13:34:00",6388200
21900,100,5000,"sd","13:34:12",6393200
21900,100,1000,"sd","13:34:15",6394200
21950,150,36800,"bu","13:34:25",6431000
21900,100,800,"sd","13:34:29",6431800
21950,150,700,"sd","13:34:30",6432500
21950,150,100,"bu","13:35:01",6432600
21950,150,500,"bu","13:35:12",6433100
21900,100,800,"bu","13:35:13",6433900
21900,100,3200,"sd","13:35:47",6437100
21900,100,800,"sd","13:35:58",6437900
21950,150,700,"sd","13:36:16",6438600
21900,100,20100,"sd","13:36:17",6458700
21950,150,20000,"bu","13:36:26",6478700
21950,150,600,"bu","13:36:30",6479300
21950,150,1900,"bu","13:36:42",6481200
21900,100,800,"bu","13:36:43",6482000
21950,150,19100,"sd","13:36:50",6501100
21950,150,3000,"sd","13:36:51",6504100
21950,150,1500,"bu","13:36:56",6505600
21950,150,100,"bu","13:36:59",6505700
21900,100,1000,"sd","13:37:00",6506700
21950,150,100,"sd","13:37:02",6506800
21950,150,3400,"sd","13:37:03",6510200
21950,150,500,"bu","13:37:09",6510700
21950,150,200,"bu","13:37:11",6510900
21950,150,1100,"sd","13:37:12",6512000
21950,150,200,"bu","13:37:13",6512200
21950,150,1000,"bu","13:37:18",6513200
21950,150,20000,"sd","13:37:19",6533200
21950,150,2000,"sd","13:37:23",6535200
21950,150,20200,"sd","13:37:26",6555400
21950,150,800,"sd","13:37:28",6556200
21950,150,30300,"bu","13:37:32",6586500
21950,150,71400,"sd","13:37:36",6657900
21950,150,2000,"sd","13:37:38",6659900
21950,150,1000,"bu","13:37:47",6660900
21950,150,2600,"sd","13:37:48",6663500
21950,150,2000,"sd","13:37:49",6665500
21950,150,1000,"sd","13:37:50",6666500
21900,100,2500,"sd","13:37:57",6669000
21950,150,21100,"sd","13:37:58",6690100
21950,150,1000,"bu","13:38:02",6691100
22000,200,700,"sd","13:38:03",6691800
21950,150,500,"bu","13:38:04",6692300
21950,150,400,"bu","13:38:10",6692700
21950,150,800,"bu","13:38:13",6693500
22000,200,160000,"bu","13:38:15",6853500
22000,200,2000,"sd","13:38:23",6855500
22000,200,51000,"bu","13:38:34",6906500
22000,200,500,"bu","13:38:37",6907000
22000,200,300,"bu","13:38:42",6907300
22000,200,1000,"bu","13:38:43",6908300
22000,200,300,"bu","13:38:44",6908600
21950,150,3800,"bu","13:38:47",6912400
21950,150,1100,"sd","13:38:58",6913500
21950,150,800,"sd","13:38:59",6914300
22000,200,2000,"bu","13:39:06",6916300
22000,200,10500,"sd","13:39:14",6926800
22000,200,10000,"bu","13:39:24",6936800
22000,200,900,"bu","13:39:34",6937700
21950,150,14400,"bu","13:39:36",6952100
21950,150,800,"sd","13:39:44",6952900
22000,200,700,"bu","13:39:51",6953600
22000,200,1000,"bu","13:40:02",6954600
22000,200,500,"bu","13:40:03",6955100
21950,150,100,"sd","13:40:14",6955200
21950,150,1000,"sd","13:40:22",6956200
21950,150,50000,"sd","13:40:28",7006200
21950,150,800,"bu","13:40:29",7007000
21950,150,4600,"sd","13:40:48",7011600
21950,150,10000,"sd","13:40:50",7021600
21950,150,1000,"bu","13:41:07",7022600
21950,150,800,"sd","13:41:14",7023400
22000,200,2000,"bu","13:41:17",7025400
22000,200,10000,"bu","13:41:22",7035400
21950,150,1900,"bu","13:41:26",7037300
22000,200,30000,"bu","13:41:27",7067300
22000,200,600,"bu","13:41:30",7067900
22000,200,200,"bu","13:41:31",7068100
22000,200,20000,"sd","13:41:33",7088100
22000,200,700,"bu","13:41:37",7088800
22000,200,1000,"bu","13:41:39",7089800
22000,200,3000,"bu","13:41:41",7092800
22000,200,300,"bu","13:41:45",7093100
21950,150,100,"sd","13:41:46",7093200
22000,200,300,"bu","13:41:52",7093500
22000,200,2000,"bu","13:41:57",7095500
22000,200,4100,"bu","13:41:59",7099600
22000,200,3000,"bu","13:42:02",7102600
22000,200,2000,"bu","13:42:14",7104600
22000,200,1100,"bu","13:42:17",7105700
22000,200,600,"bu","13:42:24",7106300
22000,200,11000,"sd","13:42:30",7117300
22000,200,100,"sd","13:42:32",7117400
21950,150,1000,"sd","13:42:37",7118400
22000,200,1000,"bu","13:42:43",7119400
22000,200,1000,"bu","13:42:44",7120400
22000,200,1800,"bu","13:42:46",7122200
22000,200,1700,"sd","13:42:51",7123900
22000,200,30000,"sd","13:43:01",7153900
22000,200,3000,"sd","13:43:08",7156900
22000,200,2000,"sd","13:43:14",7158900
22000,200,200,"bu","13:43:16",7159100
22000,200,4200,"sd","13:43:19",7163300
22000,200,500,"sd","13:43:21",7163800
22000,200,1200,"bu","13:43:24",7165000
21950,150,15500,"sd","13:43:29",7180500
21950,150,800,"bu","13:43:30",7181300
22000,200,11400,"bu","13:43:36",7192700
22000,200,600,"bu","13:43:37",7193300
22000,200,8700,"sd","13:43:38",7202000
22000,200,41700,"bu","13:43:40",7243700
22000,200,12600,"sd","13:43:41",7256300
22000,200,10500,"bu","13:43:42",7266800
22000,200,3500,"sd","13:43:43",7270300
22000,200,1500,"bu","13:43:46",7271800
22000,200,52300,"sd","13:43:48",7324100
22000,200,2000,"bu","13:43:51",7326100
22000,200,17100,"sd","13:43:54",7343200
22000,200,2500,"bu","13:43:56",7345700
22000,200,200,"sd","13:43:59",7345900
22000,200,2000,"sd","13:44:00",7347900
22000,200,100,"sd","13:44:02",7348000
22000,200,500,"sd","13:44:04",7348500
22000,200,1100,"sd","13:44:09",7349600
22000,200,800,"sd","13:44:15",7350400
22000,200,1000,"bu","13:44:22",7351400
22000,200,300,"bu","13:44:26",7351700
22000,200,1000,"bu","13:44:33",7352700
22000,200,99000,"sd","13:44:35",7451700
22000,200,5000,"sd","13:44:37",7456700
22000,200,100,"bu","13:44:39",7456800
22000,200,600,"bu","13:44:41",7457400
22000,200,1700,"bu","13:44:42",7459100
22000,200,200,"bu","13:44:45",7459300
22000,200,5000,"sd","13:44:46",7464300
22000,200,200,"sd","13:44:47",7464500
22000,200,1700,"sd","13:44:52",7466200
22000,200,6400,"bu","13:44:58",7472600
22000,200,1100,"sd","13:44:59",7473700
22000,200,800,"sd","13:45:00",7474500
22000,200,3000,"bu","13:45:03",7477500
22000,200,2000,"bu","13:45:05",7479500
22000,200,3600,"sd","13:45:08",7483100
22000,200,3000,"bu","13:45:09",7486100
22000,200,400,"sd","13:45:11",7486500
22000,200,700,"sd","13:45:12",7487200
22000,200,6100,"bu","13:45:15",7493300
22000,200,100,"bu","13:45:16",7493400
22000,200,5000,"sd","13:45:19",7498400
22000,200,29600,"sd","13:45:22",7528000
22000,200,10100,"sd","13:45:27",7538100
22000,200,500,"sd","13:45:29",7538600
22000,200,100,"bu","13:45:30",7538700
22000,200,200,"sd","13:45:32",7538900
22000,200,10100,"sd","13:45:34",7549000
22000,200,4000,"sd","13:45:36",7553000
22000,200,6900,"bu","13:45:39",7559900
22000,200,100,"bu","13:45:41",7560000
22000,200,4000,"bu","13:45:43",7564000
22000,200,5100,"sd","13:45:45",7569100
22000,200,9800,"bu","13:45:46",7578900
22000,200,1000,"sd","13:45:47",7579900
22000,200,35300,"sd","13:46:04",7615200
22000,200,500,"sd","13:46:08",7615700
22000,200,1000,"bu","13:46:14",7616700
22000,200,200,"bu","13:46:15",7616900
22000,200,1600,"bu","13:46:16",7618500
22000,200,1900,"bu","13:46:17",7620400
22000,200,500,"sd","13:46:21",7620900
22000,200,200,"bu","13:46:22",7621100
22000,200,5000,"sd","13:46:28",7626100
22000,200,500,"bu","13:46:29",7626600
21950,150,600,"sd","13:46:31",7627200
21950,150,800,"sd","13:46:32",7628000
22000,200,10000,"bu","13:46:37",7638000
22000,200,2100,"bu","13:46:41",7640100
22000,200,2100,"sd","13:46:44",7642200
22000,200,500,"bu","13:46:46",7642700
22000,200,200,"sd","13:46:53",7642900
22000,200,5000,"bu","13:46:54",7647900
22000,200,2000,"sd","13:46:57",7649900
22000,200,700,"sd","13:46:59",7650600
21950,150,500,"sd","13:47:03",7651100
22000,200,300,"bu","13:47:06",7651400
22000,200,6800,"sd","13:47:09",7658200
22000,200,300,"sd","13:47:11",7658500
22000,200,600,"sd","13:47:12",7659100
22000,200,12400,"bu","13:47:13",7671500
22000,200,3000,"sd","13:47:14",7674500
21950,150,900,"sd","13:47:16",7675400
22000,200,1300,"sd","13:47:23",7676700
21950,150,100,"bu","13:47:24",7676800
22000,200,50400,"bu","13:47:26",7727200
22000,200,800,"bu","13:47:28",7728000
22000,200,10000,"bu","13:47:30",7738000
22000,200,200,"bu","13:47:32",7738200
22000,200,1000,"bu","13:47:33",7739200
22000,200,100,"bu","13:47:34",7739300
22000,200,5000,"sd","13:47:35",7744300
22000,200,1600,"bu","13:47:37",7745900
22000,200,1400,"bu","13:47:38",7747300
22000,200,5600,"bu","13:47:42",7752900
22000,200,35500,"bu","13:47:46",7788400
22000,200,6100,"bu","13:47:47",7794500
22000,200,2000,"sd","13:47:48",7796500
22000,200,300,"sd","13:47:51",7796800
22000,200,134400,"bu","13:47:55",7931200
22000,200,1100,"bu","13:47:57",7932300
22000,200,2000,"bu","13:48:01",7934300
22000,200,800,"bu","13:48:02",7935100
22000,200,1600,"sd","13:48:03",7936700
22050,250,1000,"sd","13:48:05",7937700
22000,200,1700,"bu","13:48:07",7939400
22000,200,3000,"bu","13:48:12",7942400
22050,250,4400,"sd","13:48:13",7946800
22050,250,6200,"bu","13:48:20",7953000
22050,250,200,"sd","13:48:21",7953200
22050,250,40000,"sd","13:48:22",7993200
22050,250,700,"bu","13:48:28",7993900
22050,250,1300,"bu","13:48:30",7995200
22050,250,300,"sd","13:48:31",7995500
22050,250,1000,"sd","13:48:35",7996500
22050,250,500,"sd","13:48:40",7997000
22000,200,100,"bu","13:48:41",7997100
22050,250,1000,"sd","13:48:43",7998100
22000,200,100,"bu","13:48:46",7998200
22050,250,1500,"sd","13:48:47",7999700
22000,200,200,"sd","13:48:50",7999900
22050,250,5000,"bu","13:48:52",8004900
22050,250,100,"sd","13:48:53",8005000
22050,250,12000,"bu","13:48:54",8017000
22050,250,3600,"bu","13:48:56",8020600
22050,250,15700,"bu","13:48:58",8036300
22050,250,800,"sd","13:48:59",8037100
22050,250,2500,"bu","13:49:01",8039600
22050,250,15000,"sd","13:49:02",8054600
22050,250,300,"bu","13:49:07",8054900
22050,250,600,"sd","13:49:09",8055500
22050,250,5000,"sd","13:49:16",8060500
22050,250,10000,"bu","13:49:17",8070500
22050,250,2000,"bu","13:49:18",8072500
22050,250,1100,"sd","13:49:21",8073600
22050,250,100000,"sd","13:49:23",8173600
22050,250,100,"bu","13:49:24",8173700
22050,250,5000,"bu","13:49:25",8178700
22050,250,11000,"sd","13:49:26",8189700
22050,250,10300,"sd","13:49:27",8200000
22050,250,2500,"bu","13:49:28",8202500
22050,250,100000,"bu","13:49:30",8302500
22000,200,7300,"bu","13:49:31",8309800
22050,250,500,"bu","13:49:32",8310300
22050,250,15400,"bu","13:49:34",8325700
22050,250,69800,"bu","13:49:35",8395500
22050,250,3100,"sd","13:49:36",8398600
22050,250,5500,"bu","13:49:38",8404100
22050,250,1600,"sd","13:49:39",8405700
22100,300,2500,"sd","13:49:47",8408200
22100,300,17200,"sd","13:49:48",8425400
22100,300,6200,"bu","13:49:51",8431600
22100,300,90500,"sd","13:49:53",8522100
22100,300,16200,"sd","13:49:54",8538300
22100,300,9600,"sd","13:49:59",8547900
22100,300,2600,"bu","13:50:02",8550500
22050,250,110000,"bu","13:50:03",8660500
22100,300,2000,"sd","13:50:05",8662500
22100,300,500,"sd","13:50:07",8663000
22100,300,5000,"sd","13:50:08",8668000
22100,300,2000,"bu","13:50:09",8670000
22100,300,5500,"bu","13:50:11",8675500
22100,300,21500,"bu","13:50:12",8697000
22100,300,11000,"sd","13:50:13",8708000
22100,300,5000,"bu","13:50:15",8713000
22100,300,40100,"sd","13:50:16",8753100
22050,250,800,"sd","13:50:17",8753900
22100,300,300,"sd","13:50:19",8754200
22100,300,200,"bu","13:50:20",8754400
22100,300,8800,"bu","13:50:21",8763200
22100,300,3000,"bu","13:50:22",8766200
22100,300,9000,"bu","13:50:25",8775200
22100,300,6900,"bu","13:50:26",8782100
22100,300,13000,"bu","13:50:28",8795100
22100,300,5900,"bu","13:50:29",8801000
22100,300,4000,"bu","13:50:32",8805000
22100,300,8800,"sd","13:50:33",8813800
22100,300,7300,"sd","13:50:35",8821100
22100,300,11800,"bu","13:50:36",8832900
22100,300,1400,"bu","13:50:37",8834300
22100,300,7000,"bu","13:50:38",8841300
22100,300,21700,"sd","13:50:44",8863000
22100,300,9000,"bu","13:50:45",8872000
22100,300,4400,"sd","13:50:46",8876400
22100,300,21100,"bu","13:50:47",8897500
22100,300,30700,"bu","13:50:49",8928200
22100,300,600,"sd","13:50:55",8928800
22100,300,300,"sd","13:50:57",8929100
22100,300,100,"sd","13:50:58",8929200
22100,300,2000,"sd","13:50:59",8931200
22100,300,100,"sd","13:51:00",8931300
22150,350,5900,"bu","13:51:05",8937200
22100,300,100,"bu","13:51:06",8937300
22100,300,2000,"bu","13:51:14",8939300
22100,300,100,"sd","13:51:15",8939400
22100,300,2000,"bu","13:51:16",8941400
22100,300,1100,"bu","13:51:22",8942500
22150,350,100200,"sd","13:51:23",9042700
22150,350,1000,"bu","13:51:29",9043700
22150,350,1700,"sd","13:51:33",9045400
22100,300,40000,"sd","13:51:34",9085400
22100,300,1000,"sd","13:51:35",9086400
22100,300,700,"bu","13:51:37",9087100
22100,300,900,"bu","13:51:38",9088000
22150,350,40300,"bu","13:51:43",9128300
22100,300,500,"bu","13:51:44",9128800
22100,300,800,"bu","13:51:47",9129600
22150,350,2300,"sd","13:51:49",9131900
22100,300,5100,"sd","13:51:53",9137000
22150,350,500,"bu","13:51:54",9137500
22150,350,100,"bu","13:51:57",9137600
22150,350,1500,"bu","13:52:02",9139100
22100,300,300,"bu","13:52:05",9139400
22150,350,7000,"bu","13:52:08",9146400
22100,300,1200,"bu","13:52:09",9147600
22100,300,600,"bu","13:52:15",9148200
22100,300,2000,"sd","13:52:20",9150200
22100,300,15700,"bu","13:52:21",9165900
22100,300,100,"sd","13:52:22",9166000
22100,300,1200,"sd","13:52:24",9167200
22100,300,50000,"bu","13:52:25",9217200
22100,300,3000,"bu","13:52:26",9220200
22100,300,8400,"sd","13:52:28",9228600
22100,300,11700,"sd","13:52:29",9240300
22100,300,100,"sd","13:52:32",9240400
22100,300,4400,"bu","13:52:34",9244800
22100,300,10000,"sd","13:52:36",9254800
22100,300,11500,"bu","13:52:37",9266300
22100,300,18200,"sd","13:52:39",9284500
22100,300,200,"sd","13:52:41",9284700
22100,300,100,"sd","13:52:42",9284800
22100,300,2000,"sd","13:52:45",9286800
22050,250,4500,"sd","13:52:52",9291300
22100,300,3500,"bu","13:52:54",9294800
22100,300,5200,"sd","13:52:59",9300000
22100,300,400,"bu","13:53:01",9300400
22100,300,500,"sd","13:53:02",9300900
22100,300,100,"sd","13:53:03",9301000
22100,300,3700,"bu","13:53:09",9304700
22050,250,1400,"sd","13:53:14",9306100
22100,300,10500,"bu","13:53:17",9316600
22100,300,6000,"bu","13:53:18",9322600
22100,300,2000,"bu","13:53:21",9324600
22100,300,2600,"sd","13:53:24",9327200
22100,300,5700,"bu","13:53:25",9332900
22100,300,600,"bu","13:53:33",9333500
22100,300,25100,"bu","13:53:34",9358600
22100,300,500,"sd","13:53:37",9359100
22050,250,1000,"sd","13:53:39",9360100
22100,300,500,"bu","13:53:40",9360600
22100,300,2000,"bu","13:53:42",9362600
22100,300,200,"bu","13:53:57",9362800
22100,300,1500,"bu","13:53:59",9364300
22050,250,200,"bu","13:54:00",9364500
22100,300,1000,"sd","13:54:01",9365500
22050,250,800,"bu","13:54:02",9366300
22100,300,700,"sd","13:54:07",9367000
22100,300,1500,"sd","13:54:16",9368500
22100,300,500,"sd","13:54:27",9369000
22100,300,1700,"bu","13:54:28",9370700
22050,250,20000,"bu","13:54:29",9390700
22050,250,300,"bu","13:54:35",9391000
22050,250,100,"sd","13:54:37",9391100
22050,250,4000,"bu","13:54:41",9395100
22050,250,1300,"sd","13:54:44",9396400
22100,300,30000,"sd","13:54:45",9426400
22050,250,5800,"bu","13:54:49",9432200
22050,250,500,"sd","13:54:51",9432700
22100,300,5000,"sd","13:54:52",9437700
22050,250,4000,"bu","13:54:53",9441700
22050,250,50000,"sd","13:54:55",9491700
22050,250,30000,"bu","13:54:57",9521700
22050,250,6000,"bu","13:54:59",9527700
22050,250,3000,"sd","13:55:00",9530700
22100,300,500,"sd","13:55:03",9531200
22050,250,3100,"bu","13:55:04",9534300
22050,250,1100,"bu","13:55:06",9535400
22050,250,100,"sd","13:55:08",9535500
22050,250,500,"sd","13:55:09",9536000
22050,250,10800,"sd","13:55:12",9546800
22050,250,3500,"sd","13:55:14",9550300
22050,250,11900,"sd","13:55:17",9562200
22050,250,1000,"sd","13:55:26",9563200
22050,250,1300,"sd","13:55:28",9564500
22050,250,20000,"sd","13:55:32",9584500
22000,200,1500,"sd","13:55:33",9586000
22000,200,2100,"sd","13:55:40",9588100
22050,250,200,"bu","13:55:43",9588300
22050,250,100,"bu","13:55:45",9588400
22050,250,700,"bu","13:55:54",9589100
22050,250,200,"bu","13:55:57",9589300
22050,250,10000,"sd","13:56:03",9599300
22050,250,1100,"sd","13:56:07",9600400
22050,250,200,"bu","13:56:08",9600600
22050,250,2000,"sd","13:56:13",9602600
22000,200,800,"sd","13:56:18",9603400
22000,200,1600,"sd","13:56:28",9605000
22000,200,1000,"bu","13:56:39",9606000
22000,200,100,"sd","13:56:41",9606100
22000,200,5000,"sd","13:56:46",9611100
22050,250,1000,"bu","13:56:50",9612100
22000,200,200,"sd","13:56:52",9612300
22000,200,1000,"bu","13:57:04",9613300
22050,250,500,"bu","13:57:09",9613800
22050,250,2700,"sd","13:57:23",9616500
22000,200,6000,"bu","13:57:25",9622500
22000,200,1000,"bu","13:57:27",9623500
22050,250,300,"sd","13:57:28",9623800
22000,200,1000,"bu","13:57:30",9624800
22050,250,6700,"sd","13:57:42",9631500
22000,200,200,"bu","13:57:47",9631700
22000,200,800,"sd","13:57:48",9632500
22000,200,5000,"sd","13:57:53",9637500
22050,250,5100,"sd","13:58:06",9642600
22000,200,1000,"bu","13:58:10",9643600
22000,200,2000,"bu","13:58:11",9645600
22050,250,100,"bu","13:58:12",9645700
22050,250,200,"sd","13:58:19",9645900
22050,250,500,"sd","13:58:22",9646400
22050,250,20400,"sd","13:58:28",9666800
22000,200,1000,"sd","13:58:30",9667800
22000,200,800,"sd","13:58:34",9668600
22050,250,200,"sd","13:58:46",9668800
22000,200,500,"bu","13:58:52",9669300
22050,250,300,"bu","13:58:58",9669600
22000,200,24200,"bu","13:59:00",9693800
22050,250,500,"sd","13:59:03",9694300
22000,200,1200,"sd","13:59:13",9695500
22000,200,100,"bu","13:59:18",9695600
22000,200,700,"bu","13:59:20",9696300
22050,250,3300,"sd","13:59:30",9699600
22000,200,100,"bu","13:59:33",9699700
22000,200,200,"sd","13:59:38",9699900
22000,200,10000,"bu","13:59:39",9709900
22000,200,1000,"sd","13:59:41",9710900
22000,200,11300,"sd","13:59:48",9722200
22000,200,200,"sd","13:59:57",9722400
22000,200,10000,"bu","13:59:58",9732400
22000,200,1000,"sd","14:00:02",9733400
22000,200,500,"bu","14:00:04",9733900
22000,200,900,"sd","14:00:07",9734800
22000,200,6400,"bu","14:00:08",9741200
22000,200,200,"sd","14:00:11",9741400
22000,200,300,"bu","14:00:16",9741700
22000,200,500,"sd","14:00:18",9742200
22000,200,3000,"sd","14:00:23",9745200
22000,200,1000,"sd","14:00:29",9746200
22000,200,200,"sd","14:00:31",9746400
22000,200,2200,"sd","14:00:33",9748600
22000,200,4500,"bu","14:00:43",9753100
22000,200,12200,"sd","14:00:48",9765300
22000,200,29000,"bu","14:00:50",9794300
22000,200,1800,"sd","14:00:52",9796100
22000,200,20000,"bu","14:00:54",9816100
22000,200,5000,"sd","14:00:55",9821100
22000,200,1000,"sd","14:00:56",9822100
22000,200,2500,"bu","14:00:59",9824600
22000,200,100,"bu","14:01:00",9824700
22000,200,2200,"bu","14:01:01",9826900
22000,200,1600,"sd","14:01:02",9828500
22000,200,1000,"bu","14:01:07",9829500
22000,200,500,"bu","14:01:09",9830000
22000,200,5000,"sd","14:01:10",9835000
22000,200,11000,"sd","14:01:11",9846000
22000,200,20300,"bu","14:01:17",9866300
22000,200,100,"bu","14:01:21",9866400
22050,250,4100,"sd","14:01:22",9870500
22000,200,2000,"bu","14:01:25",9872500
22050,250,10000,"sd","14:01:26",9882500
22000,200,100,"sd","14:01:28",9882600
22000,200,18000,"sd","14:01:31",9900600
22000,200,1000,"bu","14:01:35",9901600
22000,200,100,"bu","14:01:39",9901700
22000,200,1000,"bu","14:01:43",9902700
22000,200,5200,"bu","14:01:47",9907900
22000,200,49900,"bu","14:01:50",9957800
22000,200,700,"bu","14:01:53",9958500
22000,200,1000,"bu","14:01:57",9959500
22000,200,5500,"bu","14:02:03",9965000
22000,200,500,"sd","14:02:06",9965500
22000,200,1300,"sd","14:02:07",9966800
22000,200,100,"sd","14:02:17",9966900
22000,200,400,"sd","14:02:21",9967300
22000,200,1000,"sd","14:02:25",9968300
22000,200,2000,"bu","14:02:35",9970300
22000,200,3000,"sd","14:02:37",9973300
22000,200,4200,"bu","14:02:43",9977500
22000,200,31200,"bu","14:02:48",10008700
22000,200,100,"bu","14:02:52",10008800
22050,250,700,"bu","14:03:04",10009500
22000,200,500,"bu","14:03:06",10010000
22000,200,21000,"bu","14:03:14",10031000
22000,200,100,"sd","14:03:19",10031100
22050,250,1000,"sd","14:03:28",10032100
22000,200,400,"bu","14:03:36",10032500
22000,200,1900,"sd","14:03:39",10034400
22050,250,400,"sd","14:03:42",10034800
22050,250,400,"bu","14:04:00",10035200
22050,250,4100,"sd","14:04:02",10039300
22050,250,1000,"bu","14:04:03",10040300
22050,250,3400,"sd","14:04:07",10043700
22050,250,200,"sd","14:04:13",10043900
22050,250,2000,"bu","14:04:18",10045900
22050,250,75200,"bu","14:04:29",10121100
22050,250,55800,"sd","14:04:31",10176900
22050,250,100,"sd","14:04:42",10177000
22100,300,700,"bu","14:04:51",10177700
22050,250,600,"bu","14:05:00",10178300
22050,250,100,"sd","14:05:02",10178400
22100,300,500,"sd","14:05:06",10178900
22050,250,200,"bu","14:05:10",10179100
22100,300,1000,"sd","14:05:21",10180100
22100,300,2400,"bu","14:05:25",10182500
22100,300,200,"bu","14:05:31",10182700
22100,300,2100,"bu","14:05:34",10184800
22100,300,500,"bu","14:05:57",10185300
22100,300,1000,"bu","14:06:03",10186300
22050,250,400,"bu","14:06:05",10186700
22050,250,7000,"sd","14:06:07",10193700
22100,300,10000,"bu","14:06:11",10203700
22100,300,500,"bu","14:06:13",10204200
22100,300,200,"bu","14:06:21",10204400
22100,300,600,"bu","14:06:24",10205000
22050,250,1000,"bu","14:06:29",10206000
22100,300,1500,"sd","14:06:33",10207500
22100,300,700,"bu","14:06:37",10208200
22100,300,5600,"sd","14:06:44",10213800
22100,300,4100,"sd","14:06:45",10217900
22100,300,25900,"bu","14:06:51",10243800
22100,300,272300,"bu","14:06:57",10516100
22100,300,14000,"sd","14:07:00",10530100
22100,300,3100,"sd","14:07:01",10533200
22150,350,1100,"sd","14:07:11",10534300
22100,300,500,"sd","14:07:12",10534800
22100,300,5000,"bu","14:07:13",10539800
22100,300,1300,"bu","14:07:15",10541100
22100,300,100,"sd","14:07:24",10541200
22100,300,800,"sd","14:07:28",10542000
22150,350,800,"sd","14:07:31",10542800
22150,350,1000,"sd","14:07:42",10543800
22150,350,12000,"sd","14:07:51",10555800
22150,350,500,"bu","14:07:59",10556300
22100,300,1500,"sd","14:08:00",10557800
22150,350,1000,"sd","14:08:06",10558800
22100,300,500,"bu","14:08:12",10559300
22150,350,7000,"bu","14:08:17",10566300
22100,300,700,"sd","14:08:23",10567000
22150,350,1600,"sd","14:08:24",10568600
22100,300,1000,"sd","14:08:32",10569600
22150,350,3200,"bu","14:08:41",10572800
22150,350,21000,"sd","14:08:43",10593800
22150,350,1600,"sd","14:08:47",10595400
22150,350,900,"bu","14:08:48",10596300
22150,350,4600,"sd","14:08:50",10600900
22150,350,900,"sd","14:08:54",10601800
22150,350,2500,"sd","14:09:03",10604300
22150,350,700,"sd","14:09:05",10605000
22150,350,1300,"sd","14:09:07",10606300
22150,350,4500,"sd","14:09:20",10610800
22150,350,5100,"bu","14:09:23",10615900
22150,350,800,"sd","14:09:24",10616700
22150,350,4000,"sd","14:09:29",10620700
22150,350,18000,"bu","14:09:42",10638700
22150,350,8000,"sd","14:09:50",10646700
22100,300,1000,"sd","14:09:51",10647700
22150,350,200,"sd","14:09:58",10647900
22100,300,500,"bu","14:10:04",10648400
22150,350,1000,"bu","14:10:09",10649400
22100,300,1000,"bu","14:10:13",10650400
22150,350,1000,"sd","14:10:23",10651400
22100,300,200,"bu","14:10:27",10651600
22100,300,2000,"bu","14:10:29",10653600
22150,350,1000,"bu","14:10:30",10654600
22150,350,1600,"sd","14:10:33",10656200
22150,350,3200,"bu","14:10:36",10659400
22150,350,500,"sd","14:10:43",10659900
22150,350,11500,"sd","14:10:52",10671400
22100,300,1000,"sd","14:10:53",10672400
22150,350,6000,"bu","14:10:57",10678400
22150,350,10600,"bu","14:11:00",10689000
22100,300,1500,"bu","14:11:03",10690500
22150,350,1200,"sd","14:11:14",10691700
22150,350,3000,"sd","14:11:16",10694700
22150,350,1500,"sd","14:11:17",10696200
22100,300,10800,"sd","14:11:18",10707000
22150,350,1000,"bu","14:11:24",10708000
22150,350,4100,"bu","14:11:27",10712100
22150,350,2000,"sd","14:11:29",10714100
22150,350,24000,"sd","14:11:30",10738100
22100,300,100,"bu","14:11:37",10738200
22150,350,5600,"sd","14:11:39",10743800
22150,350,20000,"sd","14:11:42",10763800
22150,350,26000,"bu","14:11:43",10789800
22150,350,34300,"bu","14:11:45",10824100
22150,350,15200,"bu","14:11:47",10839300
22150,350,11000,"sd","14:11:48",10850300
22150,350,2000,"sd","14:11:49",10852300
22150,350,3000,"bu","14:11:51",10855300
22150,350,4900,"sd","14:11:52",10860200
22150,350,22600,"bu","14:11:54",10882800
22150,350,3100,"bu","14:11:57",10885900
22150,350,4800,"sd","14:11:58",10890700
22150,350,2200,"bu","14:12:00",10892900
22150,350,9900,"bu","14:12:01",10902800
22150,350,2400,"bu","14:12:04",10905200
22150,350,300,"bu","14:12:06",10905500
22150,350,12000,"bu","14:12:08",10917500
22150,350,5000,"bu","14:12:10",10922500
22150,350,17700,"bu","14:12:11",10940200
22150,350,12400,"sd","14:12:12",10952600
22150,350,15000,"sd","14:12:14",10967600
22150,350,54000,"bu","14:12:16",11021600
22150,350,4000,"bu","14:12:17",11025600
22150,350,2400,"bu","14:12:18",11028000
22150,350,14900,"sd","14:12:20",11042900
22150,350,82600,"sd","14:12:21",11125500
22150,350,500,"sd","14:12:24",11126000
22150,350,100,"bu","14:12:30",11126100
22200,400,3900,"sd","14:12:31",11130000
22150,350,2100,"bu","14:12:35",11132100
22200,400,100,"bu","14:12:37",11132200
22200,400,1000,"bu","14:12:41",11133200
22150,350,600,"sd","14:12:43",11133800
22150,350,5000,"bu","14:12:46",11138800
22200,400,21400,"sd","14:12:48",11160200
22200,400,4000,"sd","14:12:50",11164200
22150,350,2100,"sd","14:12:53",11166300
22200,400,1200,"bu","14:12:55",11167500
22150,350,2100,"sd","14:13:01",11169600
22200,400,200,"sd","14:13:07",11169800
22200,400,700,"sd","14:13:11",11170500
22200,400,21400,"sd","14:13:13",11191900
22200,400,42500,"sd","14:13:14",11234400
22150,350,5000,"sd","14:13:16",11239400
22200,400,1400,"sd","14:13:18",11240800
22200,400,1500,"sd","14:13:20",11242300
22150,350,20000,"sd","14:13:24",11262300
22200,400,500,"bu","14:13:26",11262800
22200,400,4000,"bu","14:13:30",11266800
22150,350,1700,"bu","14:13:31",11268500
22200,400,2500,"bu","14:13:33",11271000
22200,400,10000,"sd","14:13:39",11281000
22200,400,5000,"sd","14:13:43",11286000
22200,400,10700,"bu","14:13:46",11296700
22200,400,20000,"bu","14:13:57",11316700
22200,400,1000,"bu","14:14:01",11317700
22150,350,500,"bu","14:14:08",11318200
22200,400,400,"bu","14:14:14",11318600
22150,350,5000,"bu","14:14:16",11323600
22200,400,2000,"bu","14:14:18",11325600
22200,400,1400,"bu","14:14:22",11327000
22200,400,2000,"bu","14:14:26",11329000
22150,350,400,"bu","14:14:27",11329400
22200,400,26400,"sd","14:14:35",11355800
22150,350,10300,"sd","14:14:38",11366100
22150,350,4700,"sd","14:14:42",11370800
22200,400,2000,"sd","14:14:44",11372800
22150,350,300,"bu","14:14:45",11373100
22150,350,110000,"bu","14:14:47",11483100
22200,400,1000,"sd","14:14:50",11484100
22200,400,4500,"bu","14:14:56",11488600
22200,400,50500,"sd","14:14:58",11539100
22150,350,100,"bu","14:15:00",11539200
22150,350,1100,"bu","14:15:05",11540300
22200,400,1000,"sd","14:15:08",11541300
22200,400,2600,"sd","14:15:26",11543900
22200,400,10000,"bu","14:15:32",11553900
22200,400,700,"sd","14:15:34",11554600
22200,400,4100,"bu","14:15:36",11558700
22150,350,10400,"bu","14:15:38",11569100
22150,350,3400,"bu","14:15:46",11572500
22150,350,500,"sd","14:15:56",11573000
22150,350,2100,"sd","14:15:59",11575100
22150,350,1400,"sd","14:16:05",11576500
22150,350,10100,"sd","14:16:06",11586600
22200,400,8000,"sd","14:16:10",11594600
22150,350,200,"sd","14:16:11",11594800
22150,350,20000,"bu","14:16:13",11614800
22150,350,90000,"sd","14:16:16",11704800
22150,350,1800,"sd","14:16:17",11706600
22150,350,100,"bu","14:16:20",11706700
22150,350,1600,"sd","14:16:28",11708300
22150,350,6800,"sd","14:16:31",11715100
22150,350,2200,"sd","14:16:33",11717300
22150,350,10000,"bu","14:16:34",11727300
22150,350,52000,"sd","14:16:36",11779300
22150,350,3500,"sd","14:16:37",11782800
22150,350,45100,"sd","14:16:39",11827900
22150,350,4000,"bu","14:16:41",11831900
22150,350,48700,"bu","14:16:42",11880600
22150,350,5100,"sd","14:16:44",11885700
22150,350,17100,"bu","14:16:45",11902800
22150,350,42400,"sd","14:16:47",11945200
22200,400,31600,"sd","14:16:48",11976800
22150,350,1000,"sd","14:16:49",11977800
22150,350,7000,"bu","14:16:51",11984800
22150,350,30000,"bu","14:16:55",12014800
22100,300,13600,"sd","14:16:58",12028400
22150,350,1100,"sd","14:17:00",12029500
22150,350,2000,"sd","14:17:01",12031500
22150,350,200,"bu","14:17:06",12031700
22150,350,20000,"bu","14:17:08",12051700
22100,300,2000,"bu","14:17:09",12053700
22150,350,20000,"sd","14:17:13",12073700
22150,350,3700,"bu","14:17:21",12077400
22100,300,900,"sd","14:17:32",12078300
22100,300,100,"sd","14:17:36",12078400
22100,300,7000,"bu","14:17:37",12085400
22150,350,600,"bu","14:17:41",12086000
22150,350,1000,"bu","14:17:43",12087000
22100,300,6200,"bu","14:17:46",12093200
22100,300,16100,"sd","14:17:51",12109300
22150,350,8100,"sd","14:17:54",12117400
22100,300,1000,"sd","14:17:56",12118400
22150,350,8000,"bu","14:18:02",12126400
22100,300,2000,"sd","14:18:03",12128400
22150,350,5000,"sd","14:18:05",12133400
22150,350,6300,"sd","14:18:12",12139700
22150,350,3500,"sd","14:18:19",12143200
22150,350,1500,"sd","14:18:22",12144700
22100,300,1000,"sd","14:18:28",12145700
22100,300,800,"bu","14:18:32",12146500
22150,350,5000,"bu","14:18:35",12151500
22100,300,8000,"bu","14:18:42",12159500
22100,300,1000,"sd","14:18:45",12160500
22100,300,800,"bu","14:18:47",12161300
22100,300,100,"bu","14:18:49",12161400
22100,300,2000,"bu","14:18:52",12163400
22150,350,11400,"sd","14:18:54",12174800
22100,300,2000,"bu","14:18:55",12176800
22100,300,3500,"bu","14:19:00",12180300
22150,350,1500,"sd","14:19:05",12181800
22100,300,10000,"sd","14:19:06",12191800
22150,350,700,"bu","14:19:08",12192500
22100,300,1000,"bu","14:19:10",12193500
22150,350,7800,"bu","14:19:11",12201300
22100,300,7000,"sd","14:19:13",12208300
22100,300,1000,"bu","14:19:16",12209300
22150,350,600,"sd","14:19:19",12209900
22150,350,9000,"sd","14:19:27",12218900
22100,300,20000,"bu","14:19:30",12238900
22100,300,1000,"sd","14:19:35",12239900
22150,350,5200,"sd","14:19:45",12245100
22150,350,11200,"sd","14:19:47",12256300
22150,350,1000,"sd","14:19:52",12257300
22100,300,800,"bu","14:19:55",12258100
22100,300,1500,"sd","14:19:57",12259600
22100,300,5600,"sd","14:20:03",12265200
22150,350,12100,"sd","14:20:06",12277300
22100,300,200,"bu","14:20:11",12277500
22100,300,1100,"sd","14:20:19",12278600
22100,300,20100,"sd","14:20:22",12298700
22150,350,5400,"bu","14:20:25",12304100
22100,300,4800,"sd","14:20:28",12308900
22100,300,2100,"bu","14:20:30",12311000
22100,300,2000,"bu","14:20:33",12313000
22150,350,100,"bu","14:20:35",12313100
22100,300,3700,"sd","14:20:37",12316800
22150,350,100,"sd","14:20:38",12316900
22100,300,9800,"sd","14:20:40",12326700
22100,300,200,"sd","14:20:41",12326900
22100,300,7900,"sd","14:20:44",12334800
22100,300,5100,"sd","14:20:49",12339900
22100,300,2000,"bu","14:20:50",12341900
22100,300,6000,"sd","14:20:51",12347900
22100,300,2000,"bu","14:20:53",12349900
22150,350,700,"bu","14:20:54",12350600
22100,300,1000,"bu","14:20:57",12351600
22150,350,5100,"sd","14:20:59",12356700
22100,300,3100,"bu","14:21:01",12359800
22150,350,5000,"sd","14:21:03",12364800
22100,300,1500,"sd","14:21:04",12366300
22100,300,12000,"sd","14:21:06",12378300
22100,300,2000,"sd","14:21:09",12380300
22100,300,500,"bu","14:21:12",12380800
22100,300,1400,"bu","14:21:14",12382200
22100,300,10000,"sd","14:21:19",12392200
22100,300,7500,"bu","14:21:22",12399700
22100,300,1600,"sd","14:21:24",12401300
22100,300,100,"bu","14:21:26",12401400
22100,300,5200,"sd","14:21:29",12406600
22100,300,2200,"sd","14:21:35",12408800
22100,300,36000,"sd","14:21:36",12444800
22150,350,4600,"sd","14:21:40",12449400
22100,300,800,"bu","14:21:42",12450200
22100,300,3700,"sd","14:21:43",12453900
22100,300,2600,"sd","14:21:48",12456500
22100,300,7500,"sd","14:21:51",12464000
22150,350,8000,"bu","14:21:56",12472000
22150,350,3000,"sd","14:21:57",12475000
22150,350,5000,"bu","14:21:59",12480000
22150,350,5000,"bu","14:22:00",12485000
22100,300,200,"bu","14:22:06",12485200
22150,350,12000,"bu","14:22:08",12497200
22100,300,5000,"bu","14:22:09",12502200
22100,300,10000,"bu","14:22:11",12512200
22150,350,1000,"sd","14:22:14",12513200
22100,300,1600,"sd","14:22:16",12514800
22100,300,6500,"bu","14:22:25",12521300
22100,300,100,"bu","14:22:29",12521400
22100,300,200,"bu","14:22:31",12521600
22100,300,3500,"bu","14:22:35",12525100
22100,300,300,"bu","14:22:36",12525400
22100,300,5000,"sd","14:22:38",12530400
22100,300,100,"bu","14:22:41",12530500
22150,350,800,"sd","14:22:43",12531300
22100,300,1500,"sd","14:22:47",12532800
22100,300,2600,"bu","14:22:48",12535400
22100,300,1000,"sd","14:22:50",12536400
22100,300,3000,"sd","14:22:52",12539400
22100,300,100,"bu","14:22:53",12539500
22100,300,1500,"sd","14:22:55",12541000
22100,300,5600,"bu","14:22:56",12546600
22100,300,800,"sd","14:23:07",12547400
22150,350,12100,"bu","14:23:09",12559500
22100,300,500,"bu","14:23:12",12560000
22100,300,2000,"sd","14:23:19",12562000
22150,350,10000,"sd","14:23:20",12572000
22100,300,11600,"bu","14:23:24",12583600
22150,350,50100,"bu","14:23:29",12633700
22100,300,11300,"bu","14:23:33",12645000
22100,300,200,"sd","14:23:35",12645200
22100,300,4000,"sd","14:23:38",12649200
22100,300,1100,"bu","14:23:39",12650300
22100,300,2100,"sd","14:23:41",12652400
22100,300,16500,"bu","14:23:43",12668900
22100,300,18900,"sd","14:23:44",12687800
22100,300,6100,"sd","14:23:46",12693900
22100,300,1400,"bu","14:23:47",12695300
22100,300,100,"sd","14:23:58",12695400
22100,300,13400,"bu","14:24:01",12708800
22100,300,800,"sd","14:24:07",12709600
22100,300,2000,"sd","14:24:14",12711600
22100,300,5000,"bu","14:24:19",12716600
22100,300,100,"bu","14:24:25",12716700
22100,300,12300,"sd","14:24:28",12729000
22100,300,15700,"bu","14:24:30",12744700
22100,300,500,"sd","14:24:32",12745200
22050,250,100,"bu","14:24:33",12745300
22050,250,1200,"sd","14:24:45",12746500
22100,300,8000,"sd","14:24:46",12754500
22100,300,1000,"bu","14:24:49",12755500
22100,300,100,"bu","14:24:52",12755600
22100,300,10000,"bu","14:24:59",12765600
22050,250,31000,"bu","14:25:01",12796600
22050,250,1000,"sd","14:25:03",12797600
22050,250,200,"sd","14:25:09",12797800
22050,250,100,"bu","14:25:15",12797900
22050,250,500,"sd","14:25:25",12798400
22050,250,3000,"sd","14:25:28",12801400
22050,250,1500,"sd","14:25:31",12802900
22050,250,2100,"bu","14:25:32",12805000
22100,300,15800,"sd","14:25:45",12820800
22050,250,1000,"bu","14:25:53",12821800
22050,250,500,"sd","14:26:00",12822300
22050,250,500,"bu","14:26:05",12822800
22050,250,5500,"bu","14:26:07",12828300
22100,300,2000,"bu","14:26:11",12830300
22050,250,7800,"bu","14:26:14",12838100
22100,300,8100,"bu","14:26:16",12846200
22050,250,6100,"bu","14:26:18",12852300
22050,250,5000,"sd","14:26:20",12857300
22050,250,100,"bu","14:26:23",12857400
22100,300,5000,"sd","14:26:27",12862400
22050,250,1100,"sd","14:26:28",12863500
22050,250,800,"sd","14:26:33",12864300
22100,300,23200,"sd","14:26:37",12887500
22100,300,500,"bu","14:26:38",12888000
22050,250,1000,"sd","14:26:43",12889000
22050,250,100,"bu","14:26:46",12889100
22050,250,14000,"sd","14:26:54",12903100
22050,250,19000,"bu","14:26:59",12922100
22100,300,52000,"bu","14:27:00",12974100
22050,250,1200,"bu","14:27:03",12975300
22050,250,1100,"bu","14:27:09",12976400
22050,250,900,"bu","14:27:14",12977300
22050,250,1000,"sd","14:27:16",12978300
22050,250,5000,"sd","14:27:17",12983300
22050,250,27000,"bu","14:27:19",13010300
22050,250,2000,"bu","14:27:20",13012300
22050,250,20000,"sd","14:27:23",13032300
22050,250,500,"sd","14:27:25",13032800
22050,250,6000,"bu","14:27:27",13038800
22050,250,19200,"sd","14:27:28",13058000
22050,250,1500,"bu","14:27:34",13059500
22050,250,2000,"bu","14:27:39",13061500
22050,250,200,"sd","14:27:41",13061700
22050,250,100,"bu","14:27:44",13061800
22000,200,600,"bu","14:27:53",13062400
22050,250,10500,"sd","14:28:00",13072900
22050,250,6700,"bu","14:28:04",13079600
22050,250,1500,"bu","14:28:07",13081100
22050,250,400,"sd","14:28:09",13081500
22050,250,1500,"sd","14:28:10",13083000
22000,200,1300,"bu","14:28:12",13084300
22050,250,3100,"sd","14:28:14",13087400
22050,250,10000,"bu","14:28:15",13097400
22050,250,5100,"bu","14:28:17",13102500
22000,200,2000,"sd","14:28:21",13104500
22050,250,18000,"bu","14:28:34",13122500
22050,250,100,"sd","14:28:36",13122600
22050,250,16600,"bu","14:28:40",13139200
22050,250,23000,"sd","14:28:41",13162200
22050,250,500,"bu","14:28:43",13162700
22050,250,20000,"sd","14:28:47",13182700
22000,200,8200,"sd","14:28:49",13190900
22050,250,7900,"sd","14:28:50",13198800
22050,250,8000,"bu","14:28:52",13206800
22050,250,3500,"sd","14:28:54",13210300
22050,250,2200,"sd","14:29:00",13212500
22000,200,12000,"sd","14:29:03",13224500
22000,200,500,"bu","14:29:09",13225000
22050,250,3000,"bu","14:29:11",13228000
22050,250,1000,"sd","14:29:14",13229000
22050,250,200,"bu","14:29:20",13229200
22000,200,18000,"bu","14:29:22",13247200
22000,200,1000,"bu","14:29:28",13248200
22000,200,18200,"bu","14:29:30",13266400
22000,200,700,"sd","14:29:33",13267100
22000,200,1000,"sd","14:29:40",13268100
22050,250,5000,"bu","14:29:44",13273100
22000,200,2100,"bu","14:29:46",13275200
22050,250,500,"bu","14:29:50",13275700
22000,200,22500,"bu","14:29:53",13298200
22000,200,6800,"bu","14:29:55",13305000
22050,250,4000,"sd","14:29:57",13309000
22000,200,4000,"sd","14:30:02",13313000
21950,150,906000,"sd","14:45:13",14219000
