"id","symbol","truncTime","matchType","matchVol","matchPrice","accumulatedVolume","createdAt","updatedAt"
159191584,"ASM","1702971891","unknown","174200","9870","2269800","2023-12-19T07:45:04.476Z","2023-12-19T07:45:04.476Z"
159190961,"ASM","1702970989","s","4300","9860","2264800","2023-12-19T07:30:01.454Z","2023-12-19T07:30:01.454Z"
159190960,"ASM","1702970989","s","700","9860","2264800","2023-12-19T07:30:01.454Z","2023-12-19T07:30:01.454Z"
159190252,"ASM","1702970979","s","1900","9860","2262900","2023-12-19T07:29:51.458Z","2023-12-19T07:29:51.458Z"
159189769,"ASM","1702970973","b","200","9870","2262700","2023-12-19T07:29:45.454Z","2023-12-19T07:29:45.454Z"
159188378,"ASM","1702970958","b","17400","9860","2245300","2023-12-19T07:29:31.454Z","2023-12-19T07:29:31.454Z"
159187545,"ASM","1702970945","b","100","9850","2245300","2023-12-19T07:29:18.456Z","2023-12-19T07:29:18.456Z"
159187349,"ASM","1702970942","b","900","9850","2244200","2023-12-19T07:29:14.467Z","2023-12-19T07:29:14.467Z"
159187348,"ASM","1702970942","b","100","9850","2244200","2023-12-19T07:29:14.467Z","2023-12-19T07:29:14.467Z"
159186198,"ASM","1702970929","b","3800","9840","2240400","2023-12-19T07:29:01.457Z","2023-12-19T07:29:01.457Z"
159185838,"ASM","1702970924","b","300","9840","2240100","2023-12-19T07:28:57.452Z","2023-12-19T07:28:57.452Z"
159185803,"ASM","1702970923","b","100","9840","2240000","2023-12-19T07:28:56.460Z","2023-12-19T07:28:56.460Z"
159185447,"ASM","1702970919","b","2000","9840","2238000","2023-12-19T07:28:52.452Z","2023-12-19T07:28:52.452Z"
159185168,"ASM","1702970916","b","1000","9840","2237000","2023-12-19T07:28:49.463Z","2023-12-19T07:28:49.463Z"
159184919,"ASM","1702970913","s","2800","9840","2237000","2023-12-19T07:28:46.459Z","2023-12-19T07:28:46.459Z"
159184417,"ASM","1702970908","b","7200","9840","2227000","2023-12-19T07:28:40.465Z","2023-12-19T07:28:40.465Z"
159183896,"ASM","1702970901","b","2800","9840","2222000","2023-12-19T07:28:34.455Z","2023-12-19T07:28:34.455Z"
159183895,"ASM","1702970901","b","1000","9840","2222000","2023-12-19T07:28:34.455Z","2023-12-19T07:28:34.455Z"
159183894,"ASM","1702970901","b","1200","9840","2222000","2023-12-19T07:28:34.455Z","2023-12-19T07:28:34.455Z"
159182809,"ASM","1702970886","s","1500","9830","2220500","2023-12-19T07:28:19.458Z","2023-12-19T07:28:19.458Z"
159181227,"ASM","1702970867","b","3800","9840","2214500","2023-12-19T07:28:00.466Z","2023-12-19T07:28:00.466Z"
159181226,"ASM","1702970867","b","2200","9840","2214500","2023-12-19T07:28:00.466Z","2023-12-19T07:28:00.466Z"
159181159,"ASM","1702970866","s","7100","9790","2194500","2023-12-19T07:28:00.466Z","2023-12-19T07:28:00.466Z"
159181158,"ASM","1702970866","s","400","9800","2194500","2023-12-19T07:28:00.466Z","2023-12-19T07:28:00.466Z"
159181157,"ASM","1702970866","s","500","9820","2194500","2023-12-19T07:28:00.466Z","2023-12-19T07:28:00.466Z"
159181156,"ASM","1702970866","s","10000","9820","2194500","2023-12-19T07:28:00.466Z","2023-12-19T07:28:00.466Z"
159181155,"ASM","1702970866","s","100","9820","2194500","2023-12-19T07:28:00.466Z","2023-12-19T07:28:00.466Z"
159181154,"ASM","1702970866","s","100","9820","2194500","2023-12-19T07:28:00.466Z","2023-12-19T07:28:00.466Z"
159181153,"ASM","1702970866","s","100","9830","2194500","2023-12-19T07:28:00.466Z","2023-12-19T07:28:00.466Z"
159181152,"ASM","1702970866","s","1200","9830","2194500","2023-12-19T07:28:00.466Z","2023-12-19T07:28:00.466Z"
159181151,"ASM","1702970866","s","100","9830","2194500","2023-12-19T07:28:00.466Z","2023-12-19T07:28:00.466Z"
159181150,"ASM","1702970866","s","400","9830","2194500","2023-12-19T07:28:00.466Z","2023-12-19T07:28:00.466Z"
159180431,"ASM","1702970859","s","300","9830","2194200","2023-12-19T07:27:51.459Z","2023-12-19T07:27:51.459Z"
159179432,"ASM","1702970846","b","4300","9830","2189900","2023-12-19T07:27:39.455Z","2023-12-19T07:27:39.455Z"
159177731,"ASM","1702970823","b","1100","9830","2188800","2023-12-19T07:27:15.453Z","2023-12-19T07:27:15.453Z"
159175731,"ASM","1702970795","b","1500","9820","2186800","2023-12-19T07:26:48.453Z","2023-12-19T07:26:48.453Z"
159175730,"ASM","1702970795","b","100","9820","2186800","2023-12-19T07:26:48.453Z","2023-12-19T07:26:48.453Z"
159175729,"ASM","1702970795","b","300","9820","2186800","2023-12-19T07:26:48.453Z","2023-12-19T07:26:48.453Z"
159175728,"ASM","1702970795","b","100","9810","2186800","2023-12-19T07:26:48.453Z","2023-12-19T07:26:48.453Z"
159175136,"ASM","1702970784","b","600","9800","2186200","2023-12-19T07:26:37.459Z","2023-12-19T07:26:37.459Z"
159175013,"ASM","1702970782","b","300","9800","2185900","2023-12-19T07:26:35.455Z","2023-12-19T07:26:35.455Z"
159174731,"ASM","1702970778","b","100","9800","2185800","2023-12-19T07:26:32.456Z","2023-12-19T07:26:32.456Z"
159174216,"ASM","1702970771","b","7900","9790","2177900","2023-12-19T07:26:23.456Z","2023-12-19T07:26:23.456Z"
159173751,"ASM","1702970764","b","2000","9770","2175900","2023-12-19T07:26:17.450Z","2023-12-19T07:26:17.450Z"
159172293,"ASM","1702970739","s","5400","9750","2175900","2023-12-19T07:25:52.454Z","2023-12-19T07:25:52.454Z"
159172292,"ASM","1702970739","s","100","9760","2175900","2023-12-19T07:25:52.454Z","2023-12-19T07:25:52.454Z"
159171306,"ASM","1702970724","b","500","9750","2169900","2023-12-19T07:25:38.454Z","2023-12-19T07:25:38.454Z"
159171135,"ASM","1702970723","s","100","9750","2169300","2023-12-19T07:25:36.458Z","2023-12-19T07:25:36.458Z"
159171134,"ASM","1702970723","s","400","9750","2169300","2023-12-19T07:25:36.458Z","2023-12-19T07:25:36.458Z"
159171133,"ASM","1702970723","s","100","9760","2169300","2023-12-19T07:25:36.458Z","2023-12-19T07:25:36.458Z"
159170412,"ASM","1702970713","s","600","9750","2169300","2023-12-19T07:25:25.456Z","2023-12-19T07:25:25.456Z"
159170411,"ASM","1702970713","s","100","9750","2169300","2023-12-19T07:25:25.456Z","2023-12-19T07:25:25.456Z"
159170410,"ASM","1702970713","s","500","9780","2169300","2023-12-19T07:25:25.456Z","2023-12-19T07:25:25.456Z"
159169402,"ASM","1702970697","s","1000","9760","2167100","2023-12-19T07:25:10.466Z","2023-12-19T07:25:10.466Z"
159168027,"ASM","1702970674","b","100","9780","2167000","2023-12-19T07:24:46.449Z","2023-12-19T07:24:46.449Z"
159166128,"ASM","1702970636","b","500","9750","2167000","2023-12-19T07:24:09.449Z","2023-12-19T07:24:09.449Z"
159166127,"ASM","1702970636","b","500","9750","2167000","2023-12-19T07:24:09.449Z","2023-12-19T07:24:09.449Z"
159166109,"ASM","1702970635","b","300","9750","2165700","2023-12-19T07:24:08.451Z","2023-12-19T07:24:08.451Z"
159164578,"ASM","1702970603","b","9200","9750","2165700","2023-12-19T07:23:36.447Z","2023-12-19T07:23:36.447Z"
159164577,"ASM","1702970603","b","200","9750","2165700","2023-12-19T07:23:36.447Z","2023-12-19T07:23:36.447Z"
159164576,"ASM","1702970603","b","200","9750","2165700","2023-12-19T07:23:36.447Z","2023-12-19T07:23:36.447Z"
159164575,"ASM","1702970603","b","400","9740","2165700","2023-12-19T07:23:36.447Z","2023-12-19T07:23:36.447Z"
159164451,"ASM","1702970600","b","300","9740","2155700","2023-12-19T07:23:32.452Z","2023-12-19T07:23:32.452Z"
159164079,"ASM","1702970590","b","200","9740","2155200","2023-12-19T07:23:23.447Z","2023-12-19T07:23:23.447Z"
159164072,"ASM","1702970590","b","100","9740","2155100","2023-12-19T07:23:22.453Z","2023-12-19T07:23:22.453Z"
159163974,"ASM","1702970587","b","1000","9740","2154100","2023-12-19T07:23:20.457Z","2023-12-19T07:23:20.457Z"
159163850,"ASM","1702970584","b","100","9740","2154000","2023-12-19T07:23:17.445Z","2023-12-19T07:23:17.445Z"
159163755,"ASM","1702970581","b","100","9740","2153900","2023-12-19T07:23:14.450Z","2023-12-19T07:23:14.450Z"
159163604,"ASM","1702970577","b","100","9740","2153800","2023-12-19T07:23:10.447Z","2023-12-19T07:23:10.447Z"
159163007,"ASM","1702970560","b","400","9730","2153400","2023-12-19T07:22:53.447Z","2023-12-19T07:22:53.447Z"
159162763,"ASM","1702970554","b","100","9730","2153300","2023-12-19T07:22:47.451Z","2023-12-19T07:22:47.451Z"
159162644,"ASM","1702970551","s","200","9720","2153000","2023-12-19T07:22:44.448Z","2023-12-19T07:22:44.448Z"
159162643,"ASM","1702970551","s","100","9720","2153000","2023-12-19T07:22:44.448Z","2023-12-19T07:22:44.448Z"
159162606,"ASM","1702970550","b","100","9730","2152900","2023-12-19T07:22:43.446Z","2023-12-19T07:22:43.446Z"
159162595,"ASM","1702970550","b","500","9730","2152400","2023-12-19T07:22:43.446Z","2023-12-19T07:22:43.446Z"
159162340,"ASM","1702970546","b","3000","9730","2149400","2023-12-19T07:22:39.454Z","2023-12-19T07:22:39.454Z"
159162332,"ASM","1702970545","b","5300","9730","2141500","2023-12-19T07:22:38.448Z","2023-12-19T07:22:38.448Z"
159162331,"ASM","1702970545","b","2600","9730","2141500","2023-12-19T07:22:38.448Z","2023-12-19T07:22:38.448Z"
159162159,"ASM","1702970542","b","100","9730","2141400","2023-12-19T07:22:35.451Z","2023-12-19T07:22:35.451Z"
159162113,"ASM","1702970541","b","1000","9730","2141400","2023-12-19T07:22:34.448Z","2023-12-19T07:22:34.448Z"
159161868,"ASM","1702970533","b","200","9730","2140200","2023-12-19T07:22:26.448Z","2023-12-19T07:22:26.448Z"
159161826,"ASM","1702970531","b","100","9730","2140100","2023-12-19T07:22:25.449Z","2023-12-19T07:22:25.449Z"
159161457,"ASM","1702970522","b","400","9730","2139700","2023-12-19T07:22:15.447Z","2023-12-19T07:22:15.447Z"
159161243,"ASM","1702970515","b","5000","9730","2139700","2023-12-19T07:22:08.452Z","2023-12-19T07:22:08.452Z"
159161147,"ASM","1702970512","b","100","9730","2134600","2023-12-19T07:22:05.446Z","2023-12-19T07:22:05.446Z"
159160892,"ASM","1702970505","b","2000","9730","2132600","2023-12-19T07:21:58.444Z","2023-12-19T07:21:58.444Z"
159160627,"ASM","1702970500","s","100","9730","2131500","2023-12-19T07:21:53.454Z","2023-12-19T07:21:53.454Z"
159160626,"ASM","1702970500","s","1000","9730","2131500","2023-12-19T07:21:53.454Z","2023-12-19T07:21:53.454Z"
159160596,"ASM","1702970499","b","100","9740","2131400","2023-12-19T07:21:52.451Z","2023-12-19T07:21:52.451Z"
159160294,"ASM","1702970492","b","5000","9740","2126400","2023-12-19T07:21:45.455Z","2023-12-19T07:21:45.455Z"
159159751,"ASM","1702970479","b","200","9740","2126200","2023-12-19T07:21:32.449Z","2023-12-19T07:21:32.449Z"
159159601,"ASM","1702970477","b","400","9740","2125800","2023-12-19T07:21:30.453Z","2023-12-19T07:21:30.453Z"
159159387,"ASM","1702970470","b","800","9740","2125000","2023-12-19T07:21:23.448Z","2023-12-19T07:21:23.448Z"
159159291,"ASM","1702970467","s","1400","9710","2115000","2023-12-19T07:21:20.448Z","2023-12-19T07:21:20.448Z"
159159290,"ASM","1702970467","s","1000","9710","2115000","2023-12-19T07:21:20.448Z","2023-12-19T07:21:20.448Z"
159159289,"ASM","1702970467","s","600","9710","2115000","2023-12-19T07:21:20.448Z","2023-12-19T07:21:20.448Z"
159159288,"ASM","1702970467","s","1000","9710","2115000","2023-12-19T07:21:20.448Z","2023-12-19T07:21:20.448Z"
159159287,"ASM","1702970467","s","3500","9710","2115000","2023-12-19T07:21:20.448Z","2023-12-19T07:21:20.448Z"
159159286,"ASM","1702970467","s","2000","9720","2115000","2023-12-19T07:21:20.448Z","2023-12-19T07:21:20.448Z"
159159285,"ASM","1702970467","s","500","9720","2115000","2023-12-19T07:21:20.448Z","2023-12-19T07:21:20.448Z"
