"id","symbol","truncTime","matchType","matchVol","matchPrice","accumulatedVolume","createdAt","updatedAt"
159191543,"NHH","1702971890","unknown","11300","19000","794700","2023-12-19T07:45:03.481Z","2023-12-19T07:45:03.481Z"
159190824,"NHH","1702970987","b","600","18950","794700","2023-12-19T07:30:00.467Z","2023-12-19T07:30:00.467Z"
159189772,"NHH","1702970973","s","200","18900","794100","2023-12-19T07:29:46.454Z","2023-12-19T07:29:46.454Z"
159189695,"NHH","1702970972","b","100","18900","793900","2023-12-19T07:29:44.511Z","2023-12-19T07:29:44.511Z"
159189694,"NHH","1702970972","b","200","18900","793900","2023-12-19T07:29:44.511Z","2023-12-19T07:29:44.511Z"
159189693,"NHH","1702970972","b","100","18900","793900","2023-12-19T07:29:44.511Z","2023-12-19T07:29:44.511Z"
159189692,"NHH","1702970972","b","100","18900","793900","2023-12-19T07:29:44.511Z","2023-12-19T07:29:44.511Z"
159189691,"NHH","1702970972","b","500","18900","793900","2023-12-19T07:29:44.511Z","2023-12-19T07:29:44.511Z"
159189690,"NHH","1702970972","b","1200","18900","793900","2023-12-19T07:29:44.511Z","2023-12-19T07:29:44.511Z"
159189689,"NHH","1702970972","b","500","18900","793900","2023-12-19T07:29:44.511Z","2023-12-19T07:29:44.511Z"
159189688,"NHH","1702970972","b","1600","18900","793900","2023-12-19T07:29:44.511Z","2023-12-19T07:29:44.511Z"
159189667,"NHH","1702970971","b","1000","18900","793900","2023-12-19T07:29:44.511Z","2023-12-19T07:29:44.511Z"
159188910,"NHH","1702970963","b","1500","18900","788600","2023-12-19T07:29:36.456Z","2023-12-19T07:29:36.456Z"
159187932,"NHH","1702970952","s","300","18850","783900","2023-12-19T07:29:25.463Z","2023-12-19T07:29:25.463Z"
159187931,"NHH","1702970952","b","200","18850","783900","2023-12-19T07:29:25.463Z","2023-12-19T07:29:25.463Z"
159187930,"NHH","1702970952","b","2300","18850","783900","2023-12-19T07:29:25.463Z","2023-12-19T07:29:25.463Z"
159187929,"NHH","1702970952","b","400","18850","783900","2023-12-19T07:29:25.463Z","2023-12-19T07:29:25.463Z"
159187576,"NHH","1702970946","b","100","18850","783900","2023-12-19T07:29:19.453Z","2023-12-19T07:29:19.453Z"
159187575,"NHH","1702970946","b","2500","18850","783900","2023-12-19T07:29:19.453Z","2023-12-19T07:29:19.453Z"
159187081,"NHH","1702970939","b","1000","18850","781300","2023-12-19T07:29:11.460Z","2023-12-19T07:29:11.460Z"
159186325,"NHH","1702970930","s","300","18800","780300","2023-12-19T07:29:03.454Z","2023-12-19T07:29:03.454Z"
159185370,"NHH","1702970918","b","800","18850","780000","2023-12-19T07:28:51.460Z","2023-12-19T07:28:51.460Z"
159184291,"NHH","1702970906","b","100","18800","779200","2023-12-19T07:28:40.465Z","2023-12-19T07:28:40.465Z"
159184290,"NHH","1702970906","b","100","18800","779200","2023-12-19T07:28:40.465Z","2023-12-19T07:28:40.465Z"
159184289,"NHH","1702970906","b","700","18800","779200","2023-12-19T07:28:40.465Z","2023-12-19T07:28:40.465Z"
159183890,"NHH","1702970900","b","1600","18800","778300","2023-12-19T07:28:34.455Z","2023-12-19T07:28:34.455Z"
159183889,"NHH","1702970900","b","1900","18800","778300","2023-12-19T07:28:34.455Z","2023-12-19T07:28:34.455Z"
159183090,"NHH","1702970890","b","1300","18800","774800","2023-12-19T07:28:23.462Z","2023-12-19T07:28:23.462Z"
159183089,"NHH","1702970890","b","1700","18750","774800","2023-12-19T07:28:23.462Z","2023-12-19T07:28:23.462Z"
159182479,"NHH","1702970882","s","2300","18750","769500","2023-12-19T07:28:15.458Z","2023-12-19T07:28:15.458Z"
159180122,"NHH","1702970855","b","600","18750","769500","2023-12-19T07:27:48.456Z","2023-12-19T07:27:48.456Z"
159180121,"NHH","1702970855","b","100","18750","769500","2023-12-19T07:27:48.456Z","2023-12-19T07:27:48.456Z"
159180120,"NHH","1702970855","b","200","18750","769500","2023-12-19T07:27:48.456Z","2023-12-19T07:27:48.456Z"
159180119,"NHH","1702970855","b","800","18750","769500","2023-12-19T07:27:48.456Z","2023-12-19T07:27:48.456Z"
159179877,"NHH","1702970852","s","100","18700","767800","2023-12-19T07:27:45.456Z","2023-12-19T07:27:45.456Z"
159179874,"NHH","1702970852","b","200","18750","767800","2023-12-19T07:27:45.456Z","2023-12-19T07:27:45.456Z"
159179873,"NHH","1702970852","b","200","18750","767800","2023-12-19T07:27:45.456Z","2023-12-19T07:27:45.456Z"
159179872,"NHH","1702970852","b","500","18750","767800","2023-12-19T07:27:45.456Z","2023-12-19T07:27:45.456Z"
159179871,"NHH","1702970852","b","100","18750","767800","2023-12-19T07:27:45.456Z","2023-12-19T07:27:45.456Z"
159179047,"NHH","1702970842","b","2000","18750","766700","2023-12-19T07:27:34.454Z","2023-12-19T07:27:34.454Z"
159178470,"NHH","1702970834","b","1000","18750","763700","2023-12-19T07:27:28.451Z","2023-12-19T07:27:28.451Z"
159177828,"NHH","1702970824","b","700","18700","763700","2023-12-19T07:27:17.457Z","2023-12-19T07:27:17.457Z"
159177383,"NHH","1702970819","b","300","18700","762200","2023-12-19T07:27:11.455Z","2023-12-19T07:27:11.455Z"
159177382,"NHH","1702970819","b","100","18700","762200","2023-12-19T07:27:11.455Z","2023-12-19T07:27:11.455Z"
159177381,"NHH","1702970819","b","300","18700","762200","2023-12-19T07:27:11.455Z","2023-12-19T07:27:11.455Z"
159177380,"NHH","1702970819","b","100","18700","762200","2023-12-19T07:27:11.455Z","2023-12-19T07:27:11.455Z"
159177024,"NHH","1702970814","b","1100","18700","762200","2023-12-19T07:27:07.461Z","2023-12-19T07:27:07.461Z"
159176689,"NHH","1702970810","b","900","18700","760200","2023-12-19T07:27:03.454Z","2023-12-19T07:27:03.454Z"
159176263,"NHH","1702970804","b","1000","18700","760200","2023-12-19T07:26:57.452Z","2023-12-19T07:26:57.452Z"
159174566,"NHH","1702970777","b","1000","18700","758200","2023-12-19T07:26:30.450Z","2023-12-19T07:26:30.450Z"
159173085,"NHH","1702970754","b","2400","18700","758200","2023-12-19T07:26:07.458Z","2023-12-19T07:26:07.458Z"
159173084,"NHH","1702970754","b","200","18700","758200","2023-12-19T07:26:07.458Z","2023-12-19T07:26:07.458Z"
159171337,"NHH","1702970725","b","100","18700","755500","2023-12-19T07:25:38.454Z","2023-12-19T07:25:38.454Z"
159170488,"NHH","1702970714","b","100","18700","755500","2023-12-19T07:25:27.450Z","2023-12-19T07:25:27.450Z"
159170487,"NHH","1702970714","b","400","18650","755500","2023-12-19T07:25:27.450Z","2023-12-19T07:25:27.450Z"
159170273,"NHH","1702970710","b","100","18650","755000","2023-12-19T07:25:23.448Z","2023-12-19T07:25:23.448Z"
159170014,"NHH","1702970705","b","800","18650","754100","2023-12-19T07:25:18.448Z","2023-12-19T07:25:18.448Z"
159169941,"NHH","1702970703","b","100","18650","754100","2023-12-19T07:25:16.447Z","2023-12-19T07:25:16.447Z"
159165181,"NHH","1702970616","b","200","18650","754000","2023-12-19T07:23:49.445Z","2023-12-19T07:23:49.445Z"
159164441,"NHH","1702970599","s","100","18300","753800","2023-12-19T07:23:32.452Z","2023-12-19T07:23:32.452Z"
159164440,"NHH","1702970599","s","100","18350","753800","2023-12-19T07:23:32.452Z","2023-12-19T07:23:32.452Z"
159164439,"NHH","1702970599","s","2000","18350","753800","2023-12-19T07:23:32.452Z","2023-12-19T07:23:32.452Z"
159164438,"NHH","1702970599","s","600","18350","753800","2023-12-19T07:23:32.452Z","2023-12-19T07:23:32.452Z"
159164437,"NHH","1702970599","s","2500","18400","753800","2023-12-19T07:23:32.452Z","2023-12-19T07:23:32.452Z"
159164436,"NHH","1702970599","s","2300","18400","753800","2023-12-19T07:23:32.452Z","2023-12-19T07:23:32.452Z"
159164435,"NHH","1702970599","s","800","18500","753800","2023-12-19T07:23:32.452Z","2023-12-19T07:23:32.452Z"
159164434,"NHH","1702970599","s","2000","18550","753800","2023-12-19T07:23:32.452Z","2023-12-19T07:23:32.452Z"
159164433,"NHH","1702970599","s","600","18600","753800","2023-12-19T07:23:32.452Z","2023-12-19T07:23:32.452Z"
159162677,"NHH","1702970552","b","900","18650","742800","2023-12-19T07:22:45.446Z","2023-12-19T07:22:45.446Z"
159161184,"NHH","1702970513","b","300","18600","741600","2023-12-19T07:22:06.453Z","2023-12-19T07:22:06.453Z"
159160730,"NHH","1702970502","b","800","18600","741600","2023-12-19T07:21:55.461Z","2023-12-19T07:21:55.461Z"
159160311,"NHH","1702970492","b","2900","18600","740800","2023-12-19T07:21:45.455Z","2023-12-19T07:21:45.455Z"
159159937,"NHH","1702970483","b","2500","18550","729900","2023-12-19T07:21:36.454Z","2023-12-19T07:21:36.454Z"
159159936,"NHH","1702970483","b","5000","18550","729900","2023-12-19T07:21:36.454Z","2023-12-19T07:21:36.454Z"
159159935,"NHH","1702970483","b","500","18550","729900","2023-12-19T07:21:36.454Z","2023-12-19T07:21:36.454Z"
159159023,"NHH","1702970461","b","500","18500","729900","2023-12-19T07:21:14.451Z","2023-12-19T07:21:14.451Z"
159158867,"NHH","1702970458","b","2900","18500","724400","2023-12-19T07:21:11.454Z","2023-12-19T07:21:11.454Z"
159158866,"NHH","1702970458","b","2100","18500","724400","2023-12-19T07:21:11.454Z","2023-12-19T07:21:11.454Z"
159157795,"NHH","1702970431","s","2300","18500","724400","2023-12-19T07:20:44.446Z","2023-12-19T07:20:44.446Z"
159157642,"NHH","1702970428","s","2000","18500","720100","2023-12-19T07:20:41.451Z","2023-12-19T07:20:41.451Z"
159157195,"NHH","1702970419","b","100","18500","715200","2023-12-19T07:20:32.451Z","2023-12-19T07:20:32.451Z"
159157194,"NHH","1702970419","b","4800","18500","715200","2023-12-19T07:20:32.451Z","2023-12-19T07:20:32.451Z"
159155411,"NHH","1702970385","b","200","18500","714200","2023-12-19T07:19:58.446Z","2023-12-19T07:19:58.446Z"
159155410,"NHH","1702970385","b","800","18450","714200","2023-12-19T07:19:58.446Z","2023-12-19T07:19:58.446Z"
159155030,"NHH","1702970378","b","3000","18450","714200","2023-12-19T07:19:51.450Z","2023-12-19T07:19:51.450Z"
159154610,"NHH","1702970369","b","1000","18400","703500","2023-12-19T07:19:42.451Z","2023-12-19T07:19:42.451Z"
159154609,"NHH","1702970369","b","6700","18400","703500","2023-12-19T07:19:42.451Z","2023-12-19T07:19:42.451Z"
159153045,"NHH","1702970341","b","1400","18350","702100","2023-12-19T07:19:14.453Z","2023-12-19T07:19:14.453Z"
159152826,"NHH","1702970337","b","1000","18350","701100","2023-12-19T07:19:10.446Z","2023-12-19T07:19:10.446Z"
159152568,"NHH","1702970332","b","1000","18350","701100","2023-12-19T07:19:05.449Z","2023-12-19T07:19:05.449Z"
159150553,"NHH","1702970298","s","3000","18300","694800","2023-12-19T07:18:32.444Z","2023-12-19T07:18:32.444Z"
159150552,"NHH","1702970298","s","100","18300","694800","2023-12-19T07:18:32.444Z","2023-12-19T07:18:32.444Z"
159150551,"NHH","1702970298","s","2200","18300","694800","2023-12-19T07:18:32.444Z","2023-12-19T07:18:32.444Z"
159149344,"NHH","1702970278","s","2000","18300","694800","2023-12-19T07:18:12.450Z","2023-12-19T07:18:12.450Z"
159149299,"NHH","1702970278","s","800","18300","692800","2023-12-19T07:18:11.450Z","2023-12-19T07:18:11.450Z"
159149298,"NHH","1702970278","s","200","18300","692800","2023-12-19T07:18:11.450Z","2023-12-19T07:18:11.450Z"
159148397,"NHH","1702970261","s","300","18300","691800","2023-12-19T07:17:55.447Z","2023-12-19T07:17:55.447Z"
159148396,"NHH","1702970261","s","500","18300","691800","2023-12-19T07:17:55.447Z","2023-12-19T07:17:55.447Z"
159148395,"NHH","1702970261","s","200","18300","691800","2023-12-19T07:17:55.447Z","2023-12-19T07:17:55.447Z"
159148394,"NHH","1702970261","s","200","18300","691800","2023-12-19T07:17:55.447Z","2023-12-19T07:17:55.447Z"
