"id","symbol","truncTime","matchType","matchVol","matchPrice","accumulatedVolume","createdAt","updatedAt"
159191647,"SBT","1702971891","unknown","41500","13200","1373100","2023-12-19T07:45:04.476Z","2023-12-19T07:45:04.476Z"
159190953,"SBT","1702970989","b","13500","13200","1359600","2023-12-19T07:30:01.454Z","2023-12-19T07:30:01.454Z"
159189922,"SBT","1702970976","b","6400","13200","1353200","2023-12-19T07:29:49.469Z","2023-12-19T07:29:49.469Z"
159187971,"SBT","1702970952","b","100","13200","1352200","2023-12-19T07:29:26.456Z","2023-12-19T07:29:26.456Z"
159187970,"SBT","1702970952","b","900","13200","1352200","2023-12-19T07:29:26.456Z","2023-12-19T07:29:26.456Z"
159187601,"SBT","1702970946","b","1100","13200","1324700","2023-12-19T07:29:20.457Z","2023-12-19T07:29:20.457Z"
159187600,"SBT","1702970946","b","100","13200","1324700","2023-12-19T07:29:20.457Z","2023-12-19T07:29:20.457Z"
159187599,"SBT","1702970946","b","200","13200","1324700","2023-12-19T07:29:20.457Z","2023-12-19T07:29:20.457Z"
159187598,"SBT","1702970946","b","1000","13200","1324700","2023-12-19T07:29:20.457Z","2023-12-19T07:29:20.457Z"
159187597,"SBT","1702970946","b","500","13200","1324700","2023-12-19T07:29:20.457Z","2023-12-19T07:29:20.457Z"
159187596,"SBT","1702970946","b","20000","13200","1324700","2023-12-19T07:29:20.457Z","2023-12-19T07:29:20.457Z"
159187595,"SBT","1702970946","b","200","13200","1324700","2023-12-19T07:29:20.457Z","2023-12-19T07:29:20.457Z"
159187594,"SBT","1702970946","b","4400","13200","1324700","2023-12-19T07:29:20.457Z","2023-12-19T07:29:20.457Z"
159187335,"SBT","1702970942","b","600","13200","1323400","2023-12-19T07:29:14.467Z","2023-12-19T07:29:14.467Z"
159187334,"SBT","1702970942","b","700","13200","1323400","2023-12-19T07:29:14.467Z","2023-12-19T07:29:14.467Z"
159186367,"SBT","1702970931","b","1400","13150","1322000","2023-12-19T07:29:04.456Z","2023-12-19T07:29:04.456Z"
159186136,"SBT","1702970928","s","100","13150","1321900","2023-12-19T07:29:00.467Z","2023-12-19T07:29:00.467Z"
159186061,"SBT","1702970927","b","500","13200","1321400","2023-12-19T07:29:00.467Z","2023-12-19T07:29:00.467Z"
159183893,"SBT","1702970901","b","1000","13200","1320400","2023-12-19T07:28:34.455Z","2023-12-19T07:28:34.455Z"
159183194,"SBT","1702970891","b","4200","13200","1315000","2023-12-19T07:28:25.459Z","2023-12-19T07:28:25.459Z"
159183193,"SBT","1702970891","b","1200","13200","1315000","2023-12-19T07:28:25.459Z","2023-12-19T07:28:25.459Z"
159181199,"SBT","1702970867","b","8800","13200","1305000","2023-12-19T07:28:00.466Z","2023-12-19T07:28:00.466Z"
159181198,"SBT","1702970867","b","1200","13200","1305000","2023-12-19T07:28:00.466Z","2023-12-19T07:28:00.466Z"
159179763,"SBT","1702970851","b","300","13200","1304700","2023-12-19T07:27:43.449Z","2023-12-19T07:27:43.449Z"
159175644,"SBT","1702970793","b","6800","13150","1254500","2023-12-19T07:26:46.453Z","2023-12-19T07:26:46.453Z"
159175643,"SBT","1702970793","b","30000","13150","1254500","2023-12-19T07:26:46.453Z","2023-12-19T07:26:46.453Z"
159175642,"SBT","1702970793","b","2000","13150","1254500","2023-12-19T07:26:46.453Z","2023-12-19T07:26:46.453Z"
159175641,"SBT","1702970793","b","10000","13150","1254500","2023-12-19T07:26:46.453Z","2023-12-19T07:26:46.453Z"
159175640,"SBT","1702970793","b","500","13150","1254500","2023-12-19T07:26:46.453Z","2023-12-19T07:26:46.453Z"
159175639,"SBT","1702970793","b","400","13150","1254500","2023-12-19T07:26:46.453Z","2023-12-19T07:26:46.453Z"
159175638,"SBT","1702970793","b","500","13150","1254500","2023-12-19T07:26:46.453Z","2023-12-19T07:26:46.453Z"
159170274,"SBT","1702970710","s","300","13100","1254500","2023-12-19T07:25:23.448Z","2023-12-19T07:25:23.448Z"
159169988,"SBT","1702970704","b","1000","13100","1251100","2023-12-19T07:25:17.449Z","2023-12-19T07:25:17.449Z"
159169987,"SBT","1702970704","b","400","13100","1251100","2023-12-19T07:25:17.449Z","2023-12-19T07:25:17.449Z"
159169986,"SBT","1702970704","b","1700","13100","1251100","2023-12-19T07:25:17.449Z","2023-12-19T07:25:17.449Z"
159169920,"SBT","1702970703","b","3300","13100","1241100","2023-12-19T07:25:15.453Z","2023-12-19T07:25:15.453Z"
159169919,"SBT","1702970703","b","5000","13100","1241100","2023-12-19T07:25:15.453Z","2023-12-19T07:25:15.453Z"
159169918,"SBT","1702970703","b","1600","13100","1241100","2023-12-19T07:25:15.453Z","2023-12-19T07:25:15.453Z"
159169917,"SBT","1702970703","b","100","13100","1241100","2023-12-19T07:25:15.453Z","2023-12-19T07:25:15.453Z"
159169854,"SBT","1702970702","b","300","13100","1240800","2023-12-19T07:25:15.453Z","2023-12-19T07:25:15.453Z"
159169838,"SBT","1702970701","b","100","13100","1240700","2023-12-19T07:25:14.446Z","2023-12-19T07:25:14.446Z"
159168871,"SBT","1702970686","b","200","13100","1240500","2023-12-19T07:24:59.455Z","2023-12-19T07:24:59.455Z"
159168424,"SBT","1702970680","b","500","13100","1240000","2023-12-19T07:24:53.460Z","2023-12-19T07:24:53.460Z"
159168271,"SBT","1702970678","b","1000","13100","1239000","2023-12-19T07:24:50.450Z","2023-12-19T07:24:50.450Z"
159165484,"SBT","1702970623","b","5000","13100","1234000","2023-12-19T07:23:55.452Z","2023-12-19T07:23:55.452Z"
159163274,"SBT","1702970568","b","100","13100","1233900","2023-12-19T07:23:01.445Z","2023-12-19T07:23:01.445Z"
159159624,"SBT","1702970477","b","700","13100","1233200","2023-12-19T07:21:30.453Z","2023-12-19T07:21:30.453Z"
159158755,"SBT","1702970454","s","300","13050","1229200","2023-12-19T07:21:07.448Z","2023-12-19T07:21:07.448Z"
159158754,"SBT","1702970454","s","300","13050","1229200","2023-12-19T07:21:07.448Z","2023-12-19T07:21:07.448Z"
159158753,"SBT","1702970454","s","1000","13050","1229200","2023-12-19T07:21:07.448Z","2023-12-19T07:21:07.448Z"
159158752,"SBT","1702970454","s","500","13050","1229200","2023-12-19T07:21:07.448Z","2023-12-19T07:21:07.448Z"
159158751,"SBT","1702970454","s","1900","13050","1229200","2023-12-19T07:21:07.448Z","2023-12-19T07:21:07.448Z"
159157301,"SBT","1702970421","b","1100","13050","1227900","2023-12-19T07:20:35.447Z","2023-12-19T07:20:35.447Z"
159157300,"SBT","1702970421","b","200","13050","1227900","2023-12-19T07:20:35.447Z","2023-12-19T07:20:35.447Z"
159156965,"SBT","1702970414","s","400","13050","1226900","2023-12-19T07:20:27.449Z","2023-12-19T07:20:27.449Z"
159156964,"SBT","1702970414","s","100","13050","1226900","2023-12-19T07:20:27.449Z","2023-12-19T07:20:27.449Z"
159156963,"SBT","1702970414","s","500","13050","1226900","2023-12-19T07:20:27.449Z","2023-12-19T07:20:27.449Z"
159156415,"SBT","1702970402","s","1400","13050","1224900","2023-12-19T07:20:15.449Z","2023-12-19T07:20:15.449Z"
159156414,"SBT","1702970402","s","100","13050","1224900","2023-12-19T07:20:15.449Z","2023-12-19T07:20:15.449Z"
159156413,"SBT","1702970402","s","100","13050","1224900","2023-12-19T07:20:15.449Z","2023-12-19T07:20:15.449Z"
159156412,"SBT","1702970402","s","400","13050","1224900","2023-12-19T07:20:15.449Z","2023-12-19T07:20:15.449Z"
159154739,"SBT","1702970371","s","100","13050","1224800","2023-12-19T07:19:44.446Z","2023-12-19T07:19:44.446Z"
159150804,"SBT","1702970302","b","100","13100","1224700","2023-12-19T07:18:36.449Z","2023-12-19T07:18:36.449Z"
159150522,"SBT","1702970298","s","300","13000","1214900","2023-12-19T07:18:31.460Z","2023-12-19T07:18:31.460Z"
159150521,"SBT","1702970298","s","1500","13000","1214900","2023-12-19T07:18:31.460Z","2023-12-19T07:18:31.460Z"
159150520,"SBT","1702970298","s","500","13000","1214900","2023-12-19T07:18:31.460Z","2023-12-19T07:18:31.460Z"
159150519,"SBT","1702970298","s","1000","13000","1214900","2023-12-19T07:18:31.460Z","2023-12-19T07:18:31.460Z"
159150518,"SBT","1702970298","s","300","13000","1214900","2023-12-19T07:18:31.460Z","2023-12-19T07:18:31.460Z"
159150517,"SBT","1702970298","s","200","13000","1214900","2023-12-19T07:18:31.460Z","2023-12-19T07:18:31.460Z"
159150516,"SBT","1702970298","s","500","13000","1214900","2023-12-19T07:18:31.460Z","2023-12-19T07:18:31.460Z"
159150515,"SBT","1702970298","s","200","13000","1214900","2023-12-19T07:18:31.460Z","2023-12-19T07:18:31.460Z"
159150514,"SBT","1702970298","s","500","13000","1214900","2023-12-19T07:18:31.460Z","2023-12-19T07:18:31.460Z"
159150513,"SBT","1702970298","s","100","13000","1214900","2023-12-19T07:18:31.460Z","2023-12-19T07:18:31.460Z"
159150512,"SBT","1702970298","s","500","13000","1214900","2023-12-19T07:18:31.460Z","2023-12-19T07:18:31.460Z"
159150511,"SBT","1702970298","s","300","13000","1214900","2023-12-19T07:18:31.460Z","2023-12-19T07:18:31.460Z"
159150510,"SBT","1702970298","s","500","13000","1214900","2023-12-19T07:18:31.460Z","2023-12-19T07:18:31.460Z"
159150509,"SBT","1702970298","s","100","13000","1214900","2023-12-19T07:18:31.460Z","2023-12-19T07:18:31.460Z"
159150508,"SBT","1702970298","s","100","13000","1214900","2023-12-19T07:18:31.460Z","2023-12-19T07:18:31.460Z"
159150507,"SBT","1702970298","s","1000","13000","1214900","2023-12-19T07:18:31.460Z","2023-12-19T07:18:31.460Z"
159150506,"SBT","1702970298","s","1000","13000","1214900","2023-12-19T07:18:31.460Z","2023-12-19T07:18:31.460Z"
159150505,"SBT","1702970298","s","500","13000","1214900","2023-12-19T07:18:31.460Z","2023-12-19T07:18:31.460Z"
159150504,"SBT","1702970298","s","500","13000","1214900","2023-12-19T07:18:31.460Z","2023-12-19T07:18:31.460Z"
159150503,"SBT","1702970298","s","100","13000","1214900","2023-12-19T07:18:31.460Z","2023-12-19T07:18:31.460Z"
159150496,"SBT","1702970298","s","100","13000","924700","2023-12-19T07:18:31.460Z","2023-12-19T07:18:31.460Z"
159150495,"SBT","1702970298","s","500","13000","924700","2023-12-19T07:18:31.460Z","2023-12-19T07:18:31.460Z"
159150494,"SBT","1702970298","s","500","13000","924700","2023-12-19T07:18:31.460Z","2023-12-19T07:18:31.460Z"
159150493,"SBT","1702970298","s","6800","13000","924700","2023-12-19T07:18:31.460Z","2023-12-19T07:18:31.460Z"
159150492,"SBT","1702970298","s","100","13000","924700","2023-12-19T07:18:31.460Z","2023-12-19T07:18:31.460Z"
159150491,"SBT","1702970298","s","1000","13000","924700","2023-12-19T07:18:31.460Z","2023-12-19T07:18:31.460Z"
159150490,"SBT","1702970298","s","500","13000","924700","2023-12-19T07:18:31.460Z","2023-12-19T07:18:31.460Z"
159150489,"SBT","1702970298","s","500","13000","924700","2023-12-19T07:18:31.460Z","2023-12-19T07:18:31.460Z"
159150488,"SBT","1702970298","s","10000","13000","924700","2023-12-19T07:18:31.460Z","2023-12-19T07:18:31.460Z"
159150487,"SBT","1702970298","s","500","13000","924700","2023-12-19T07:18:31.460Z","2023-12-19T07:18:31.460Z"
159150486,"SBT","1702970298","s","100","13000","924700","2023-12-19T07:18:31.460Z","2023-12-19T07:18:31.460Z"
159150485,"SBT","1702970298","s","100","13000","924700","2023-12-19T07:18:31.460Z","2023-12-19T07:18:31.460Z"
159150484,"SBT","1702970298","s","200","13000","924700","2023-12-19T07:18:31.460Z","2023-12-19T07:18:31.460Z"
159150483,"SBT","1702970298","s","100","13000","924700","2023-12-19T07:18:31.460Z","2023-12-19T07:18:31.460Z"
159150482,"SBT","1702970298","s","500","13000","924700","2023-12-19T07:18:31.460Z","2023-12-19T07:18:31.460Z"
159150481,"SBT","1702970298","s","1000","13000","924700","2023-12-19T07:18:31.460Z","2023-12-19T07:18:31.460Z"
159150480,"SBT","1702970298","s","1000","13000","924700","2023-12-19T07:18:31.460Z","2023-12-19T07:18:31.460Z"
