"id","symbol","truncTime","matchType","matchVol","matchPrice","accumulatedVolume","createdAt","updatedAt"
159191533,"SHB","1702971890","unknown","622900","10700","13781600","2023-12-19T07:45:03.481Z","2023-12-19T07:45:03.481Z"
159190818,"SHB","1702970987","s","10000","10700","13781600","2023-12-19T07:30:00.467Z","2023-12-19T07:30:00.467Z"
159190416,"SHB","1702970982","b","300","10750","13771300","2023-12-19T07:29:54.454Z","2023-12-19T07:29:54.454Z"
159190205,"SHB","1702970978","b","3400","10750","13771300","2023-12-19T07:29:51.458Z","2023-12-19T07:29:51.458Z"
159190116,"SHB","1702970977","b","5000","10750","13762900","2023-12-19T07:29:50.467Z","2023-12-19T07:29:50.467Z"
159189500,"SHB","1702970969","b","8000","10750","13754900","2023-12-19T07:29:42.453Z","2023-12-19T07:29:42.453Z"
159189113,"SHB","1702970965","b","400","10750","13754900","2023-12-19T07:29:38.463Z","2023-12-19T07:29:38.463Z"
159188310,"SHB","1702970957","b","900","10750","13754500","2023-12-19T07:29:30.462Z","2023-12-19T07:29:30.462Z"
159188305,"SHB","1702970957","s","500","10700","13754500","2023-12-19T07:29:30.462Z","2023-12-19T07:29:30.462Z"
159187571,"SHB","1702970946","s","1000","10700","13753100","2023-12-19T07:29:19.453Z","2023-12-19T07:29:19.453Z"
159187370,"SHB","1702970943","b","400","10750","13752100","2023-12-19T07:29:15.451Z","2023-12-19T07:29:15.451Z"
159187369,"SHB","1702970943","b","200","10750","13752100","2023-12-19T07:29:15.451Z","2023-12-19T07:29:15.451Z"
159187368,"SHB","1702970943","b","100","10750","13752100","2023-12-19T07:29:15.451Z","2023-12-19T07:29:15.451Z"
159187367,"SHB","1702970943","b","1000","10750","13752100","2023-12-19T07:29:15.451Z","2023-12-19T07:29:15.451Z"
159187366,"SHB","1702970943","b","100","10750","13752100","2023-12-19T07:29:15.451Z","2023-12-19T07:29:15.451Z"
159187365,"SHB","1702970943","b","200","10750","13752100","2023-12-19T07:29:15.451Z","2023-12-19T07:29:15.451Z"
159186908,"SHB","1702970937","b","100","10750","13750100","2023-12-19T07:29:10.469Z","2023-12-19T07:29:10.469Z"
159186907,"SHB","1702970937","b","2000","10750","13750100","2023-12-19T07:29:10.469Z","2023-12-19T07:29:10.469Z"
159186906,"SHB","1702970937","b","100","10750","13750100","2023-12-19T07:29:10.469Z","2023-12-19T07:29:10.469Z"
159186905,"SHB","1702970937","b","100","10750","13750100","2023-12-19T07:29:10.469Z","2023-12-19T07:29:10.469Z"
159186904,"SHB","1702970937","b","100","10750","13750100","2023-12-19T07:29:10.469Z","2023-12-19T07:29:10.469Z"
159186903,"SHB","1702970937","b","100","10750","13750100","2023-12-19T07:29:10.469Z","2023-12-19T07:29:10.469Z"
159186902,"SHB","1702970937","b","100","10750","13750100","2023-12-19T07:29:10.469Z","2023-12-19T07:29:10.469Z"
159186901,"SHB","1702970937","b","9000","10750","13750100","2023-12-19T07:29:10.469Z","2023-12-19T07:29:10.469Z"
159186900,"SHB","1702970937","b","500","10750","13750100","2023-12-19T07:29:10.469Z","2023-12-19T07:29:10.469Z"
159186899,"SHB","1702970937","b","200","10750","13750100","2023-12-19T07:29:10.469Z","2023-12-19T07:29:10.469Z"
159186898,"SHB","1702970937","b","1200","10750","13750100","2023-12-19T07:29:10.469Z","2023-12-19T07:29:10.469Z"
159186897,"SHB","1702970937","b","1500","10750","13750100","2023-12-19T07:29:10.469Z","2023-12-19T07:29:10.469Z"
159186896,"SHB","1702970937","b","200","10750","13750100","2023-12-19T07:29:10.469Z","2023-12-19T07:29:10.469Z"
159186895,"SHB","1702970937","b","800","10750","13750100","2023-12-19T07:29:10.469Z","2023-12-19T07:29:10.469Z"
159186256,"SHB","1702970930","b","4200","10750","13729300","2023-12-19T07:29:02.454Z","2023-12-19T07:29:02.454Z"
159186255,"SHB","1702970930","b","200","10750","13729300","2023-12-19T07:29:02.454Z","2023-12-19T07:29:02.454Z"
159186254,"SHB","1702970930","b","400","10750","13729300","2023-12-19T07:29:02.454Z","2023-12-19T07:29:02.454Z"
159186119,"SHB","1702970928","b","200","10750","13729300","2023-12-19T07:29:00.467Z","2023-12-19T07:29:00.467Z"
159185741,"SHB","1702970922","s","2000","10700","13727100","2023-12-19T07:28:55.453Z","2023-12-19T07:28:55.453Z"
159185646,"SHB","1702970921","b","4800","10750","13727100","2023-12-19T07:28:54.467Z","2023-12-19T07:28:54.467Z"
159184080,"SHB","1702970904","b","4600","10750","13722300","2023-12-19T07:28:37.462Z","2023-12-19T07:28:37.462Z"
159184079,"SHB","1702970904","b","100","10750","13722300","2023-12-19T07:28:37.462Z","2023-12-19T07:28:37.462Z"
159184078,"SHB","1702970904","b","100","10750","13722300","2023-12-19T07:28:37.462Z","2023-12-19T07:28:37.462Z"
159183621,"SHB","1702970897","b","3900","10750","13717500","2023-12-19T07:28:30.453Z","2023-12-19T07:28:30.453Z"
159183620,"SHB","1702970897","b","200","10750","13717500","2023-12-19T07:28:30.453Z","2023-12-19T07:28:30.453Z"
159183619,"SHB","1702970897","b","700","10750","13717500","2023-12-19T07:28:30.453Z","2023-12-19T07:28:30.453Z"
159182993,"SHB","1702970889","s","1000","10700","13711700","2023-12-19T07:28:22.454Z","2023-12-19T07:28:22.454Z"
159182620,"SHB","1702970884","b","4800","10750","13711700","2023-12-19T07:28:17.453Z","2023-12-19T07:28:17.453Z"
159182313,"SHB","1702970879","b","4500","10750","13702100","2023-12-19T07:28:12.456Z","2023-12-19T07:28:12.456Z"
159182312,"SHB","1702970879","b","300","10750","13702100","2023-12-19T07:28:12.456Z","2023-12-19T07:28:12.456Z"
159182248,"SHB","1702970879","s","30000","10700","13672100","2023-12-19T07:28:11.459Z","2023-12-19T07:28:11.459Z"
159181511,"SHB","1702970871","s","50000","10700","13622100","2023-12-19T07:28:05.465Z","2023-12-19T07:28:05.465Z"
159181096,"SHB","1702970865","b","2700","10750","13617600","2023-12-19T07:27:59.457Z","2023-12-19T07:27:59.457Z"
159181095,"SHB","1702970865","b","700","10750","13617600","2023-12-19T07:27:59.457Z","2023-12-19T07:27:59.457Z"
159181094,"SHB","1702970865","b","100","10750","13617600","2023-12-19T07:27:59.457Z","2023-12-19T07:27:59.457Z"
159181093,"SHB","1702970865","b","1000","10750","13617600","2023-12-19T07:27:59.457Z","2023-12-19T07:27:59.457Z"
159181021,"SHB","1702970865","s","8900","10700","13617600","2023-12-19T07:27:58.459Z","2023-12-19T07:27:58.459Z"
159180952,"SHB","1702970864","b","300","10700","13608700","2023-12-19T07:27:57.453Z","2023-12-19T07:27:57.453Z"
159180951,"SHB","1702970864","b","200","10700","13608700","2023-12-19T07:27:57.453Z","2023-12-19T07:27:57.453Z"
159180950,"SHB","1702970864","b","800","10700","13608700","2023-12-19T07:27:57.453Z","2023-12-19T07:27:57.453Z"
159180949,"SHB","1702970864","b","2000","10700","13608700","2023-12-19T07:27:57.453Z","2023-12-19T07:27:57.453Z"
159180948,"SHB","1702970864","b","100","10700","13608700","2023-12-19T07:27:57.453Z","2023-12-19T07:27:57.453Z"
159180947,"SHB","1702970864","b","300","10700","13608700","2023-12-19T07:27:57.453Z","2023-12-19T07:27:57.453Z"
159180946,"SHB","1702970864","b","1000","10700","13608700","2023-12-19T07:27:57.453Z","2023-12-19T07:27:57.453Z"
159180945,"SHB","1702970864","b","500","10700","13608700","2023-12-19T07:27:57.453Z","2023-12-19T07:27:57.453Z"
159180944,"SHB","1702970864","b","1900","10700","13608700","2023-12-19T07:27:57.453Z","2023-12-19T07:27:57.453Z"
159180943,"SHB","1702970864","b","300","10700","13608700","2023-12-19T07:27:57.453Z","2023-12-19T07:27:57.453Z"
159180942,"SHB","1702970864","b","5500","10700","13608700","2023-12-19T07:27:57.453Z","2023-12-19T07:27:57.453Z"
159180941,"SHB","1702970864","b","1000","10700","13608700","2023-12-19T07:27:57.453Z","2023-12-19T07:27:57.453Z"
159180940,"SHB","1702970864","b","8600","10700","13608700","2023-12-19T07:27:57.453Z","2023-12-19T07:27:57.453Z"
159180932,"SHB","1702970864","b","5500","10700","13586200","2023-12-19T07:27:57.453Z","2023-12-19T07:27:57.453Z"
159180913,"SHB","1702970863","b","6000","10700","13574700","2023-12-19T07:27:56.461Z","2023-12-19T07:27:56.461Z"
159180841,"SHB","1702970863","b","14900","10700","13574700","2023-12-19T07:27:56.461Z","2023-12-19T07:27:56.461Z"
159180840,"SHB","1702970863","b","10700","10700","13574700","2023-12-19T07:27:56.461Z","2023-12-19T07:27:56.461Z"
159180789,"SHB","1702970862","b","1000","10700","13548100","2023-12-19T07:27:54.458Z","2023-12-19T07:27:54.458Z"
159180720,"SHB","1702970861","b","100","10700","13548000","2023-12-19T07:27:53.503Z","2023-12-19T07:27:53.503Z"
159180704,"SHB","1702970861","b","30000","10700","13548000","2023-12-19T07:27:53.503Z","2023-12-19T07:27:53.503Z"
159180702,"SHB","1702970861","b","1000","10700","13548000","2023-12-19T07:27:53.503Z","2023-12-19T07:27:53.503Z"
159180658,"SHB","1702970860","b","100","10700","13548000","2023-12-19T07:27:53.503Z","2023-12-19T07:27:53.503Z"
159180633,"SHB","1702970860","b","10000","10700","13516900","2023-12-19T07:27:52.471Z","2023-12-19T07:27:52.471Z"
159180348,"SHB","1702970858","b","20000","10700","13486900","2023-12-19T07:27:50.471Z","2023-12-19T07:27:50.471Z"
159180197,"SHB","1702970856","b","27100","10700","13486900","2023-12-19T07:27:49.452Z","2023-12-19T07:27:49.452Z"
159180196,"SHB","1702970856","b","5000","10700","13486900","2023-12-19T07:27:49.452Z","2023-12-19T07:27:49.452Z"
159180195,"SHB","1702970856","b","1000","10700","13486900","2023-12-19T07:27:49.452Z","2023-12-19T07:27:49.452Z"
159180194,"SHB","1702970856","b","20000","10700","13486900","2023-12-19T07:27:49.452Z","2023-12-19T07:27:49.452Z"
159180193,"SHB","1702970856","b","1000","10700","13486900","2023-12-19T07:27:49.452Z","2023-12-19T07:27:49.452Z"
159180192,"SHB","1702970856","b","2000","10700","13486900","2023-12-19T07:27:49.452Z","2023-12-19T07:27:49.452Z"
159180191,"SHB","1702970856","b","1000","10700","13486900","2023-12-19T07:27:49.452Z","2023-12-19T07:27:49.452Z"
159180190,"SHB","1702970856","b","1000","10700","13486900","2023-12-19T07:27:49.452Z","2023-12-19T07:27:49.452Z"
159180189,"SHB","1702970856","b","500","10700","13486900","2023-12-19T07:27:49.452Z","2023-12-19T07:27:49.452Z"
159180188,"SHB","1702970856","b","100","10700","13486900","2023-12-19T07:27:49.452Z","2023-12-19T07:27:49.452Z"
159180187,"SHB","1702970856","b","1500","10700","13486900","2023-12-19T07:27:49.452Z","2023-12-19T07:27:49.452Z"
159180186,"SHB","1702970856","b","100","10700","13486900","2023-12-19T07:27:49.452Z","2023-12-19T07:27:49.452Z"
159180185,"SHB","1702970856","b","100","10700","13486900","2023-12-19T07:27:49.452Z","2023-12-19T07:27:49.452Z"
159180184,"SHB","1702970856","b","200","10700","13486900","2023-12-19T07:27:49.452Z","2023-12-19T07:27:49.452Z"
159180183,"SHB","1702970856","b","2700","10700","13486900","2023-12-19T07:27:49.452Z","2023-12-19T07:27:49.452Z"
159180182,"SHB","1702970856","b","100","10700","13486900","2023-12-19T07:27:49.452Z","2023-12-19T07:27:49.452Z"
159180181,"SHB","1702970856","b","1000","10700","13486900","2023-12-19T07:27:49.452Z","2023-12-19T07:27:49.452Z"
159180180,"SHB","1702970856","b","4000","10700","13486900","2023-12-19T07:27:49.452Z","2023-12-19T07:27:49.452Z"
159180179,"SHB","1702970856","b","1000","10700","13486900","2023-12-19T07:27:49.452Z","2023-12-19T07:27:49.452Z"
159180178,"SHB","1702970856","b","300","10700","13486900","2023-12-19T07:27:49.452Z","2023-12-19T07:27:49.452Z"
159180177,"SHB","1702970856","b","2700","10700","13486900","2023-12-19T07:27:49.452Z","2023-12-19T07:27:49.452Z"
159180176,"SHB","1702970856","b","20000","10700","13486900","2023-12-19T07:27:49.452Z","2023-12-19T07:27:49.452Z"
159180175,"SHB","1702970856","b","1100","10700","13486900","2023-12-19T07:27:49.452Z","2023-12-19T07:27:49.452Z"
