"id","symbol","truncTime","matchType","matchVol","matchPrice","accumulatedVolume","createdAt","updatedAt"
159191894,"VC2","1702971908","s","2300","10300","196400","2023-12-19T07:45:10.469Z","2023-12-19T07:45:10.469Z"
159186359,"VC2","1702970943","b","19700","10300","194100","2023-12-19T07:29:04.456Z","2023-12-19T07:29:04.456Z"
159183469,"VC2","1702970907","b","100","10200","174400","2023-12-19T07:28:28.465Z","2023-12-19T07:28:28.465Z"
159168449,"VC2","1702970692","b","1000","10200","174300","2023-12-19T07:24:54.459Z","2023-12-19T07:24:54.459Z"
159166400,"VC2","1702970653","s","500","10200","173300","2023-12-19T07:24:14.458Z","2023-12-19T07:24:14.458Z"
159164785,"VC2","1702970619","s","2000","10200","172800","2023-12-19T07:23:40.451Z","2023-12-19T07:23:40.451Z"
159161904,"VC2","1702970546","s","3000","10200","170800","2023-12-19T07:22:28.448Z","2023-12-19T07:22:28.448Z"
159146754,"VC2","1702970255","s","500","10100","167800","2023-12-19T07:17:37.457Z","2023-12-19T07:17:37.457Z"
159115886,"VC2","1702969591","unknown","300","10200","167300","2023-12-19T07:06:32.436Z","2023-12-19T07:06:32.436Z"
159110677,"VC2","1702969365","s","200","10200","167000","2023-12-19T07:02:46.431Z","2023-12-19T07:02:46.431Z"
159109216,"VC2","1702969311","s","2000","10200","166800","2023-12-19T07:01:52.431Z","2023-12-19T07:01:52.431Z"
159098774,"VC2","1702968921","s","1100","10200","164800","2023-12-19T06:55:23.424Z","2023-12-19T06:55:23.424Z"
159096706,"VC2","1702968841","b","100","10200","163700","2023-12-19T06:54:02.420Z","2023-12-19T06:54:02.420Z"
159092044,"VC2","1702968661","b","1500","10200","163600","2023-12-19T06:51:03.419Z","2023-12-19T06:51:03.419Z"
159089071,"VC2","1702968575","b","200","10200","162100","2023-12-19T06:49:36.419Z","2023-12-19T06:49:36.419Z"
159086073,"VC2","1702968461","b","2000","10200","161900","2023-12-19T06:47:43.421Z","2023-12-19T06:47:43.421Z"
159085105,"VC2","1702968421","b","2000","10200","159900","2023-12-19T06:47:03.431Z","2023-12-19T06:47:03.431Z"
159074937,"VC2","1702968002","s","1000","10100","157900","2023-12-19T06:40:03.413Z","2023-12-19T06:40:03.413Z"
159071076,"VC2","1702967793","s","100","10100","156900","2023-12-19T06:36:34.416Z","2023-12-19T06:36:34.416Z"
159060207,"VC2","1702967249","s","300","10100","156800","2023-12-19T06:27:31.403Z","2023-12-19T06:27:31.403Z"
159048647,"VC2","1702966649","s","2000","10100","156500","2023-12-19T06:17:31.404Z","2023-12-19T06:17:31.404Z"
159021768,"VC2","1702960004","s","2300","10100","154500","2023-12-19T04:26:45.309Z","2023-12-19T04:26:45.309Z"
158996293,"VC2","1702958171","unknown","1600","10100","152200","2023-12-19T03:56:13.259Z","2023-12-19T03:56:13.259Z"
158992730,"VC2","1702957987","s","5000","10100","150600","2023-12-19T03:53:08.257Z","2023-12-19T03:53:08.257Z"
158991757,"VC2","1702957947","s","300","10100","145600","2023-12-19T03:52:29.254Z","2023-12-19T03:52:29.254Z"
158982662,"VC2","1702957468","s","5000","10100","145300","2023-12-19T03:44:29.252Z","2023-12-19T03:44:29.252Z"
158980892,"VC2","1702957371","s","10000","10100","140300","2023-12-19T03:42:52.252Z","2023-12-19T03:42:52.252Z"
158975433,"VC2","1702957071","s","100","10200","130300","2023-12-19T03:37:52.250Z","2023-12-19T03:37:52.250Z"
158948444,"VC2","1702955700","b","1000","10300","130200","2023-12-19T03:15:01.234Z","2023-12-19T03:15:01.234Z"
158947867,"VC2","1702955678","b","1000","10300","129200","2023-12-19T03:14:39.236Z","2023-12-19T03:14:39.236Z"
158946660,"VC2","1702955632","b","600","10300","128200","2023-12-19T03:13:53.233Z","2023-12-19T03:13:53.233Z"
158944266,"VC2","1702955543","b","400","10300","127600","2023-12-19T03:12:24.231Z","2023-12-19T03:12:24.231Z"
158933185,"VC2","1702955140","s","400","10200","127200","2023-12-19T03:05:42.227Z","2023-12-19T03:05:42.227Z"
158927895,"VC2","1702954961","s","100","10300","126800","2023-12-19T03:02:42.225Z","2023-12-19T03:02:42.225Z"
158925297,"VC2","1702954869","s","200","10300","126700","2023-12-19T03:01:10.221Z","2023-12-19T03:01:10.221Z"
158924624,"VC2","1702954843","s","1000","10300","126500","2023-12-19T03:00:45.219Z","2023-12-19T03:00:45.219Z"
158920490,"VC2","1702954694","b","2400","10400","125500","2023-12-19T02:58:15.215Z","2023-12-19T02:58:15.215Z"
158918338,"VC2","1702954602","b","5000","10400","123100","2023-12-19T02:56:43.212Z","2023-12-19T02:56:43.212Z"
158918323,"VC2","1702954601","s","10000","10300","118100","2023-12-19T02:56:42.219Z","2023-12-19T02:56:42.219Z"
158906558,"VC2","1702954082","b","2000","10400","108100","2023-12-19T02:48:03.203Z","2023-12-19T02:48:03.203Z"
158899723,"VC2","1702953761","b","9000","10300","106100","2023-12-19T02:42:43.200Z","2023-12-19T02:42:43.200Z"
158899559,"VC2","1702953752","s","1000","10300","97100","2023-12-19T02:42:34.203Z","2023-12-19T02:42:34.203Z"
158897521,"VC2","1702953653","b","10000","10300","96100","2023-12-19T02:40:54.203Z","2023-12-19T02:40:54.203Z"
158896465,"VC2","1702953611","s","10000","10200","86100","2023-12-19T02:40:12.202Z","2023-12-19T02:40:12.202Z"
158895656,"VC2","1702953569","unknown","7100","10300","76100","2023-12-19T02:39:31.208Z","2023-12-19T02:39:31.208Z"
158895263,"VC2","1702953557","b","100","10300","69000","2023-12-19T02:39:19.199Z","2023-12-19T02:39:19.199Z"
158892691,"VC2","1702953448","b","100","10300","68900","2023-12-19T02:37:30.198Z","2023-12-19T02:37:30.198Z"
158887560,"VC2","1702953207","b","100","10300","68800","2023-12-19T02:33:29.193Z","2023-12-19T02:33:29.193Z"
158886759,"VC2","1702953160","b","5300","10300","68700","2023-12-19T02:32:41.193Z","2023-12-19T02:32:41.193Z"
158883381,"VC2","1702953001","s","5200","10300","63400","2023-12-19T02:30:02.191Z","2023-12-19T02:30:02.191Z"
158881968,"VC2","1702952946","s","500","10400","58200","2023-12-19T02:29:08.190Z","2023-12-19T02:29:08.190Z"
158880029,"VC2","1702952883","b","200","10400","57700","2023-12-19T02:28:04.191Z","2023-12-19T02:28:04.191Z"
158879641,"VC2","1702952869","b","400","10400","57500","2023-12-19T02:27:50.191Z","2023-12-19T02:27:50.191Z"
158878667,"VC2","1702952831","b","3000","10400","57100","2023-12-19T02:27:12.194Z","2023-12-19T02:27:12.194Z"
158877803,"VC2","1702952798","unknown","8600","10400","54100","2023-12-19T02:26:39.189Z","2023-12-19T02:26:39.189Z"
158875777,"VC2","1702952717","b","100","10400","45500","2023-12-19T02:25:18.187Z","2023-12-19T02:25:18.187Z"
158875484,"VC2","1702952703","b","400","10400","45400","2023-12-19T02:25:04.192Z","2023-12-19T02:25:04.192Z"
158875075,"VC2","1702952683","b","600","10400","45000","2023-12-19T02:24:44.189Z","2023-12-19T02:24:44.189Z"
158874482,"VC2","1702952662","b","3500","10400","44400","2023-12-19T02:24:24.189Z","2023-12-19T02:24:24.189Z"
158873977,"VC2","1702952639","b","2000","10400","40900","2023-12-19T02:24:01.196Z","2023-12-19T02:24:01.196Z"
158873757,"VC2","1702952629","b","3600","10400","38900","2023-12-19T02:23:51.190Z","2023-12-19T02:23:51.190Z"
158872016,"VC2","1702952547","s","100","10400","35300","2023-12-19T02:22:29.191Z","2023-12-19T02:22:29.191Z"
158871915,"VC2","1702952541","s","1300","10400","35200","2023-12-19T02:22:23.185Z","2023-12-19T02:22:23.185Z"
158869564,"VC2","1702952429","b","1000","10400","33900","2023-12-19T02:20:31.185Z","2023-12-19T02:20:31.185Z"
158869036,"VC2","1702952402","b","1000","10400","32900","2023-12-19T02:20:04.190Z","2023-12-19T02:20:04.190Z"
158868971,"VC2","1702952399","b","100","10400","31900","2023-12-19T02:20:01.186Z","2023-12-19T02:20:01.186Z"
158868334,"VC2","1702952371","b","1000","10400","31800","2023-12-19T02:19:34.187Z","2023-12-19T02:19:34.187Z"
158868204,"VC2","1702952364","b","5400","10400","30800","2023-12-19T02:19:26.184Z","2023-12-19T02:19:26.184Z"
158868047,"VC2","1702952357","s","2000","10300","25400","2023-12-19T02:19:19.189Z","2023-12-19T02:19:19.189Z"
158866978,"VC2","1702952307","b","2800","10300","23400","2023-12-19T02:18:28.186Z","2023-12-19T02:18:28.186Z"
158866627,"VC2","1702952291","b","8000","10300","20600","2023-12-19T02:18:12.194Z","2023-12-19T02:18:12.194Z"
158865905,"VC2","1702952260","s","800","10200","12600","2023-12-19T02:17:42.189Z","2023-12-19T02:17:42.189Z"
158865239,"VC2","1702952233","b","2800","10200","11800","2023-12-19T02:17:15.182Z","2023-12-19T02:17:15.182Z"
158864998,"VC2","1702952220","b","500","10200","9000","2023-12-19T02:17:02.188Z","2023-12-19T02:17:02.188Z"
158864731,"VC2","1702952203","b","500","10200","8500","2023-12-19T02:16:45.182Z","2023-12-19T02:16:45.182Z"
158864629,"VC2","1702952197","b","500","10200","8000","2023-12-19T02:16:39.191Z","2023-12-19T02:16:39.191Z"
158864093,"VC2","1702952170","s","1200","10200","7500","2023-12-19T02:16:12.184Z","2023-12-19T02:16:12.184Z"
158863085,"VC2","1702952105","b","300","10200","6300","2023-12-19T02:15:07.184Z","2023-12-19T02:15:07.184Z"
158862625,"VC2","1702952042","s","700","10200","6000","2023-12-19T02:14:04.179Z","2023-12-19T02:14:04.179Z"
158862494,"VC2","1702951969","b","3300","10200","5300","2023-12-19T02:12:50.179Z","2023-12-19T02:12:50.179Z"
158862474,"VC2","1702951960","b","1000","10200","2000","2023-12-19T02:12:41.181Z","2023-12-19T02:12:41.181Z"
158862347,"VC2","1702951903","b","1000","10200","1000","2023-12-19T02:11:44.178Z","2023-12-19T02:11:44.178Z"
