"id","symbol","truncTime","matchType","matchVol","matchPrice","accumulatedVolume","createdAt","updatedAt"
160382865,"ANV","1703490289","unknown","51800","31000","993600","2023-12-25T07:45:01.452Z","2023-12-25T07:45:01.452Z"
160382106,"ANV","1703489383","b","800","30900","941000","2023-12-25T07:29:56.453Z","2023-12-25T07:29:56.453Z"
160381919,"ANV","1703489378","b","100","30900","941000","2023-12-25T07:29:51.454Z","2023-12-25T07:29:51.454Z"
160381441,"ANV","1703489367","s","1900","30900","939000","2023-12-25T07:29:40.469Z","2023-12-25T07:29:40.469Z"
160380667,"ANV","1703489357","s","100","30900","939000","2023-12-25T07:29:31.467Z","2023-12-25T07:29:31.467Z"
160380666,"ANV","1703489357","s","400","30900","939000","2023-12-25T07:29:31.467Z","2023-12-25T07:29:31.467Z"
160379814,"ANV","1703489344","s","200","30900","938300","2023-12-25T07:29:17.451Z","2023-12-25T07:29:17.451Z"
160379719,"ANV","1703489342","s","1400","30900","932800","2023-12-25T07:29:15.467Z","2023-12-25T07:29:15.467Z"
160379718,"ANV","1703489342","s","1000","30900","932800","2023-12-25T07:29:15.467Z","2023-12-25T07:29:15.467Z"
160379717,"ANV","1703489342","s","2000","30900","932800","2023-12-25T07:29:15.467Z","2023-12-25T07:29:15.467Z"
160379716,"ANV","1703489342","s","500","30900","932800","2023-12-25T07:29:15.467Z","2023-12-25T07:29:15.467Z"
160379715,"ANV","1703489342","s","100","30900","932800","2023-12-25T07:29:15.467Z","2023-12-25T07:29:15.467Z"
160379714,"ANV","1703489342","s","500","30900","932800","2023-12-25T07:29:15.467Z","2023-12-25T07:29:15.467Z"
160378911,"ANV","1703489333","s","1000","30900","932800","2023-12-25T07:29:06.477Z","2023-12-25T07:29:06.477Z"
160378800,"ANV","1703489332","s","1700","30900","931800","2023-12-25T07:29:05.462Z","2023-12-25T07:29:05.462Z"
160378259,"ANV","1703489321","s","100","30900","930100","2023-12-25T07:28:54.456Z","2023-12-25T07:28:54.456Z"
160377403,"ANV","1703489302","s","200","30900","930000","2023-12-25T07:28:35.467Z","2023-12-25T07:28:35.467Z"
160377402,"ANV","1703489302","s","100","30900","930000","2023-12-25T07:28:35.467Z","2023-12-25T07:28:35.467Z"
160377401,"ANV","1703489302","s","200","30900","930000","2023-12-25T07:28:35.467Z","2023-12-25T07:28:35.467Z"
160374949,"ANV","1703489252","s","1000","30900","928500","2023-12-25T07:27:45.458Z","2023-12-25T07:27:45.458Z"
160374734,"ANV","1703489249","s","100","30900","928400","2023-12-25T07:27:41.451Z","2023-12-25T07:27:41.451Z"
160374381,"ANV","1703489241","s","500","30900","928400","2023-12-25T07:27:34.457Z","2023-12-25T07:27:34.457Z"
160372677,"ANV","1703489208","s","200","30900","927900","2023-12-25T07:27:02.457Z","2023-12-25T07:27:02.457Z"
160372676,"ANV","1703489208","s","100","30900","927900","2023-12-25T07:27:02.457Z","2023-12-25T07:27:02.457Z"
160372675,"ANV","1703489208","s","1600","30900","927900","2023-12-25T07:27:02.457Z","2023-12-25T07:27:02.457Z"
160372674,"ANV","1703489208","s","100","30900","927900","2023-12-25T07:27:02.457Z","2023-12-25T07:27:02.457Z"
160372673,"ANV","1703489208","s","1000","30900","927900","2023-12-25T07:27:02.457Z","2023-12-25T07:27:02.457Z"
160372672,"ANV","1703489208","s","1800","30900","927900","2023-12-25T07:27:02.457Z","2023-12-25T07:27:02.457Z"
160372671,"ANV","1703489208","s","1700","30900","927900","2023-12-25T07:27:02.457Z","2023-12-25T07:27:02.457Z"
160371427,"ANV","1703489185","s","500","30900","921400","2023-12-25T07:26:38.462Z","2023-12-25T07:26:38.462Z"
160369625,"ANV","1703489149","s","400","30950","920500","2023-12-25T07:26:03.450Z","2023-12-25T07:26:03.450Z"
160369011,"ANV","1703489133","b","500","30950","920500","2023-12-25T07:25:47.451Z","2023-12-25T07:25:47.451Z"
160368675,"ANV","1703489125","b","900","30950","920000","2023-12-25T07:25:39.444Z","2023-12-25T07:25:39.444Z"
160368480,"ANV","1703489121","s","1500","30950","919100","2023-12-25T07:25:34.447Z","2023-12-25T07:25:34.447Z"
160368479,"ANV","1703489121","s","100","30950","919100","2023-12-25T07:25:34.447Z","2023-12-25T07:25:34.447Z"
160367654,"ANV","1703489102","s","100","30950","917500","2023-12-25T07:25:15.475Z","2023-12-25T07:25:15.475Z"
160367653,"ANV","1703489102","s","1900","30950","917500","2023-12-25T07:25:15.475Z","2023-12-25T07:25:15.475Z"
160367520,"ANV","1703489099","s","3100","30950","895500","2023-12-25T07:25:12.451Z","2023-12-25T07:25:12.451Z"
160367519,"ANV","1703489099","s","200","30950","895500","2023-12-25T07:25:12.451Z","2023-12-25T07:25:12.451Z"
160367518,"ANV","1703489099","s","5000","30950","895500","2023-12-25T07:25:12.451Z","2023-12-25T07:25:12.451Z"
160367517,"ANV","1703489099","s","5600","30950","895500","2023-12-25T07:25:12.451Z","2023-12-25T07:25:12.451Z"
160367516,"ANV","1703489099","s","200","30950","895500","2023-12-25T07:25:12.451Z","2023-12-25T07:25:12.451Z"
160367515,"ANV","1703489099","s","1000","30950","895500","2023-12-25T07:25:12.451Z","2023-12-25T07:25:12.451Z"
160367514,"ANV","1703489099","s","100","30950","895500","2023-12-25T07:25:12.451Z","2023-12-25T07:25:12.451Z"
160367513,"ANV","1703489099","s","600","30950","895500","2023-12-25T07:25:12.451Z","2023-12-25T07:25:12.451Z"
160367512,"ANV","1703489099","s","100","30950","895500","2023-12-25T07:25:12.451Z","2023-12-25T07:25:12.451Z"
160367511,"ANV","1703489099","s","500","30950","895500","2023-12-25T07:25:12.451Z","2023-12-25T07:25:12.451Z"
160367510,"ANV","1703489099","s","300","30950","895500","2023-12-25T07:25:12.451Z","2023-12-25T07:25:12.451Z"
160367509,"ANV","1703489099","s","500","30950","895500","2023-12-25T07:25:12.451Z","2023-12-25T07:25:12.451Z"
160367508,"ANV","1703489099","s","2800","30950","895500","2023-12-25T07:25:12.451Z","2023-12-25T07:25:12.451Z"
160366362,"ANV","1703489077","s","2000","30950","895500","2023-12-25T07:24:50.454Z","2023-12-25T07:24:50.454Z"
160366080,"ANV","1703489072","s","3900","30950","893500","2023-12-25T07:24:45.451Z","2023-12-25T07:24:45.451Z"
160366073,"ANV","1703489072","s","3700","30950","889600","2023-12-25T07:24:45.451Z","2023-12-25T07:24:45.451Z"
160365461,"ANV","1703489058","s","6400","30950","885900","2023-12-25T07:24:32.443Z","2023-12-25T07:24:32.443Z"
160365460,"ANV","1703489058","s","3600","30950","885900","2023-12-25T07:24:32.443Z","2023-12-25T07:24:32.443Z"
160364388,"ANV","1703489025","s","300","30950","875600","2023-12-25T07:23:57.451Z","2023-12-25T07:23:57.451Z"
160363796,"ANV","1703489012","s","500","30950","875600","2023-12-25T07:23:45.447Z","2023-12-25T07:23:45.447Z"
160362937,"ANV","1703488988","s","300","30950","875100","2023-12-25T07:23:21.453Z","2023-12-25T07:23:21.453Z"
160362936,"ANV","1703488988","s","200","30950","875100","2023-12-25T07:23:21.453Z","2023-12-25T07:23:21.453Z"
160362819,"ANV","1703488984","s","100","30950","874600","2023-12-25T07:23:18.445Z","2023-12-25T07:23:18.445Z"
160362809,"ANV","1703488984","b","2000","31000","874500","2023-12-25T07:23:17.453Z","2023-12-25T07:23:17.453Z"
160362514,"ANV","1703488974","b","100","31000","872500","2023-12-25T07:23:08.445Z","2023-12-25T07:23:08.445Z"
160361997,"ANV","1703488963","b","100","31000","872400","2023-12-25T07:22:57.449Z","2023-12-25T07:22:57.449Z"
160361771,"ANV","1703488957","b","500","31000","872300","2023-12-25T07:22:51.450Z","2023-12-25T07:22:51.450Z"
160358299,"ANV","1703488871","b","100","31000","871800","2023-12-25T07:21:25.440Z","2023-12-25T07:21:25.440Z"
160358278,"ANV","1703488871","s","600","31000","871700","2023-12-25T07:21:24.443Z","2023-12-25T07:21:24.443Z"
160357391,"ANV","1703488848","s","1000","31000","871100","2023-12-25T07:21:00.443Z","2023-12-25T07:21:00.443Z"
160357030,"ANV","1703488838","s","400","31000","870100","2023-12-25T07:20:51.444Z","2023-12-25T07:20:51.444Z"
160357029,"ANV","1703488838","s","600","31000","870100","2023-12-25T07:20:51.444Z","2023-12-25T07:20:51.444Z"
160356966,"ANV","1703488836","s","1000","31000","868100","2023-12-25T07:20:49.440Z","2023-12-25T07:20:49.440Z"
160356276,"ANV","1703488819","s","100","31000","868000","2023-12-25T07:20:32.445Z","2023-12-25T07:20:32.445Z"
160355939,"ANV","1703488809","s","1000","31000","868000","2023-12-25T07:20:22.447Z","2023-12-25T07:20:22.447Z"
160354340,"ANV","1703488762","b","2300","31000","867000","2023-12-25T07:19:36.439Z","2023-12-25T07:19:36.439Z"
160354337,"ANV","1703488762","b","100","31000","864600","2023-12-25T07:19:36.439Z","2023-12-25T07:19:36.439Z"
160354165,"ANV","1703488757","s","400","31000","864600","2023-12-25T07:19:29.436Z","2023-12-25T07:19:29.436Z"
160354164,"ANV","1703488757","s","2000","31000","864600","2023-12-25T07:19:29.436Z","2023-12-25T07:19:29.436Z"
160354163,"ANV","1703488757","s","200","31000","864600","2023-12-25T07:19:29.436Z","2023-12-25T07:19:29.436Z"
160352291,"ANV","1703488706","b","300","31000","862000","2023-12-25T07:18:39.444Z","2023-12-25T07:18:39.444Z"
160352290,"ANV","1703488706","b","100","31000","862000","2023-12-25T07:18:39.444Z","2023-12-25T07:18:39.444Z"
160352289,"ANV","1703488706","b","1000","31000","862000","2023-12-25T07:18:39.444Z","2023-12-25T07:18:39.444Z"
160352288,"ANV","1703488706","b","600","31000","862000","2023-12-25T07:18:39.444Z","2023-12-25T07:18:39.444Z"
160351314,"ANV","1703488671","b","2000","31000","860000","2023-12-25T07:18:05.461Z","2023-12-25T07:18:05.461Z"
160351223,"ANV","1703488667","b","2000","31000","858000","2023-12-25T07:18:00.443Z","2023-12-25T07:18:00.443Z"
160350726,"ANV","1703488648","b","400","31000","855000","2023-12-25T07:17:41.438Z","2023-12-25T07:17:41.438Z"
160350725,"ANV","1703488648","b","600","31000","855000","2023-12-25T07:17:41.438Z","2023-12-25T07:17:41.438Z"
160347804,"ANV","1703488552","s","200","30950","855000","2023-12-25T07:16:05.449Z","2023-12-25T07:16:05.449Z"
160347773,"ANV","1703488552","s","200","31000","854800","2023-12-25T07:16:05.449Z","2023-12-25T07:16:05.449Z"
160347772,"ANV","1703488552","s","400","31000","854800","2023-12-25T07:16:05.449Z","2023-12-25T07:16:05.449Z"
160347024,"ANV","1703488532","s","100","31000","854200","2023-12-25T07:15:44.454Z","2023-12-25T07:15:44.454Z"
160346490,"ANV","1703488517","b","1000","31000","854100","2023-12-25T07:15:30.439Z","2023-12-25T07:15:30.439Z"
160346489,"ANV","1703488517","b","500","31000","854100","2023-12-25T07:15:30.439Z","2023-12-25T07:15:30.439Z"
160345732,"ANV","1703488503","b","200","31000","852600","2023-12-25T07:15:16.450Z","2023-12-25T07:15:16.450Z"
160342032,"ANV","1703488385","b","400","31000","852400","2023-12-25T07:13:18.441Z","2023-12-25T07:13:18.441Z"
160339610,"ANV","1703488285","s","3600","30950","847000","2023-12-25T07:11:37.435Z","2023-12-25T07:11:37.435Z"
160339609,"ANV","1703488285","s","100","31000","847000","2023-12-25T07:11:37.435Z","2023-12-25T07:11:37.435Z"
160339608,"ANV","1703488285","s","500","31000","847000","2023-12-25T07:11:37.435Z","2023-12-25T07:11:37.435Z"
160339607,"ANV","1703488285","s","800","31000","847000","2023-12-25T07:11:37.435Z","2023-12-25T07:11:37.435Z"
160339307,"ANV","1703488274","b","200","31000","846800","2023-12-25T07:11:27.429Z","2023-12-25T07:11:27.429Z"
160339196,"ANV","1703488270","b","300","31000","846800","2023-12-25T07:11:23.436Z","2023-12-25T07:11:23.436Z"
160338735,"ANV","1703488250","s","500","31000","846500","2023-12-25T07:11:03.430Z","2023-12-25T07:11:03.430Z"
