"id","symbol","truncTime","matchType","matchVol","matchPrice","accumulatedVolume","createdAt","updatedAt"
160382980,"DGC","1703490291","unknown","112000","91800","960900","2023-12-25T07:45:04.475Z","2023-12-25T07:45:04.475Z"
160381714,"DGC","1703489374","s","400","91400","848900","2023-12-25T07:29:47.457Z","2023-12-25T07:29:47.457Z"
160381713,"DGC","1703489374","s","1000","91400","848900","2023-12-25T07:29:47.457Z","2023-12-25T07:29:47.457Z"
160381712,"DGC","1703489374","s","200","91400","848900","2023-12-25T07:29:47.457Z","2023-12-25T07:29:47.457Z"
160381711,"DGC","1703489374","s","500","91400","848900","2023-12-25T07:29:47.457Z","2023-12-25T07:29:47.457Z"
160381710,"DGC","1703489374","s","300","91400","848900","2023-12-25T07:29:47.457Z","2023-12-25T07:29:47.457Z"
160381709,"DGC","1703489374","s","100","91400","848900","2023-12-25T07:29:47.457Z","2023-12-25T07:29:47.457Z"
160381708,"DGC","1703489374","s","100","91400","848900","2023-12-25T07:29:47.457Z","2023-12-25T07:29:47.457Z"
160381707,"DGC","1703489374","s","200","91400","848900","2023-12-25T07:29:47.457Z","2023-12-25T07:29:47.457Z"
160381706,"DGC","1703489374","s","100","91400","848900","2023-12-25T07:29:47.457Z","2023-12-25T07:29:47.457Z"
160381705,"DGC","1703489374","s","100","91500","848900","2023-12-25T07:29:47.457Z","2023-12-25T07:29:47.457Z"
160381704,"DGC","1703489374","s","1000","91500","848900","2023-12-25T07:29:47.457Z","2023-12-25T07:29:47.457Z"
160380918,"DGC","1703489361","s","100","91500","844900","2023-12-25T07:29:34.484Z","2023-12-25T07:29:34.484Z"
160380917,"DGC","1703489361","s","200","91500","844900","2023-12-25T07:29:34.484Z","2023-12-25T07:29:34.484Z"
160380916,"DGC","1703489361","s","200","91500","844900","2023-12-25T07:29:34.484Z","2023-12-25T07:29:34.484Z"
160380915,"DGC","1703489361","s","100","91500","844900","2023-12-25T07:29:34.484Z","2023-12-25T07:29:34.484Z"
160380914,"DGC","1703489361","s","100","91500","844900","2023-12-25T07:29:34.484Z","2023-12-25T07:29:34.484Z"
160380913,"DGC","1703489361","s","500","91500","844900","2023-12-25T07:29:34.484Z","2023-12-25T07:29:34.484Z"
160380912,"DGC","1703489361","s","200","91500","844900","2023-12-25T07:29:34.484Z","2023-12-25T07:29:34.484Z"
160380911,"DGC","1703489361","s","300","91500","844900","2023-12-25T07:29:34.484Z","2023-12-25T07:29:34.484Z"
160380910,"DGC","1703489361","s","200","91500","844900","2023-12-25T07:29:34.484Z","2023-12-25T07:29:34.484Z"
160380909,"DGC","1703489361","s","100","91500","844900","2023-12-25T07:29:34.484Z","2023-12-25T07:29:34.484Z"
160380908,"DGC","1703489361","s","4000","91500","844900","2023-12-25T07:29:34.484Z","2023-12-25T07:29:34.484Z"
160380454,"DGC","1703489355","s","300","91500","838600","2023-12-25T07:29:28.452Z","2023-12-25T07:29:28.452Z"
160379677,"DGC","1703489342","s","700","91500","838600","2023-12-25T07:29:15.467Z","2023-12-25T07:29:15.467Z"
160379676,"DGC","1703489342","s","300","91500","838600","2023-12-25T07:29:15.467Z","2023-12-25T07:29:15.467Z"
160378905,"DGC","1703489333","s","200","91500","837600","2023-12-25T07:29:06.477Z","2023-12-25T07:29:06.477Z"
160378904,"DGC","1703489333","s","100","91500","837600","2023-12-25T07:29:06.477Z","2023-12-25T07:29:06.477Z"
160378903,"DGC","1703489333","s","400","91600","837600","2023-12-25T07:29:06.477Z","2023-12-25T07:29:06.477Z"
160378902,"DGC","1703489333","s","1000","91600","837600","2023-12-25T07:29:06.477Z","2023-12-25T07:29:06.477Z"
160378678,"DGC","1703489330","s","100","91600","835800","2023-12-25T07:29:03.452Z","2023-12-25T07:29:03.452Z"
160378493,"DGC","1703489326","s","100","91600","835800","2023-12-25T07:28:59.456Z","2023-12-25T07:28:59.456Z"
160377988,"DGC","1703489314","b","200","91700","835500","2023-12-25T07:28:47.456Z","2023-12-25T07:28:47.456Z"
160377929,"DGC","1703489313","b","1500","91700","835500","2023-12-25T07:28:46.455Z","2023-12-25T07:28:46.455Z"
160377928,"DGC","1703489313","b","100","91700","835500","2023-12-25T07:28:46.455Z","2023-12-25T07:28:46.455Z"
160377927,"DGC","1703489313","b","300","91700","835500","2023-12-25T07:28:46.455Z","2023-12-25T07:28:46.455Z"
160377926,"DGC","1703489313","b","100","91700","835500","2023-12-25T07:28:46.455Z","2023-12-25T07:28:46.455Z"
160377925,"DGC","1703489313","b","200","91700","835500","2023-12-25T07:28:46.455Z","2023-12-25T07:28:46.455Z"
160376933,"DGC","1703489293","b","100","91700","833300","2023-12-25T07:28:26.452Z","2023-12-25T07:28:26.452Z"
160376932,"DGC","1703489293","b","100","91700","833300","2023-12-25T07:28:26.452Z","2023-12-25T07:28:26.452Z"
160376931,"DGC","1703489293","b","300","91700","833300","2023-12-25T07:28:26.452Z","2023-12-25T07:28:26.452Z"
160375408,"DGC","1703489265","b","1700","91700","832800","2023-12-25T07:27:57.448Z","2023-12-25T07:27:57.448Z"
160375407,"DGC","1703489265","b","400","91700","832800","2023-12-25T07:27:57.448Z","2023-12-25T07:27:57.448Z"
160374934,"DGC","1703489252","s","1100","91500","830700","2023-12-25T07:27:45.458Z","2023-12-25T07:27:45.458Z"
160374933,"DGC","1703489252","s","200","91500","830700","2023-12-25T07:27:45.458Z","2023-12-25T07:27:45.458Z"
160374932,"DGC","1703489252","s","300","91500","830700","2023-12-25T07:27:45.458Z","2023-12-25T07:27:45.458Z"
160374931,"DGC","1703489252","s","100","91500","830700","2023-12-25T07:27:45.458Z","2023-12-25T07:27:45.458Z"
160374930,"DGC","1703489252","s","500","91500","830700","2023-12-25T07:27:45.458Z","2023-12-25T07:27:45.458Z"
160374929,"DGC","1703489252","s","300","91500","830700","2023-12-25T07:27:45.458Z","2023-12-25T07:27:45.458Z"
160374928,"DGC","1703489252","s","100","91500","830700","2023-12-25T07:27:45.458Z","2023-12-25T07:27:45.458Z"
160374927,"DGC","1703489252","s","300","91500","830700","2023-12-25T07:27:45.458Z","2023-12-25T07:27:45.458Z"
160374926,"DGC","1703489252","s","100","91500","830700","2023-12-25T07:27:45.458Z","2023-12-25T07:27:45.458Z"
160374732,"DGC","1703489248","b","100","91600","827700","2023-12-25T07:27:41.451Z","2023-12-25T07:27:41.451Z"
160374041,"DGC","1703489236","b","100","91600","827500","2023-12-25T07:27:29.454Z","2023-12-25T07:27:29.454Z"
160373893,"DGC","1703489231","b","800","91600","826500","2023-12-25T07:27:24.460Z","2023-12-25T07:27:24.460Z"
160373892,"DGC","1703489231","b","100","91600","826500","2023-12-25T07:27:24.460Z","2023-12-25T07:27:24.460Z"
160373891,"DGC","1703489231","b","100","91600","826500","2023-12-25T07:27:24.460Z","2023-12-25T07:27:24.460Z"
160373181,"DGC","1703489219","s","100","91600","826500","2023-12-25T07:27:12.461Z","2023-12-25T07:27:12.461Z"
160372548,"DGC","1703489206","s","100","91600","826300","2023-12-25T07:27:00.467Z","2023-12-25T07:27:00.467Z"
160372231,"DGC","1703489201","s","400","91600","825900","2023-12-25T07:26:53.456Z","2023-12-25T07:26:53.456Z"
160371647,"DGC","1703489190","s","100","91600","825900","2023-12-25T07:26:42.459Z","2023-12-25T07:26:42.459Z"
160370593,"DGC","1703489165","s","400","91500","825800","2023-12-25T07:26:18.462Z","2023-12-25T07:26:18.462Z"
160370059,"DGC","1703489157","s","600","91600","825400","2023-12-25T07:26:10.462Z","2023-12-25T07:26:10.462Z"
160369848,"DGC","1703489153","s","200","91600","824800","2023-12-25T07:26:06.460Z","2023-12-25T07:26:06.460Z"
160369526,"DGC","1703489147","s","1000","91600","824600","2023-12-25T07:26:01.461Z","2023-12-25T07:26:01.461Z"
160369053,"DGC","1703489135","b","200","91700","823600","2023-12-25T07:25:48.444Z","2023-12-25T07:25:48.444Z"
160368797,"DGC","1703489130","s","500","91600","823400","2023-12-25T07:25:43.446Z","2023-12-25T07:25:43.446Z"
160368762,"DGC","1703489128","s","500","91600","822900","2023-12-25T07:25:42.446Z","2023-12-25T07:25:42.446Z"
160368761,"DGC","1703489128","s","500","91600","822900","2023-12-25T07:25:42.446Z","2023-12-25T07:25:42.446Z"
160366806,"DGC","1703489087","s","100","91600","821900","2023-12-25T07:25:00.455Z","2023-12-25T07:25:00.455Z"
160366805,"DGC","1703489087","s","200","91600","821900","2023-12-25T07:25:00.455Z","2023-12-25T07:25:00.455Z"
160366804,"DGC","1703489087","s","3000","91600","821900","2023-12-25T07:25:00.455Z","2023-12-25T07:25:00.455Z"
160366803,"DGC","1703489087","s","200","91600","821900","2023-12-25T07:25:00.455Z","2023-12-25T07:25:00.455Z"
160366802,"DGC","1703489087","s","200","91600","821900","2023-12-25T07:25:00.455Z","2023-12-25T07:25:00.455Z"
160366801,"DGC","1703489087","s","1000","91600","821900","2023-12-25T07:25:00.455Z","2023-12-25T07:25:00.455Z"
160366800,"DGC","1703489087","s","100","91600","821900","2023-12-25T07:25:00.455Z","2023-12-25T07:25:00.455Z"
160366799,"DGC","1703489087","s","500","91600","821900","2023-12-25T07:25:00.455Z","2023-12-25T07:25:00.455Z"
160366798,"DGC","1703489087","s","2000","91600","821900","2023-12-25T07:25:00.455Z","2023-12-25T07:25:00.455Z"
160366797,"DGC","1703489087","s","2700","91600","821900","2023-12-25T07:25:00.455Z","2023-12-25T07:25:00.455Z"
160366492,"DGC","1703489081","s","100","91700","811900","2023-12-25T07:24:54.458Z","2023-12-25T07:24:54.458Z"
160366240,"DGC","1703489075","s","100","91700","811800","2023-12-25T07:24:48.457Z","2023-12-25T07:24:48.457Z"
160365878,"DGC","1703489068","s","100","91700","811700","2023-12-25T07:24:41.447Z","2023-12-25T07:24:41.447Z"
160365681,"DGC","1703489063","b","100","91700","811600","2023-12-25T07:24:37.447Z","2023-12-25T07:24:37.447Z"
160365279,"DGC","1703489053","b","400","91700","811000","2023-12-25T07:24:26.454Z","2023-12-25T07:24:26.454Z"
160365278,"DGC","1703489053","b","100","91700","811000","2023-12-25T07:24:26.454Z","2023-12-25T07:24:26.454Z"
160364116,"DGC","1703489018","s","300","91600","811000","2023-12-25T07:23:51.457Z","2023-12-25T07:23:51.457Z"
160364115,"DGC","1703489018","s","100","91600","811000","2023-12-25T07:23:51.457Z","2023-12-25T07:23:51.457Z"
160364114,"DGC","1703489018","s","600","91600","811000","2023-12-25T07:23:51.457Z","2023-12-25T07:23:51.457Z"
160363512,"DGC","1703489001","s","100","91700","810000","2023-12-25T07:23:34.447Z","2023-12-25T07:23:34.447Z"
160363511,"DGC","1703489001","s","4900","91700","810000","2023-12-25T07:23:34.447Z","2023-12-25T07:23:34.447Z"
160363186,"DGC","1703488994","s","100","91700","805000","2023-12-25T07:23:27.447Z","2023-12-25T07:23:27.447Z"
160361005,"DGC","1703488941","s","100","91700","804900","2023-12-25T07:22:34.448Z","2023-12-25T07:22:34.448Z"
160361004,"DGC","1703488941","s","100","91700","804900","2023-12-25T07:22:34.448Z","2023-12-25T07:22:34.448Z"
160360885,"DGC","1703488936","s","900","91700","803700","2023-12-25T07:22:28.455Z","2023-12-25T07:22:28.455Z"
160360884,"DGC","1703488936","s","100","91700","803700","2023-12-25T07:22:28.455Z","2023-12-25T07:22:28.455Z"
160360434,"DGC","1703488924","b","2800","91700","800900","2023-12-25T07:22:17.446Z","2023-12-25T07:22:17.446Z"
160359912,"DGC","1703488915","s","1000","91600","799900","2023-12-25T07:22:08.446Z","2023-12-25T07:22:08.446Z"
160359837,"DGC","1703488912","b","800","91600","799100","2023-12-25T07:22:05.459Z","2023-12-25T07:22:05.459Z"
160359479,"DGC","1703488904","s","500","91600","799100","2023-12-25T07:21:57.454Z","2023-12-25T07:21:57.454Z"
160359478,"DGC","1703488904","s","200","91600","799100","2023-12-25T07:21:57.454Z","2023-12-25T07:21:57.454Z"
