"id","symbol","truncTime","matchType","matchVol","matchPrice","accumulatedVolume","createdAt","updatedAt"
160382932,"EVG","1703490290","unknown","33600","5500","2825000","2023-12-25T07:45:03.474Z","2023-12-25T07:45:03.474Z"
160382341,"EVG","1703489387","b","1000","5500","2819000","2023-12-25T07:30:00.457Z","2023-12-25T07:30:00.457Z"
160382340,"EVG","1703489387","b","5000","5490","2819000","2023-12-25T07:30:00.457Z","2023-12-25T07:30:00.457Z"
160382110,"EVG","1703489383","b","494000","5490","2319000","2023-12-25T07:29:56.453Z","2023-12-25T07:29:56.453Z"
160382109,"EVG","1703489383","b","5000","5490","2319000","2023-12-25T07:29:56.453Z","2023-12-25T07:29:56.453Z"
160382108,"EVG","1703489383","b","1000","5490","2319000","2023-12-25T07:29:56.453Z","2023-12-25T07:29:56.453Z"
160381907,"EVG","1703489378","b","3500","5490","2315000","2023-12-25T07:29:51.454Z","2023-12-25T07:29:51.454Z"
160381906,"EVG","1703489378","b","200","5490","2315000","2023-12-25T07:29:51.454Z","2023-12-25T07:29:51.454Z"
160381905,"EVG","1703489378","b","300","5490","2315000","2023-12-25T07:29:51.454Z","2023-12-25T07:29:51.454Z"
160380046,"EVG","1703489349","b","200","5490","2293400","2023-12-25T07:29:21.457Z","2023-12-25T07:29:21.457Z"
160380045,"EVG","1703489349","b","21400","5490","2293400","2023-12-25T07:29:21.457Z","2023-12-25T07:29:21.457Z"
160379596,"EVG","1703489340","b","25000","5490","2268400","2023-12-25T07:29:13.453Z","2023-12-25T07:29:13.453Z"
160379293,"EVG","1703489337","s","3600","5490","2264800","2023-12-25T07:29:10.499Z","2023-12-25T07:29:10.499Z"
160378966,"EVG","1703489334","b","100","5490","2264800","2023-12-25T07:29:07.458Z","2023-12-25T07:29:07.458Z"
160378965,"EVG","1703489334","b","26300","5490","2264800","2023-12-25T07:29:07.458Z","2023-12-25T07:29:07.458Z"
160378948,"EVG","1703489334","s","100","5460","2238300","2023-12-25T07:29:07.458Z","2023-12-25T07:29:07.458Z"
160378651,"EVG","1703489329","b","6800","5490","2231500","2023-12-25T07:29:02.456Z","2023-12-25T07:29:02.456Z"
160378496,"EVG","1703489326","b","25000","5490","2231500","2023-12-25T07:28:59.456Z","2023-12-25T07:28:59.456Z"
160378346,"EVG","1703489323","b","141900","5490","2053500","2023-12-25T07:28:56.451Z","2023-12-25T07:28:56.451Z"
160378345,"EVG","1703489323","b","3000","5490","2053500","2023-12-25T07:28:56.451Z","2023-12-25T07:28:56.451Z"
160378344,"EVG","1703489323","b","1000","5490","2053500","2023-12-25T07:28:56.451Z","2023-12-25T07:28:56.451Z"
160378343,"EVG","1703489323","b","2000","5490","2053500","2023-12-25T07:28:56.451Z","2023-12-25T07:28:56.451Z"
160378342,"EVG","1703489323","b","100","5480","2053500","2023-12-25T07:28:56.451Z","2023-12-25T07:28:56.451Z"
160378341,"EVG","1703489323","b","1000","5480","2053500","2023-12-25T07:28:56.451Z","2023-12-25T07:28:56.451Z"
160378340,"EVG","1703489323","b","100","5480","2053500","2023-12-25T07:28:56.451Z","2023-12-25T07:28:56.451Z"
160378339,"EVG","1703489323","b","1100","5480","2053500","2023-12-25T07:28:56.451Z","2023-12-25T07:28:56.451Z"
160378338,"EVG","1703489323","b","2800","5470","2053500","2023-12-25T07:28:56.451Z","2023-12-25T07:28:56.451Z"
160378216,"EVG","1703489320","s","7000","5470","2046300","2023-12-25T07:28:53.454Z","2023-12-25T07:28:53.454Z"
160378215,"EVG","1703489320","s","200","5470","2046300","2023-12-25T07:28:53.454Z","2023-12-25T07:28:53.454Z"
160377921,"EVG","1703489312","s","100","5470","2046200","2023-12-25T07:28:46.455Z","2023-12-25T07:28:46.455Z"
160377890,"EVG","1703489312","s","2000","5470","2044200","2023-12-25T07:28:45.456Z","2023-12-25T07:28:45.456Z"
160377675,"EVG","1703489308","s","100","5470","2044100","2023-12-25T07:28:41.466Z","2023-12-25T07:28:41.466Z"
160377482,"EVG","1703489305","b","1500","5470","2044100","2023-12-25T07:28:38.459Z","2023-12-25T07:28:38.459Z"
160377481,"EVG","1703489305","b","1100","5470","2044100","2023-12-25T07:28:38.459Z","2023-12-25T07:28:38.459Z"
160377457,"EVG","1703489304","b","6800","5470","2034700","2023-12-25T07:28:37.447Z","2023-12-25T07:28:37.447Z"
160377439,"EVG","1703489303","b","100","5470","2034600","2023-12-25T07:28:37.447Z","2023-12-25T07:28:37.447Z"
160377423,"EVG","1703489303","b","100","5470","2034500","2023-12-25T07:28:36.450Z","2023-12-25T07:28:36.450Z"
160377308,"EVG","1703489301","b","2500","5470","2032000","2023-12-25T07:28:34.459Z","2023-12-25T07:28:34.459Z"
160377198,"EVG","1703489299","b","200","5470","2032000","2023-12-25T07:28:32.451Z","2023-12-25T07:28:32.451Z"
160377194,"EVG","1703489299","s","100","5460","2031700","2023-12-25T07:28:32.451Z","2023-12-25T07:28:32.451Z"
160377170,"EVG","1703489298","b","185000","5470","1846700","2023-12-25T07:28:31.454Z","2023-12-25T07:28:31.454Z"
160376418,"EVG","1703489284","b","200","5470","1842500","2023-12-25T07:28:17.456Z","2023-12-25T07:28:17.456Z"
160376417,"EVG","1703489284","s","4000","5470","1842500","2023-12-25T07:28:17.456Z","2023-12-25T07:28:17.456Z"
160376346,"EVG","1703489283","b","1000","5470","1841000","2023-12-25T07:28:16.451Z","2023-12-25T07:28:16.451Z"
160376345,"EVG","1703489283","b","500","5470","1841000","2023-12-25T07:28:16.451Z","2023-12-25T07:28:16.451Z"
160376303,"EVG","1703489282","b","400","5470","1840600","2023-12-25T07:28:15.453Z","2023-12-25T07:28:15.453Z"
160376122,"EVG","1703489278","b","600","5470","1840000","2023-12-25T07:28:10.465Z","2023-12-25T07:28:10.465Z"
160376060,"EVG","1703489276","b","500","5470","1839500","2023-12-25T07:28:09.454Z","2023-12-25T07:28:09.454Z"
160375897,"EVG","1703489271","b","13400","5460","1826100","2023-12-25T07:28:03.465Z","2023-12-25T07:28:03.465Z"
160375658,"EVG","1703489269","b","1000","5460","1825100","2023-12-25T07:28:02.496Z","2023-12-25T07:28:02.496Z"
160375356,"EVG","1703489263","b","16800","5460","1808300","2023-12-25T07:27:55.450Z","2023-12-25T07:27:55.450Z"
160375239,"EVG","1703489259","b","68800","5460","1738300","2023-12-25T07:27:52.460Z","2023-12-25T07:27:52.460Z"
160375238,"EVG","1703489259","b","1000","5460","1738300","2023-12-25T07:27:52.460Z","2023-12-25T07:27:52.460Z"
160375237,"EVG","1703489259","b","100","5460","1738300","2023-12-25T07:27:52.460Z","2023-12-25T07:27:52.460Z"
160375236,"EVG","1703489259","b","100","5460","1738300","2023-12-25T07:27:52.460Z","2023-12-25T07:27:52.460Z"
160374403,"EVG","1703489241","s","500","5450","1737800","2023-12-25T07:27:34.457Z","2023-12-25T07:27:34.457Z"
160373943,"EVG","1703489233","b","8400","5450","1729400","2023-12-25T07:27:26.446Z","2023-12-25T07:27:26.446Z"
160373895,"EVG","1703489231","b","16800","5450","1712600","2023-12-25T07:27:24.460Z","2023-12-25T07:27:24.460Z"
160373758,"EVG","1703489228","b","25000","5450","1687600","2023-12-25T07:27:21.456Z","2023-12-25T07:27:21.456Z"
160373548,"EVG","1703489225","s","100","5440","1687500","2023-12-25T07:27:18.449Z","2023-12-25T07:27:18.449Z"
160373503,"EVG","1703489223","b","35000","5450","1652500","2023-12-25T07:27:16.515Z","2023-12-25T07:27:16.515Z"
160373370,"EVG","1703489221","b","114800","5450","1502500","2023-12-25T07:27:14.484Z","2023-12-25T07:27:14.484Z"
160373369,"EVG","1703489221","b","5800","5450","1502500","2023-12-25T07:27:14.484Z","2023-12-25T07:27:14.484Z"
160373368,"EVG","1703489221","b","7000","5450","1502500","2023-12-25T07:27:14.484Z","2023-12-25T07:27:14.484Z"
160373367,"EVG","1703489221","b","300","5450","1502500","2023-12-25T07:27:14.484Z","2023-12-25T07:27:14.484Z"
160373366,"EVG","1703489221","b","10000","5450","1502500","2023-12-25T07:27:14.484Z","2023-12-25T07:27:14.484Z"
160373365,"EVG","1703489221","b","11000","5450","1502500","2023-12-25T07:27:14.484Z","2023-12-25T07:27:14.484Z"
160373364,"EVG","1703489221","b","300","5450","1502500","2023-12-25T07:27:14.484Z","2023-12-25T07:27:14.484Z"
160373363,"EVG","1703489221","b","500","5450","1502500","2023-12-25T07:27:14.484Z","2023-12-25T07:27:14.484Z"
160373362,"EVG","1703489221","b","300","5450","1502500","2023-12-25T07:27:14.484Z","2023-12-25T07:27:14.484Z"
160373110,"EVG","1703489216","s","100","5440","1502400","2023-12-25T07:27:10.449Z","2023-12-25T07:27:10.449Z"
160373012,"EVG","1703489214","b","200","5450","1502200","2023-12-25T07:27:08.458Z","2023-12-25T07:27:08.458Z"
160371864,"EVG","1703489194","b","700","5440","1501500","2023-12-25T07:26:47.472Z","2023-12-25T07:26:47.472Z"
160371724,"EVG","1703489191","b","900","5440","1500600","2023-12-25T07:26:44.461Z","2023-12-25T07:26:44.461Z"
160371348,"EVG","1703489183","b","500","5440","1500100","2023-12-25T07:26:35.459Z","2023-12-25T07:26:35.459Z"
160370879,"EVG","1703489173","b","2900","5440","1495100","2023-12-25T07:26:26.446Z","2023-12-25T07:26:26.446Z"
160370878,"EVG","1703489173","b","100","5440","1495100","2023-12-25T07:26:26.446Z","2023-12-25T07:26:26.446Z"
160370877,"EVG","1703489173","b","2000","5440","1495100","2023-12-25T07:26:26.446Z","2023-12-25T07:26:26.446Z"
160369946,"EVG","1703489155","b","29800","5430","1465300","2023-12-25T07:26:08.447Z","2023-12-25T07:26:08.447Z"
160369852,"EVG","1703489153","b","1600","5430","1463700","2023-12-25T07:26:06.460Z","2023-12-25T07:26:06.460Z"
160369787,"EVG","1703489152","b","16800","5430","1446900","2023-12-25T07:26:05.477Z","2023-12-25T07:26:05.477Z"
160369616,"EVG","1703489149","b","2500","5430","1444400","2023-12-25T07:26:02.454Z","2023-12-25T07:26:02.454Z"
160369461,"EVG","1703489146","b","89300","5430","1344400","2023-12-25T07:26:00.461Z","2023-12-25T07:26:00.461Z"
160369460,"EVG","1703489146","b","400","5430","1344400","2023-12-25T07:26:00.461Z","2023-12-25T07:26:00.461Z"
160369459,"EVG","1703489146","b","10000","5430","1344400","2023-12-25T07:26:00.461Z","2023-12-25T07:26:00.461Z"
160369458,"EVG","1703489146","b","300","5430","1344400","2023-12-25T07:26:00.461Z","2023-12-25T07:26:00.461Z"
160368257,"EVG","1703489115","b","3400","5420","1341000","2023-12-25T07:25:28.439Z","2023-12-25T07:25:28.439Z"
160368256,"EVG","1703489115","b","15000","5420","1326000","2023-12-25T07:25:28.439Z","2023-12-25T07:25:28.439Z"
160368136,"EVG","1703489112","b","4300","5420","1321700","2023-12-25T07:25:25.454Z","2023-12-25T07:25:25.454Z"
160368032,"EVG","1703489109","b","25000","5420","1321700","2023-12-25T07:25:22.449Z","2023-12-25T07:25:22.449Z"
160367870,"EVG","1703489106","b","150000","5420","1146700","2023-12-25T07:25:19.454Z","2023-12-25T07:25:19.454Z"
160367777,"EVG","1703489103","s","2300","5420","1144400","2023-12-25T07:25:16.451Z","2023-12-25T07:25:16.451Z"
160367525,"EVG","1703489099","b","12700","5420","1131200","2023-12-25T07:25:12.451Z","2023-12-25T07:25:12.451Z"
160367524,"EVG","1703489099","b","500","5420","1131200","2023-12-25T07:25:12.451Z","2023-12-25T07:25:12.451Z"
160367306,"EVG","1703489097","b","15000","5420","1131200","2023-12-25T07:25:09.461Z","2023-12-25T07:25:09.461Z"
160367166,"EVG","1703489094","b","1600","5420","1112400","2023-12-25T07:25:07.451Z","2023-12-25T07:25:07.451Z"
160367165,"EVG","1703489094","b","2000","5420","1112400","2023-12-25T07:25:07.451Z","2023-12-25T07:25:07.451Z"
160367164,"EVG","1703489094","b","200","5420","1112400","2023-12-25T07:25:07.451Z","2023-12-25T07:25:07.451Z"
160366966,"EVG","1703489091","b","800","5420","1109900","2023-12-25T07:25:04.456Z","2023-12-25T07:25:04.456Z"
160366965,"EVG","1703489091","b","1700","5420","1109900","2023-12-25T07:25:04.456Z","2023-12-25T07:25:04.456Z"
