"id","symbol","truncTime","matchType","matchVol","matchPrice","accumulatedVolume","createdAt","updatedAt"
160383032,"MWG","1703490291","unknown","593400","42650","8477900","2023-12-25T07:45:04.475Z","2023-12-25T07:45:04.475Z"
160382240,"MWG","1703489386","s","300","42750","7884500","2023-12-25T07:29:59.469Z","2023-12-25T07:29:59.469Z"
160382239,"MWG","1703489386","s","100","42750","7884500","2023-12-25T07:29:59.469Z","2023-12-25T07:29:59.469Z"
160382238,"MWG","1703489386","s","200","42750","7884500","2023-12-25T07:29:59.469Z","2023-12-25T07:29:59.469Z"
160382237,"MWG","1703489386","s","1400","42750","7884500","2023-12-25T07:29:59.469Z","2023-12-25T07:29:59.469Z"
160382027,"MWG","1703489381","s","200","42750","7882500","2023-12-25T07:29:54.459Z","2023-12-25T07:29:54.459Z"
160381952,"MWG","1703489379","s","200","42750","7882300","2023-12-25T07:29:52.452Z","2023-12-25T07:29:52.452Z"
160381933,"MWG","1703489379","s","2700","42750","7882100","2023-12-25T07:29:52.452Z","2023-12-25T07:29:52.452Z"
160381932,"MWG","1703489379","s","2000","42750","7882100","2023-12-25T07:29:52.452Z","2023-12-25T07:29:52.452Z"
160381931,"MWG","1703489379","s","400","42750","7882100","2023-12-25T07:29:52.452Z","2023-12-25T07:29:52.452Z"
160381930,"MWG","1703489379","s","200","42750","7882100","2023-12-25T07:29:52.452Z","2023-12-25T07:29:52.452Z"
160381929,"MWG","1703489379","s","11300","42750","7882100","2023-12-25T07:29:52.452Z","2023-12-25T07:29:52.452Z"
160381882,"MWG","1703489377","s","200","42750","7865500","2023-12-25T07:29:51.454Z","2023-12-25T07:29:51.454Z"
160381524,"MWG","1703489369","s","8300","42750","7865300","2023-12-25T07:29:42.458Z","2023-12-25T07:29:42.458Z"
160381523,"MWG","1703489369","s","100","42800","7865300","2023-12-25T07:29:42.458Z","2023-12-25T07:29:42.458Z"
160381522,"MWG","1703489369","s","200","42800","7865300","2023-12-25T07:29:42.458Z","2023-12-25T07:29:42.458Z"
160381521,"MWG","1703489369","s","200","42800","7865300","2023-12-25T07:29:42.458Z","2023-12-25T07:29:42.458Z"
160381520,"MWG","1703489369","s","100","42800","7865300","2023-12-25T07:29:42.458Z","2023-12-25T07:29:42.458Z"
160381519,"MWG","1703489369","s","4600","42800","7865300","2023-12-25T07:29:42.458Z","2023-12-25T07:29:42.458Z"
160381518,"MWG","1703489369","s","200","42800","7865300","2023-12-25T07:29:42.458Z","2023-12-25T07:29:42.458Z"
160381517,"MWG","1703489369","s","1000","42800","7865300","2023-12-25T07:29:42.458Z","2023-12-25T07:29:42.458Z"
160381516,"MWG","1703489369","s","100","42800","7865300","2023-12-25T07:29:42.458Z","2023-12-25T07:29:42.458Z"
160381515,"MWG","1703489369","s","100","42800","7865300","2023-12-25T07:29:42.458Z","2023-12-25T07:29:42.458Z"
160381514,"MWG","1703489369","s","5100","42800","7865300","2023-12-25T07:29:42.458Z","2023-12-25T07:29:42.458Z"
160380849,"MWG","1703489360","s","900","42800","7845300","2023-12-25T07:29:33.462Z","2023-12-25T07:29:33.462Z"
160380741,"MWG","1703489358","s","1700","42800","7844400","2023-12-25T07:29:32.468Z","2023-12-25T07:29:32.468Z"
160380740,"MWG","1703489358","s","300","42800","7844400","2023-12-25T07:29:32.468Z","2023-12-25T07:29:32.468Z"
160380739,"MWG","1703489358","s","500","42800","7844400","2023-12-25T07:29:32.468Z","2023-12-25T07:29:32.468Z"
160380050,"MWG","1703489349","s","500","42800","7841900","2023-12-25T07:29:21.457Z","2023-12-25T07:29:21.457Z"
160379947,"MWG","1703489347","s","800","42800","7841400","2023-12-25T07:29:19.470Z","2023-12-25T07:29:19.470Z"
160379833,"MWG","1703489345","s","200","42850","7840600","2023-12-25T07:29:17.451Z","2023-12-25T07:29:17.451Z"
160379749,"MWG","1703489343","b","800","42900","7840400","2023-12-25T07:29:15.467Z","2023-12-25T07:29:15.467Z"
160379748,"MWG","1703489343","b","300","42900","7840400","2023-12-25T07:29:15.467Z","2023-12-25T07:29:15.467Z"
160379747,"MWG","1703489343","b","100","42900","7840400","2023-12-25T07:29:15.467Z","2023-12-25T07:29:15.467Z"
160379746,"MWG","1703489343","b","900","42900","7840400","2023-12-25T07:29:15.467Z","2023-12-25T07:29:15.467Z"
160379745,"MWG","1703489343","b","300","42850","7840400","2023-12-25T07:29:15.467Z","2023-12-25T07:29:15.467Z"
160379744,"MWG","1703489343","b","600","42850","7840400","2023-12-25T07:29:15.467Z","2023-12-25T07:29:15.467Z"
160379658,"MWG","1703489342","s","200","42800","7837400","2023-12-25T07:29:14.466Z","2023-12-25T07:29:14.466Z"
160379657,"MWG","1703489342","s","100","42800","7837400","2023-12-25T07:29:14.466Z","2023-12-25T07:29:14.466Z"
160379656,"MWG","1703489342","s","3000","42800","7837400","2023-12-25T07:29:14.466Z","2023-12-25T07:29:14.466Z"
160379655,"MWG","1703489342","s","500","42800","7837400","2023-12-25T07:29:14.466Z","2023-12-25T07:29:14.466Z"
160379575,"MWG","1703489340","b","200","42850","7833600","2023-12-25T07:29:13.453Z","2023-12-25T07:29:13.453Z"
160379465,"MWG","1703489338","s","200","42850","7833400","2023-12-25T07:29:10.499Z","2023-12-25T07:29:10.499Z"
160379464,"MWG","1703489338","s","100","42850","7833400","2023-12-25T07:29:10.499Z","2023-12-25T07:29:10.499Z"
160379463,"MWG","1703489338","s","500","42850","7833400","2023-12-25T07:29:10.499Z","2023-12-25T07:29:10.499Z"
160379462,"MWG","1703489338","s","1300","42850","7833400","2023-12-25T07:29:10.499Z","2023-12-25T07:29:10.499Z"
160379461,"MWG","1703489338","s","100","42850","7833400","2023-12-25T07:29:10.499Z","2023-12-25T07:29:10.499Z"
160379460,"MWG","1703489338","s","500","42850","7833400","2023-12-25T07:29:10.499Z","2023-12-25T07:29:10.499Z"
160379459,"MWG","1703489338","s","6500","42850","7833400","2023-12-25T07:29:10.499Z","2023-12-25T07:29:10.499Z"
160378768,"MWG","1703489332","s","3500","42850","7824200","2023-12-25T07:29:05.462Z","2023-12-25T07:29:05.462Z"
160378767,"MWG","1703489332","s","100","42850","7824200","2023-12-25T07:29:05.462Z","2023-12-25T07:29:05.462Z"
160378766,"MWG","1703489332","s","200","42850","7824200","2023-12-25T07:29:05.462Z","2023-12-25T07:29:05.462Z"
160378400,"MWG","1703489324","s","600","42850","7820400","2023-12-25T07:28:57.463Z","2023-12-25T07:28:57.463Z"
160378399,"MWG","1703489324","s","400","42850","7820400","2023-12-25T07:28:57.463Z","2023-12-25T07:28:57.463Z"
160378337,"MWG","1703489322","s","2600","42850","7819400","2023-12-25T07:28:55.457Z","2023-12-25T07:28:55.457Z"
160378336,"MWG","1703489322","s","400","42850","7819400","2023-12-25T07:28:55.457Z","2023-12-25T07:28:55.457Z"
160378320,"MWG","1703489322","s","100","42850","7816400","2023-12-25T07:28:55.457Z","2023-12-25T07:28:55.457Z"
160378319,"MWG","1703489322","s","100","42850","7816400","2023-12-25T07:28:55.457Z","2023-12-25T07:28:55.457Z"
160378271,"MWG","1703489321","b","100","42900","7816200","2023-12-25T07:28:54.456Z","2023-12-25T07:28:54.456Z"
160378270,"MWG","1703489321","b","900","42900","7816200","2023-12-25T07:28:54.456Z","2023-12-25T07:28:54.456Z"
160378222,"MWG","1703489320","b","200","42900","7815200","2023-12-25T07:28:53.454Z","2023-12-25T07:28:53.454Z"
160378055,"MWG","1703489316","b","300","42900","7815000","2023-12-25T07:28:49.460Z","2023-12-25T07:28:49.460Z"
160378054,"MWG","1703489316","b","100","42900","7815000","2023-12-25T07:28:49.460Z","2023-12-25T07:28:49.460Z"
160378047,"MWG","1703489315","b","100","42900","7814600","2023-12-25T07:28:48.456Z","2023-12-25T07:28:48.456Z"
160378001,"MWG","1703489314","b","100","42900","7814500","2023-12-25T07:28:47.456Z","2023-12-25T07:28:47.456Z"
160377672,"MWG","1703489308","b","100","42900","7814400","2023-12-25T07:28:41.466Z","2023-12-25T07:28:41.466Z"
160377190,"MWG","1703489298","b","300","42900","7814300","2023-12-25T07:28:31.454Z","2023-12-25T07:28:31.454Z"
160377013,"MWG","1703489294","b","1000","42900","7814000","2023-12-25T07:28:28.453Z","2023-12-25T07:28:28.453Z"
160376507,"MWG","1703489286","s","400","42850","7813000","2023-12-25T07:28:19.453Z","2023-12-25T07:28:19.453Z"
160376506,"MWG","1703489286","s","2600","42850","7813000","2023-12-25T07:28:19.453Z","2023-12-25T07:28:19.453Z"
160376407,"MWG","1703489283","b","400","42900","7810000","2023-12-25T07:28:17.456Z","2023-12-25T07:28:17.456Z"
160375927,"MWG","1703489272","b","500","42900","7809600","2023-12-25T07:28:04.449Z","2023-12-25T07:28:04.449Z"
160375484,"MWG","1703489267","b","100","42900","7809100","2023-12-25T07:27:59.450Z","2023-12-25T07:27:59.450Z"
160375480,"MWG","1703489267","s","200","42900","7809000","2023-12-25T07:27:59.450Z","2023-12-25T07:27:59.450Z"
160375479,"MWG","1703489267","s","100","42900","7809000","2023-12-25T07:27:59.450Z","2023-12-25T07:27:59.450Z"
160375478,"MWG","1703489267","s","1100","42900","7809000","2023-12-25T07:27:59.450Z","2023-12-25T07:27:59.450Z"
160375477,"MWG","1703489267","s","400","42900","7809000","2023-12-25T07:27:59.450Z","2023-12-25T07:27:59.450Z"
160375458,"MWG","1703489266","s","700","42900","7807200","2023-12-25T07:27:59.450Z","2023-12-25T07:27:59.450Z"
160375449,"MWG","1703489266","s","1000","42900","7806500","2023-12-25T07:27:58.453Z","2023-12-25T07:27:58.453Z"
160375444,"MWG","1703489265","s","3500","42900","7805500","2023-12-25T07:27:58.453Z","2023-12-25T07:27:58.453Z"
160375396,"MWG","1703489264","s","500","42900","7802000","2023-12-25T07:27:57.448Z","2023-12-25T07:27:57.448Z"
160375349,"MWG","1703489262","s","5000","42900","7801500","2023-12-25T07:27:55.450Z","2023-12-25T07:27:55.450Z"
160375283,"MWG","1703489260","s","2000","42900","7794500","2023-12-25T07:27:53.444Z","2023-12-25T07:27:53.444Z"
160375248,"MWG","1703489259","b","4000","42900","7794500","2023-12-25T07:27:52.460Z","2023-12-25T07:27:52.460Z"
160375247,"MWG","1703489259","b","4000","42900","7794500","2023-12-25T07:27:52.460Z","2023-12-25T07:27:52.460Z"
160375246,"MWG","1703489259","b","100","42900","7794500","2023-12-25T07:27:52.460Z","2023-12-25T07:27:52.460Z"
160375245,"MWG","1703489259","b","3800","42900","7794500","2023-12-25T07:27:52.460Z","2023-12-25T07:27:52.460Z"
160375145,"MWG","1703489257","b","100","42900","7782600","2023-12-25T07:27:49.465Z","2023-12-25T07:27:49.465Z"
160375121,"MWG","1703489256","b","100","42900","7782500","2023-12-25T07:27:49.465Z","2023-12-25T07:27:49.465Z"
160374793,"MWG","1703489249","b","2000","42900","7782400","2023-12-25T07:27:42.465Z","2023-12-25T07:27:42.465Z"
160374457,"MWG","1703489243","b","3000","42900","7780400","2023-12-25T07:27:36.451Z","2023-12-25T07:27:36.451Z"
160373980,"MWG","1703489235","b","100","42900","7777400","2023-12-25T07:27:28.453Z","2023-12-25T07:27:28.453Z"
160373904,"MWG","1703489231","b","100","42900","7777300","2023-12-25T07:27:25.452Z","2023-12-25T07:27:25.452Z"
160373801,"MWG","1703489229","s","800","42900","7777200","2023-12-25T07:27:22.454Z","2023-12-25T07:27:22.454Z"
160373754,"MWG","1703489228","s","400","42900","7776400","2023-12-25T07:27:21.456Z","2023-12-25T07:27:21.456Z"
160373733,"MWG","1703489228","b","3000","42900","7776000","2023-12-25T07:27:21.456Z","2023-12-25T07:27:21.456Z"
160373732,"MWG","1703489228","b","800","42900","7776000","2023-12-25T07:27:21.456Z","2023-12-25T07:27:21.456Z"
160373697,"MWG","1703489227","s","100","42900","7772200","2023-12-25T07:27:20.450Z","2023-12-25T07:27:20.450Z"
160373696,"MWG","1703489227","s","100","42900","7772200","2023-12-25T07:27:20.450Z","2023-12-25T07:27:20.450Z"
160373055,"MWG","1703489215","b","200","42900","7771800","2023-12-25T07:27:09.457Z","2023-12-25T07:27:09.457Z"
