"id","symbol","truncTime","matchType","matchVol","matchPrice","accumulatedVolume","createdAt","updatedAt"
160382965,"VIC","1703490290","unknown","87700","43400","1889800","2023-12-25T07:45:03.474Z","2023-12-25T07:45:03.474Z"
160382133,"VIC","1703489383","s","300","43450","1889800","2023-12-25T07:29:56.453Z","2023-12-25T07:29:56.453Z"
160382091,"VIC","1703489382","s","100","43450","1889500","2023-12-25T07:29:55.459Z","2023-12-25T07:29:55.459Z"
160381206,"VIC","1703489364","s","100","43450","1889300","2023-12-25T07:29:37.468Z","2023-12-25T07:29:37.468Z"
160379819,"VIC","1703489345","b","2000","43500","1889300","2023-12-25T07:29:17.451Z","2023-12-25T07:29:17.451Z"
160379686,"VIC","1703489342","s","3800","43450","1887300","2023-12-25T07:29:15.467Z","2023-12-25T07:29:15.467Z"
160379634,"VIC","1703489341","s","300","43450","1883500","2023-12-25T07:29:14.466Z","2023-12-25T07:29:14.466Z"
160378918,"VIC","1703489334","b","100","43500","1883200","2023-12-25T07:29:06.477Z","2023-12-25T07:29:06.477Z"
160378917,"VIC","1703489334","b","1000","43500","1883200","2023-12-25T07:29:06.477Z","2023-12-25T07:29:06.477Z"
160378916,"VIC","1703489334","b","1000","43500","1883200","2023-12-25T07:29:06.477Z","2023-12-25T07:29:06.477Z"
160378915,"VIC","1703489334","b","1000","43500","1883200","2023-12-25T07:29:06.477Z","2023-12-25T07:29:06.477Z"
160378750,"VIC","1703489332","s","500","43450","1880100","2023-12-25T07:29:04.459Z","2023-12-25T07:29:04.459Z"
160378749,"VIC","1703489332","s","800","43450","1880100","2023-12-25T07:29:04.459Z","2023-12-25T07:29:04.459Z"
160378748,"VIC","1703489332","s","2000","43450","1880100","2023-12-25T07:29:04.459Z","2023-12-25T07:29:04.459Z"
160378747,"VIC","1703489332","s","500","43450","1880100","2023-12-25T07:29:04.459Z","2023-12-25T07:29:04.459Z"
160378419,"VIC","1703489324","s","100","43450","1876300","2023-12-25T07:28:57.463Z","2023-12-25T07:28:57.463Z"
160378266,"VIC","1703489321","s","400","43450","1876200","2023-12-25T07:28:54.456Z","2023-12-25T07:28:54.456Z"
160378265,"VIC","1703489321","s","200","43450","1876200","2023-12-25T07:28:54.456Z","2023-12-25T07:28:54.456Z"
160378264,"VIC","1703489321","s","100","43450","1876200","2023-12-25T07:28:54.456Z","2023-12-25T07:28:54.456Z"
160378263,"VIC","1703489321","s","100","43450","1876200","2023-12-25T07:28:54.456Z","2023-12-25T07:28:54.456Z"
160378262,"VIC","1703489321","s","200","43450","1876200","2023-12-25T07:28:54.456Z","2023-12-25T07:28:54.456Z"
160378199,"VIC","1703489319","s","100","43450","1875200","2023-12-25T07:28:52.451Z","2023-12-25T07:28:52.451Z"
160375401,"VIC","1703489264","s","100","43450","1875000","2023-12-25T07:27:57.448Z","2023-12-25T07:27:57.448Z"
160375355,"VIC","1703489263","s","200","43450","1874800","2023-12-25T07:27:55.450Z","2023-12-25T07:27:55.450Z"
160375176,"VIC","1703489258","s","100","43450","1874700","2023-12-25T07:27:50.448Z","2023-12-25T07:27:50.448Z"
160375169,"VIC","1703489257","s","1000","43450","1874700","2023-12-25T07:27:50.448Z","2023-12-25T07:27:50.448Z"
160375111,"VIC","1703489256","s","100","43450","1873700","2023-12-25T07:27:49.465Z","2023-12-25T07:27:49.465Z"
160375082,"VIC","1703489255","s","100","43450","1873600","2023-12-25T07:27:48.449Z","2023-12-25T07:27:48.449Z"
160375005,"VIC","1703489253","s","1000","43450","1872500","2023-12-25T07:27:46.449Z","2023-12-25T07:27:46.449Z"
160374775,"VIC","1703489249","s","100","43450","1872400","2023-12-25T07:27:42.465Z","2023-12-25T07:27:42.465Z"
160374682,"VIC","1703489247","s","500","43450","1871900","2023-12-25T07:27:40.454Z","2023-12-25T07:27:40.454Z"
160374336,"VIC","1703489240","s","300","43450","1871900","2023-12-25T07:27:33.475Z","2023-12-25T07:27:33.475Z"
160374335,"VIC","1703489240","s","100","43450","1871900","2023-12-25T07:27:33.475Z","2023-12-25T07:27:33.475Z"
160374334,"VIC","1703489240","s","100","43450","1871900","2023-12-25T07:27:33.475Z","2023-12-25T07:27:33.475Z"
160374333,"VIC","1703489240","s","1300","43450","1871900","2023-12-25T07:27:33.475Z","2023-12-25T07:27:33.475Z"
160374332,"VIC","1703489240","s","100","43450","1871900","2023-12-25T07:27:33.475Z","2023-12-25T07:27:33.475Z"
160374331,"VIC","1703489240","s","200","43450","1871900","2023-12-25T07:27:33.475Z","2023-12-25T07:27:33.475Z"
160374330,"VIC","1703489240","s","200","43450","1871900","2023-12-25T07:27:33.475Z","2023-12-25T07:27:33.475Z"
160374329,"VIC","1703489240","s","100","43450","1871900","2023-12-25T07:27:33.475Z","2023-12-25T07:27:33.475Z"
160374328,"VIC","1703489240","s","100","43450","1871900","2023-12-25T07:27:33.475Z","2023-12-25T07:27:33.475Z"
160374327,"VIC","1703489240","s","100","43450","1871900","2023-12-25T07:27:33.475Z","2023-12-25T07:27:33.475Z"
160374326,"VIC","1703489240","s","100","43450","1871900","2023-12-25T07:27:33.475Z","2023-12-25T07:27:33.475Z"
160374325,"VIC","1703489240","s","300","43450","1871900","2023-12-25T07:27:33.475Z","2023-12-25T07:27:33.475Z"
160374324,"VIC","1703489240","s","500","43450","1871900","2023-12-25T07:27:33.475Z","2023-12-25T07:27:33.475Z"
160374323,"VIC","1703489240","s","4000","43450","1871900","2023-12-25T07:27:33.475Z","2023-12-25T07:27:33.475Z"
160373977,"VIC","1703489234","s","1000","43450","1864400","2023-12-25T07:27:27.444Z","2023-12-25T07:27:27.444Z"
160373936,"VIC","1703489232","s","200","43450","1863400","2023-12-25T07:27:26.446Z","2023-12-25T07:27:26.446Z"
160373890,"VIC","1703489231","s","1000","43450","1863200","2023-12-25T07:27:24.460Z","2023-12-25T07:27:24.460Z"
160373766,"VIC","1703489228","s","100","43450","1862100","2023-12-25T07:27:22.454Z","2023-12-25T07:27:22.454Z"
160373541,"VIC","1703489224","s","1000","43450","1862100","2023-12-25T07:27:18.449Z","2023-12-25T07:27:18.449Z"
160373420,"VIC","1703489222","s","100","43450","1861000","2023-12-25T07:27:15.450Z","2023-12-25T07:27:15.450Z"
160372457,"VIC","1703489205","s","2400","43450","1861000","2023-12-25T07:26:58.451Z","2023-12-25T07:26:58.451Z"
160372332,"VIC","1703489203","s","200","43450","1858600","2023-12-25T07:26:55.453Z","2023-12-25T07:26:55.453Z"
160371547,"VIC","1703489187","s","1400","43450","1858400","2023-12-25T07:26:40.459Z","2023-12-25T07:26:40.459Z"
160371546,"VIC","1703489187","s","100","43450","1858400","2023-12-25T07:26:40.459Z","2023-12-25T07:26:40.459Z"
160370820,"VIC","1703489172","s","200","43450","1856900","2023-12-25T07:26:25.455Z","2023-12-25T07:26:25.455Z"
160370300,"VIC","1703489160","s","200","43500","1856700","2023-12-25T07:26:13.462Z","2023-12-25T07:26:13.462Z"
160370299,"VIC","1703489160","s","300","43500","1856700","2023-12-25T07:26:13.462Z","2023-12-25T07:26:13.462Z"
160369682,"VIC","1703489151","s","100","43500","1855600","2023-12-25T07:26:04.447Z","2023-12-25T07:26:04.447Z"
160369681,"VIC","1703489151","s","500","43500","1855600","2023-12-25T07:26:04.447Z","2023-12-25T07:26:04.447Z"
160369328,"VIC","1703489142","s","100","43500","1855600","2023-12-25T07:25:56.444Z","2023-12-25T07:25:56.444Z"
160369327,"VIC","1703489142","s","100","43500","1855600","2023-12-25T07:25:56.444Z","2023-12-25T07:25:56.444Z"
160369182,"VIC","1703489138","s","100","43500","1855400","2023-12-25T07:25:51.454Z","2023-12-25T07:25:51.454Z"
160369101,"VIC","1703489137","s","2000","43500","1855300","2023-12-25T07:25:50.456Z","2023-12-25T07:25:50.456Z"
160368620,"VIC","1703489124","b","500","43500","1853300","2023-12-25T07:25:37.457Z","2023-12-25T07:25:37.457Z"
160368619,"VIC","1703489124","b","500","43500","1853300","2023-12-25T07:25:37.457Z","2023-12-25T07:25:37.457Z"
160368618,"VIC","1703489124","b","3300","43500","1853300","2023-12-25T07:25:37.457Z","2023-12-25T07:25:37.457Z"
160368617,"VIC","1703489124","b","800","43500","1853300","2023-12-25T07:25:37.457Z","2023-12-25T07:25:37.457Z"
160368616,"VIC","1703489124","b","100","43500","1853300","2023-12-25T07:25:37.457Z","2023-12-25T07:25:37.457Z"
160368615,"VIC","1703489124","b","6400","43500","1853300","2023-12-25T07:25:37.457Z","2023-12-25T07:25:37.457Z"
160368614,"VIC","1703489124","b","300","43500","1853300","2023-12-25T07:25:37.457Z","2023-12-25T07:25:37.457Z"
160368613,"VIC","1703489124","b","500","43500","1853300","2023-12-25T07:25:37.457Z","2023-12-25T07:25:37.457Z"
160368612,"VIC","1703489124","b","100","43500","1853300","2023-12-25T07:25:37.457Z","2023-12-25T07:25:37.457Z"
160368611,"VIC","1703489124","b","1800","43500","1853300","2023-12-25T07:25:37.457Z","2023-12-25T07:25:37.457Z"
160368610,"VIC","1703489124","b","100","43500","1853300","2023-12-25T07:25:37.457Z","2023-12-25T07:25:37.457Z"
160368133,"VIC","1703489112","s","200","43450","1838700","2023-12-25T07:25:25.454Z","2023-12-25T07:25:25.454Z"
160368084,"VIC","1703489111","b","100","43500","1838700","2023-12-25T07:25:23.444Z","2023-12-25T07:25:23.444Z"
160366607,"VIC","1703489082","s","200","43450","1838600","2023-12-25T07:24:55.474Z","2023-12-25T07:24:55.474Z"
160365655,"VIC","1703489062","s","1000","43450","1838400","2023-12-25T07:24:35.463Z","2023-12-25T07:24:35.463Z"
160365257,"VIC","1703489052","s","200","43450","1837400","2023-12-25T07:24:26.454Z","2023-12-25T07:24:26.454Z"
160365177,"VIC","1703489050","s","300","43450","1837200","2023-12-25T07:24:24.447Z","2023-12-25T07:24:24.447Z"
160364287,"VIC","1703489022","s","200","43450","1836700","2023-12-25T07:23:55.452Z","2023-12-25T07:23:55.452Z"
160364183,"VIC","1703489019","b","100","43500","1836700","2023-12-25T07:23:52.457Z","2023-12-25T07:23:52.457Z"
160363958,"VIC","1703489015","b","300","43500","1836600","2023-12-25T07:23:48.463Z","2023-12-25T07:23:48.463Z"
160363957,"VIC","1703489015","b","100","43500","1836600","2023-12-25T07:23:48.463Z","2023-12-25T07:23:48.463Z"
160363956,"VIC","1703489015","b","100","43500","1836600","2023-12-25T07:23:48.463Z","2023-12-25T07:23:48.463Z"
160363955,"VIC","1703489015","b","100","43500","1836600","2023-12-25T07:23:48.463Z","2023-12-25T07:23:48.463Z"
160363954,"VIC","1703489015","b","100","43500","1836600","2023-12-25T07:23:48.463Z","2023-12-25T07:23:48.463Z"
160363953,"VIC","1703489015","b","3700","43500","1836600","2023-12-25T07:23:48.463Z","2023-12-25T07:23:48.463Z"
160363102,"VIC","1703488992","s","200","43450","1832200","2023-12-25T07:23:25.456Z","2023-12-25T07:23:25.456Z"
160361941,"VIC","1703488962","s","200","43450","1831800","2023-12-25T07:22:55.463Z","2023-12-25T07:22:55.463Z"
160361251,"VIC","1703488945","b","100","43500","1831800","2023-12-25T07:22:37.480Z","2023-12-25T07:22:37.480Z"
160361013,"VIC","1703488941","b","100","43500","1831600","2023-12-25T07:22:34.448Z","2023-12-25T07:22:34.448Z"
160360738,"VIC","1703488932","s","200","43450","1831600","2023-12-25T07:22:25.450Z","2023-12-25T07:22:25.450Z"
160360664,"VIC","1703488929","b","100","43500","1831400","2023-12-25T07:22:22.456Z","2023-12-25T07:22:22.456Z"
160359427,"VIC","1703488901","s","200","43450","1831100","2023-12-25T07:21:55.444Z","2023-12-25T07:21:55.444Z"
160359393,"VIC","1703488901","b","100","43500","1829100","2023-12-25T07:21:54.450Z","2023-12-25T07:21:54.450Z"
160359392,"VIC","1703488901","b","200","43500","1829100","2023-12-25T07:21:54.450Z","2023-12-25T07:21:54.450Z"
160359391,"VIC","1703488901","b","100","43500","1829100","2023-12-25T07:21:54.450Z","2023-12-25T07:21:54.450Z"
160359390,"VIC","1703488901","b","700","43500","1829100","2023-12-25T07:21:54.450Z","2023-12-25T07:21:54.450Z"
