"symbol","time","price","change","vol","total","side"
"ASM","14:45:00",9.87,-0.05,174200,2444000,
"ASM","14:29:59",9.86,-0.06,5000,2269800,"B"
"ASM","14:29:50",9.86,-0.06,1900,2264800,"B"
"ASM","14:29:43",9.87,-0.05,200,2262900,"S"
"ASM","14:29:28",9.86,-0.06,17400,2262700,"S"
"ASM","14:29:16",9.85,-0.07,100,2245300,"S"
"ASM","14:29:13",9.85,-0.07,1000,2245200,"S"
"ASM","14:28:59",9.84,-0.08,3800,2244200,"S"
"ASM","14:28:54",9.84,-0.08,300,2240400,"S"
"ASM","14:28:54",9.84,-0.08,100,2240100,"S"
"ASM","14:28:49",9.84,-0.08,2000,2240000,"S"
"ASM","14:28:46",9.84,-0.08,1000,2238000,"S"
"ASM","14:28:43",9.84,-0.08,2800,2237000,"B"
"ASM","14:28:38",9.84,-0.08,7200,2234200,"S"
"ASM","14:28:31",9.84,-0.08,5000,2227000,"S"
"ASM","14:28:16",9.83,-0.09,1500,2222000,"B"
"ASM","14:27:58",9.84,-0.08,6000,2220500,"S"
"ASM","14:27:56",9.79,-0.13,7100,2214500,"B"
"ASM","14:27:56",9.8,-0.12,400,2207400,"B"
"ASM","14:27:56",9.82,-0.1,10700,2207000,"B"
"ASM","14:27:56",9.83,-0.09,1800,2196300,"B"
"ASM","14:27:49",9.83,-0.09,300,2194500,"B"
"ASM","14:27:37",9.83,-0.09,4300,2194200,"S"
"ASM","14:27:13",9.83,-0.09,1100,2189900,"S"
"ASM","14:26:45",9.82,-0.1,1900,2188800,"S"
"ASM","14:26:45",9.81,-0.11,100,2186900,"S"
"ASM","14:26:35",9.8,-0.12,600,2186800,"S"
"ASM","14:26:33",9.8,-0.12,300,2186200,"S"
"ASM","14:26:29",9.8,-0.12,100,2185900,"S"
"ASM","14:26:21",9.79,-0.13,7900,2185800,"S"
"ASM","14:26:14",9.77,-0.15,2000,2177900,"S"
"ASM","14:25:50",9.75,-0.17,5400,2175900,"B"
"ASM","14:25:35",9.75,-0.17,500,2170400,"S"
"ASM","14:25:34",9.75,-0.17,500,2169900,"B"
"ASM","14:25:23",9.75,-0.17,700,2169300,"B"
"ASM","14:25:23",9.78,-0.14,500,2168600,"B"
"ASM","14:25:08",9.76,-0.16,1000,2168100,"B"
"ASM","14:24:45",9.78,-0.14,100,2167100,"S"
"ASM","14:24:07",9.75,-0.17,1000,2167000,"S"
"ASM","14:24:06",9.75,-0.17,300,2166000,"S"
"ASM","14:23:34",9.75,-0.17,9600,2165700,"S"
"ASM","14:23:30",9.74,-0.18,300,2155700,"S"
"ASM","14:23:21",9.74,-0.18,200,2155400,"S"
"ASM","14:23:21",9.74,-0.18,100,2155200,"S"
"ASM","14:23:18",9.74,-0.18,1000,2155100,"S"
"ASM","14:23:15",9.74,-0.18,100,2154100,"S"
"ASM","14:23:12",9.74,-0.18,100,2154000,"S"
"ASM","14:23:08",9.74,-0.18,100,2153900,"S"
"ASM","14:22:51",9.73,-0.19,400,2153800,"S"
"ASM","14:22:45",9.73,-0.19,100,2153400,"S"
"ASM","14:22:42",9.72,-0.2,300,2153300,"B"
"ASM","14:22:41",9.73,-0.19,100,2153000,"S"
"ASM","14:22:40",9.73,-0.19,500,2152900,"S"
"ASM","14:22:37",9.73,-0.19,3000,2152400,"S"
"ASM","14:22:36",9.73,-0.19,7900,2149400,"S"
"ASM","14:22:32",9.73,-0.19,100,2141500,"S"
"ASM","14:22:31",9.73,-0.19,1000,2141400,"S"
"ASM","14:22:24",9.73,-0.19,200,2140400,"S"
"ASM","14:22:23",9.73,-0.19,100,2140200,"S"
"ASM","14:22:12",9.73,-0.19,400,2140100,"S"
"ASM","14:22:06",9.73,-0.19,5000,2139700,"S"
"ASM","14:22:03",9.73,-0.19,100,2134700,"S"
"ASM","14:21:56",9.73,-0.19,2000,2134600,"S"
"ASM","14:21:51",9.73,-0.19,1100,2132600,"B"
"ASM","14:21:50",9.74,-0.18,100,2131500,"S"
"ASM","14:21:42",9.74,-0.18,5000,2131400,"S"
"ASM","14:21:30",9.74,-0.18,200,2126400,"S"
"ASM","14:21:27",9.74,-0.18,400,2126200,"S"
"ASM","14:21:21",9.74,-0.18,800,2125800,"S"
"ASM","14:21:18",9.71,-0.21,7500,2125000,"B"
"ASM","14:21:18",9.72,-0.2,2500,2117500,"B"
"ASM","14:21:09",9.74,-0.18,200,2115000,"S"
"ASM","14:20:41",9.75,-0.17,200,2114800,"S"
"ASM","14:20:41",9.74,-0.18,1800,2114600,"S"
"ASM","14:20:39",9.74,-0.18,200,2112800,"S"
"ASM","14:20:38",9.71,-0.21,2400,2112600,"B"
"ASM","14:20:09",9.71,-0.21,100,2110100,"S"
"ASM","14:20:03",9.7,-0.22,500,2110000,"B"
"ASM","14:20:03",9.71,-0.21,500,2109500,"S"
"ASM","14:20:01",9.71,-0.21,1000,2109000,"S"
"ASM","14:20:00",9.71,-0.21,500,2108000,"S"
"ASM","14:19:57",9.71,-0.21,100,2107500,"S"
"ASM","14:19:55",9.71,-0.21,500,2107400,"S"
"ASM","14:19:52",9.7,-0.22,3000,2106900,"B"
"ASM","14:19:52",9.71,-0.21,100,2103900,"S"
"ASM","14:19:51",9.7,-0.22,5000,2103800,"B"
"ASM","14:19:51",9.71,-0.21,500,2098800,"S"
"ASM","14:19:50",9.7,-0.22,2000,2098300,"B"
"ASM","14:19:47",9.71,-0.21,100,2096300,"S"
"ASM","14:19:45",9.7,-0.22,20000,2096200,"B"
"ASM","14:19:43",9.71,-0.21,500,2076200,"S"
"ASM","14:19:41",9.71,-0.21,400,2075700,"S"
"ASM","14:19:37",9.7,-0.22,3500,2075300,"B"
"ASM","14:19:37",9.71,-0.21,300,2071800,"S"
"ASM","14:19:27",9.7,-0.22,500,2071500,"B"
"ASM","14:19:25",9.7,-0.22,500,2071000,"B"
"ASM","14:19:23",9.71,-0.21,100,2070500,"S"
"ASM","14:19:21",9.7,-0.22,400,2070400,"B"
"ASM","14:19:21",9.71,-0.21,100,2070000,"S"
"ASM","14:19:08",9.71,-0.21,500,2069900,"S"
"ASM","14:19:01",9.71,-0.21,100,2069400,"S"
"ASM","14:18:58",9.7,-0.22,10000,2069300,"B"
"ASM","14:18:56",9.7,-0.22,8000,2059300,"B"
"ASM","14:18:54",9.71,-0.21,700,2051300,"B"
"ASM","14:18:30",9.71,-0.21,100,2050600,"B"
"ASM","14:18:25",9.72,-0.2,500,2050500,"S"
"ASM","14:18:17",9.71,-0.21,200,2050000,"B"
"ASM","14:18:14",9.71,-0.21,100,2049800,"S"
"ASM","14:18:13",9.7,-0.22,700,2049700,"B"
"ASM","14:18:13",9.71,-0.21,6300,2049000,"B"
"ASM","14:18:03",9.72,-0.2,200,2042700,"S"
"ASM","14:18:01",9.72,-0.2,500,2042500,"S"
"ASM","14:17:49",9.72,-0.2,100,2042000,"S"
"ASM","14:17:48",9.71,-0.21,6300,2041900,"S"
"ASM","14:17:46",9.7,-0.22,2100,2035600,"B"
"ASM","14:17:45",9.71,-0.21,100,2033500,"S"
"ASM","14:17:43",9.71,-0.21,100,2033400,"S"
"ASM","14:17:38",9.71,-0.21,100,2033300,"S"
"ASM","14:17:33",9.71,-0.21,100,2033200,"S"
"ASM","14:17:29",9.71,-0.21,100,2033100,"S"
"ASM","14:17:21",9.71,-0.21,800,2033000,"B"
"ASM","14:17:19",9.72,-0.2,100,2032200,"S"
"ASM","14:17:16",9.72,-0.2,300,2032100,"B"
"ASM","14:17:01",9.72,-0.2,100,2031800,"S"
"ASM","14:16:58",9.71,-0.21,2800,2031700,"B"
"ASM","14:16:57",9.72,-0.2,100,2028900,"S"
"ASM","14:16:57",9.72,-0.2,200,2028800,"S"
"ASM","14:16:55",9.72,-0.2,100,2028600,"S"
"ASM","14:16:53",9.71,-0.21,200,2028500,"B"
"ASM","14:16:50",9.72,-0.2,100,2028300,"S"
"ASM","14:16:49",9.72,-0.2,100,2028200,"S"
"ASM","14:16:46",9.72,-0.2,100,2028100,"B"
"ASM","14:16:42",9.71,-0.21,4900,2028000,"B"
"ASM","14:16:42",9.72,-0.2,100,2023100,"B"
"ASM","14:16:39",9.71,-0.21,2000,2023000,"B"
"ASM","14:16:18",9.71,-0.21,1100,2021000,"B"
"ASM","14:16:18",9.73,-0.19,400,2019900,"B"
"ASM","14:16:12",9.73,-0.19,4200,2019500,"S"
"ASM","14:16:12",9.72,-0.2,400,2015300,"S"
"ASM","14:16:09",9.72,-0.2,100,2014900,"S"
"ASM","14:16:06",9.73,-0.19,100,2014800,"S"
"ASM","14:16:04",9.73,-0.19,100,2014700,"S"
"ASM","14:16:01",9.72,-0.2,100,2014600,"S"
"ASM","14:16:00",9.72,-0.2,5200,2014500,"B"
"ASM","14:15:58",9.73,-0.19,100,2009300,"S"
"ASM","14:15:55",9.73,-0.19,100,2009200,"S"
"ASM","14:15:54",9.72,-0.2,5000,2009100,"B"
"ASM","14:15:50",9.73,-0.19,100,2004100,"S"
"ASM","14:15:46",9.73,-0.19,5000,2004000,"B"
"ASM","14:15:46",9.74,-0.18,200,1999000,"B"
"ASM","14:15:41",9.75,-0.17,100,1998800,"S"
"ASM","14:15:35",9.75,-0.17,100,1998700,"S"
"ASM","14:15:31",9.75,-0.17,400,1998600,"B"
"ASM","14:15:31",9.76,-0.16,100,1998200,"S"
"ASM","14:15:29",9.76,-0.16,100,1998100,"S"
"ASM","14:15:27",9.75,-0.17,2300,1998000,"S"
"ASM","14:15:27",9.74,-0.18,7400,1995700,"S"
"ASM","14:15:26",9.74,-0.18,2600,1988300,"B"
"ASM","14:15:17",9.75,-0.17,17700,1985700,"B"
"ASM","14:15:16",9.76,-0.16,2300,1968000,"B"
"ASM","14:14:47",9.76,-0.16,3000,1965700,"B"
"ASM","14:14:25",9.76,-0.16,300,1962700,"B"
"ASM","14:14:02",9.76,-0.16,200,1962400,"B"
"ASM","14:13:42",9.76,-0.16,2800,1962200,"S"
"ASM","14:13:39",9.76,-0.16,1000,1959400,"B"
"ASM","14:13:22",9.76,-0.16,100,1958400,"S"
"ASM","14:13:16",9.76,-0.16,100,1958300,"S"
"ASM","14:13:14",9.76,-0.16,2300,1958200,"B"
"ASM","14:12:56",9.76,-0.16,4000,1955900,"S"
"ASM","14:12:45",9.76,-0.16,100,1951900,"S"
"ASM","14:12:44",9.76,-0.16,5000,1951800,"S"
"ASM","14:12:40",9.76,-0.16,100,1946800,"S"
"ASM","14:12:36",9.75,-0.17,4500,1946700,"B"
"ASM","14:12:35",9.76,-0.16,100,1942200,"S"
"ASM","14:12:32",9.76,-0.16,1000,1942100,"S"
"ASM","14:12:23",9.76,-0.16,100,1941100,"S"
"ASM","14:12:18",9.75,-0.17,10000,1941000,"B"
"ASM","14:12:15",9.76,-0.16,100,1930900,"S"
"ASM","14:12:11",9.76,-0.16,700,1930800,"B"
"ASM","14:12:11",9.77,-0.15,100,1930100,"B"
"ASM","14:12:10",9.77,-0.15,1500,1930000,"S"
"ASM","14:12:04",9.76,-0.16,1000,1928500,"B"
"ASM","14:11:57",9.76,-0.16,3500,1927500,"S"
"ASM","14:11:53",9.76,-0.16,100,1924000,"S"
"ASM","14:11:50",9.76,-0.16,500,1923900,"S"
"ASM","14:11:48",9.76,-0.16,100,1923400,"S"
"ASM","14:11:42",9.76,-0.16,100,1923300,"S"
"ASM","14:11:39",9.76,-0.16,100,1923200,"S"
"ASM","14:11:35",9.76,-0.16,3600,1923100,"B"
"ASM","14:11:34",9.77,-0.15,500,1919500,"S"
"ASM","14:11:33",9.76,-0.16,14000,1919000,"B"
"ASM","14:11:28",9.77,-0.15,100,1905000,"S"
"ASM","14:11:25",9.76,-0.16,6300,1904900,"B"
"ASM","14:11:24",9.77,-0.15,400,1898600,"S"
"ASM","14:11:19",9.77,-0.15,100,1898200,"S"
"ASM","14:11:16",9.77,-0.15,100,1898100,"S"
"ASM","14:11:12",9.77,-0.15,3000,1898000,"S"
"ASM","14:11:11",9.77,-0.15,100,1895000,"S"
"ASM","14:11:08",9.77,-0.15,1000,1894900,"B"
"ASM","14:10:51",9.77,-0.15,10000,1893900,"B"
"ASM","14:10:51",9.78,-0.14,100,1883900,"S"
"ASM","14:10:42",9.78,-0.14,100,1883800,"S"
"ASM","14:10:37",9.78,-0.14,100,1883700,"S"
"ASM","14:10:31",9.78,-0.14,100,1883600,"S"
"ASM","14:10:22",9.78,-0.14,4000,1883500,"B"
"ASM","14:10:11",9.79,-0.13,200,1879500,"S"
"ASM","14:09:40",9.79,-0.13,200,1879300,"S"
"ASM","14:09:35",9.79,-0.13,11700,1879100,"B"
"ASM","14:09:31",9.79,-0.13,5000,1867400,"B"
"ASM","14:09:14",9.8,-0.12,200,1862400,"S"
"ASM","14:09:00",9.8,-0.12,300,1862200,"S"
"ASM","14:08:56",9.8,-0.12,2700,1861900,"B"
"ASM","14:08:51",9.8,-0.12,1000,1859200,"B"
"ASM","14:08:47",9.8,-0.12,500,1858200,"B"
"ASM","14:08:08",9.8,-0.12,1000,1857700,"S"
"ASM","14:08:06",9.79,-0.13,2000,1856700,"B"
"ASM","14:08:01",9.79,-0.13,5000,1854700,"B"
"ASM","14:07:00",9.8,-0.12,100,1849700,"S"
"ASM","14:06:59",9.8,-0.12,100,1849600,"S"
"ASM","14:06:45",9.8,-0.12,100,1849500,"S"
"ASM","14:06:38",9.8,-0.12,14700,1849400,"B"
"ASM","14:06:18",9.8,-0.12,6000,1834700,"B"
"ASM","14:05:23",9.8,-0.12,200,1828600,"B"
"ASM","14:04:45",9.8,-0.12,900,1828400,"S"
"ASM","14:04:40",9.8,-0.12,100,1827500,"S"
"ASM","14:04:28",9.8,-0.12,1100,1827400,"S"
"ASM","14:03:57",9.8,-0.12,1000,1826300,"S"
"ASM","14:03:56",9.8,-0.12,500,1825300,"S"
"ASM","14:03:54",9.8,-0.12,400,1824800,"B"
"ASM","14:03:51",9.82,-0.1,2000,1824400,"S"
"ASM","14:03:32",9.8,-0.12,100,1822400,"S"
"ASM","14:03:17",9.8,-0.12,100,1822300,"S"
"ASM","14:03:08",9.8,-0.12,300,1822200,"S"
"ASM","14:02:42",9.8,-0.12,1000,1821900,"S"
"ASM","14:02:24",9.77,-0.15,300,1820900,"B"
"ASM","14:01:30",9.76,-0.16,100,1820600,"S"
"ASM","14:01:24",9.76,-0.16,100,1820500,"S"
"ASM","14:01:22",9.76,-0.16,200,1820400,"S"
"ASM","14:01:20",9.76,-0.16,1000,1820200,"S"
"ASM","14:01:20",9.76,-0.16,700,1819200,"S"
"ASM","14:01:19",9.76,-0.16,100,1818500,"S"
"ASM","14:01:17",9.76,-0.16,100,1818400,"S"
"ASM","14:01:05",9.76,-0.16,100,1818300,"S"
"ASM","14:01:03",9.76,-0.16,6400,1818200,"B"
"ASM","14:01:03",9.78,-0.14,1200,1811800,"B"
"ASM","14:00:45",9.8,-0.12,100,1810600,"S"
"ASM","14:00:38",9.8,-0.12,100,1810500,"S"
"ASM","14:00:34",9.8,-0.12,100,1810400,"S"
"ASM","14:00:32",9.79,-0.13,20000,1810300,"B"
"ASM","14:00:31",9.8,-0.12,100,1790300,"S"
"ASM","14:00:29",9.8,-0.12,100,1790200,"S"
"ASM","14:00:26",9.8,-0.12,100,1790100,"S"
"ASM","13:59:58",9.8,-0.12,4600,1790000,"B"
"ASM","13:59:58",9.8,-0.12,33700,1785400,"B"
"ASM","13:59:30",9.81,-0.11,700,1751700,"S"
"ASM","13:59:29",9.81,-0.11,100,1751000,"S"
"ASM","13:59:24",9.81,-0.11,10000,1750900,"S"
"ASM","13:59:20",9.8,-0.12,50000,1740900,"B"
"ASM","13:59:18",9.81,-0.11,100,1690900,"S"
"ASM","13:59:07",9.81,-0.11,4000,1690800,"S"
"ASM","13:59:04",9.81,-0.11,500,1686800,"S"
"ASM","13:58:55",9.8,-0.12,1000,1686300,"B"
"ASM","13:58:55",9.81,-0.11,100,1685300,"S"
"ASM","13:58:54",9.8,-0.12,2000,1685200,"B"
"ASM","13:58:43",9.81,-0.11,100,1683200,"S"
"ASM","13:58:38",9.81,-0.11,100,1683100,"S"
"ASM","13:57:49",9.81,-0.11,100,1683000,"S"
"ASM","13:57:46",9.81,-0.11,200,1682900,"S"
"ASM","13:57:21",9.81,-0.11,2500,1682700,"S"
"ASM","13:57:10",9.81,-0.11,6300,1680200,"B"
"ASM","13:57:08",9.81,-0.11,5000,1673900,"B"
"ASM","13:57:07",9.81,-0.11,300,1668900,"B"
"ASM","13:55:25",9.82,-0.1,5000,1668600,"S"
"ASM","13:55:13",9.81,-0.11,13500,1663600,"B"
"ASM","13:54:20",9.82,-0.1,1000,1650100,"S"
"ASM","13:54:19",9.82,-0.1,100,1649100,"S"
"ASM","13:53:50",9.82,-0.1,100,1649000,"S"
"ASM","13:52:47",9.81,-0.11,100,1648900,"B"
"ASM","13:51:36",9.82,-0.1,100,1648800,"S"
"ASM","13:51:33",9.81,-0.11,5000,1648700,"B"
"ASM","13:51:31",9.82,-0.1,100,1643700,"S"
"ASM","13:51:06",9.81,-0.11,2200,1643600,"B"
"ASM","13:50:55",9.81,-0.11,1000,1641400,"B"
"ASM","13:50:19",9.82,-0.1,100,1640400,"S"
"ASM","13:50:06",9.82,-0.1,100,1640300,"S"
"ASM","13:50:02",9.82,-0.1,100,1640200,"S"
"ASM","13:49:48",9.81,-0.11,900,1640100,"B"
"ASM","13:49:45",9.82,-0.1,200,1639200,"S"
"ASM","13:49:30",9.81,-0.11,12500,1639000,"B"
"ASM","13:49:28",9.82,-0.1,500,1626500,"S"
"ASM","13:48:45",9.82,-0.1,2600,1626000,"S"
"ASM","13:48:41",9.82,-0.1,400,1623400,"B"
"ASM","13:48:15",9.82,-0.1,700,1623000,"S"
"ASM","13:48:08",9.82,-0.1,100,1622300,"S"
"ASM","13:48:05",9.82,-0.1,100,1622200,"S"
"ASM","13:48:00",9.82,-0.1,100,1622100,"B"
"ASM","13:47:44",9.82,-0.1,5400,1622000,"B"
"ASM","13:47:26",9.82,-0.1,10600,1616600,"B"
"ASM","13:46:49",9.82,-0.1,700,1606000,"B"
"ASM","13:46:23",9.82,-0.1,900,1605300,"B"
"ASM","13:45:56",9.82,-0.1,300,1604400,"B"
"ASM","13:45:53",9.82,-0.1,100,1604100,"B"
"ASM","13:45:50",9.82,-0.1,5000,1604000,"B"
"ASM","13:45:26",9.82,-0.1,300,1599000,"B"
"ASM","13:45:25",9.83,-0.09,2000,1598700,"S"
"ASM","13:45:06",9.82,-0.1,500,1596700,"B"
"ASM","13:44:39",9.82,-0.1,500,1596200,"B"
"ASM","13:44:25",9.83,-0.09,100,1595700,"B"
"ASM","13:44:16",9.83,-0.09,100,1595600,"B"
"ASM","13:43:47",9.84,-0.08,500,1595500,"S"
"ASM","13:41:45",9.84,-0.08,100,1595000,"S"
"ASM","13:41:20",9.82,-0.1,1700,1594900,"B"
"ASM","13:41:20",9.83,-0.09,300,1593200,"B"
"ASM","13:40:20",9.84,-0.08,100,1592900,"S"
"ASM","13:39:30",9.82,-0.1,1100,1592800,"B"
"ASM","13:39:30",9.83,-0.09,100,1591700,"B"
"ASM","13:39:02",9.82,-0.1,15000,1591600,"B"
"ASM","13:38:43",9.82,-0.1,1900,1576600,"B"
"ASM","13:38:43",9.83,-0.09,100,1574700,"B"
"ASM","13:37:25",9.84,-0.08,100,1574600,"S"
"ASM","13:37:04",9.82,-0.1,1800,1574500,"B"
"ASM","13:37:04",9.83,-0.09,1200,1572700,"B"
"ASM","13:36:58",9.84,-0.08,100,1571500,"S"
"ASM","13:36:38",9.83,-0.09,400,1571400,"B"
"ASM","13:35:57",9.84,-0.08,100,1571000,"S"
"ASM","13:35:06",9.83,-0.09,3000,1570900,"B"
"ASM","13:34:52",9.84,-0.08,100,1567900,"S"
"ASM","13:34:25",9.83,-0.09,7200,1567800,"S"
"ASM","13:34:20",9.83,-0.09,100,1560600,"S"
"ASM","13:34:01",9.83,-0.09,500,1560500,"S"
"ASM","13:33:09",9.83,-0.09,200,1560000,"S"
"ASM","13:32:55",9.83,-0.09,10000,1559800,"S"
"ASM","13:32:52",9.82,-0.1,12600,1549800,"B"
"ASM","13:32:32",9.83,-0.09,100,1537200,"S"
"ASM","13:32:28",9.83,-0.09,100,1537100,"S"
"ASM","13:32:15",9.83,-0.09,8000,1537000,"S"
"ASM","13:32:08",9.83,-0.09,2000,1529000,"S"
"ASM","13:31:56",9.83,-0.09,200,1527000,"S"
"ASM","13:31:46",9.83,-0.09,300,1526800,"S"
"ASM","13:30:56",9.83,-0.09,400,1526500,"S"
"ASM","13:30:50",9.83,-0.09,400,1526100,"S"
"ASM","13:30:47",9.83,-0.09,900,1525700,"B"
"ASM","13:30:45",9.83,-0.09,10000,1524800,"B"
"ASM","13:29:37",9.83,-0.09,1000,1514800,"B"
"ASM","13:28:46",9.84,-0.08,500,1513800,"S"
"ASM","13:27:19",9.84,-0.08,6200,1513300,"B"
"ASM","13:27:06",9.84,-0.08,5000,1507100,"B"
"ASM","13:26:52",9.84,-0.08,10000,1502100,"B"
"ASM","13:26:08",9.85,-0.07,300,1492100,"S"
"ASM","13:24:50",9.85,-0.07,100,1491800,"S"
"ASM","13:24:20",9.85,-0.07,100,1491700,"S"
"ASM","13:24:02",9.85,-0.07,4300,1491600,"B"
"ASM","13:23:13",9.85,-0.07,700,1487300,"S"
"ASM","13:22:55",9.85,-0.07,2000,1486600,"S"
"ASM","13:22:25",9.85,-0.07,100,1484600,"S"
"ASM","13:22:03",9.85,-0.07,300,1484500,"S"
"ASM","13:21:57",9.85,-0.07,500,1484200,"S"
"ASM","13:21:25",9.85,-0.07,1000,1483700,"S"
"ASM","13:21:16",9.85,-0.07,100,1482700,"S"
"ASM","13:21:13",9.85,-0.07,11000,1482600,"B"
"ASM","13:21:00",9.86,-0.06,100,1471600,"S"
"ASM","13:21:00",9.86,-0.06,1200,1471500,"S"
"ASM","13:20:56",9.86,-0.06,500,1470300,"S"
"ASM","13:20:27",9.86,-0.06,500,1469800,"S"
"ASM","13:20:26",9.86,-0.06,200,1469300,"S"
"ASM","13:20:21",9.86,-0.06,900,1469100,"S"
"ASM","13:20:02",9.86,-0.06,200,1468200,"S"
"ASM","13:19:47",9.86,-0.06,100,1468000,"S"
"ASM","13:19:41",9.85,-0.07,2100,1467900,"S"
"ASM","13:19:28",9.85,-0.07,8800,1465800,"S"
"ASM","13:19:25",9.85,-0.07,1000,1457000,"S"
"ASM","13:19:17",9.85,-0.07,100,1456000,"S"
"ASM","13:19:10",9.85,-0.07,3000,1455900,"S"
"ASM","13:19:04",9.85,-0.07,3000,1452900,"S"
"ASM","13:18:55",9.85,-0.07,400,1449900,"S"
"ASM","13:18:46",9.85,-0.07,2000,1449500,"S"
"ASM","13:18:45",9.85,-0.07,500,1447500,"S"
"ASM","13:18:37",9.85,-0.07,5300,1447000,"S"
"ASM","13:18:03",9.85,-0.07,100,1441700,"S"
"ASM","13:17:49",9.84,-0.08,100,1441600,"B"
"ASM","13:16:11",9.84,-0.08,7100,1441500,"S"
"ASM","13:15:53",9.84,-0.08,300,1434400,"S"
"ASM","13:15:45",9.84,-0.08,200,1434100,"S"
"ASM","13:15:36",9.84,-0.08,1000,1433900,"S"
"ASM","13:15:17",9.84,-0.08,10000,1432900,"S"
"ASM","13:14:50",9.83,-0.09,1200,1422900,"S"
"ASM","13:14:42",9.83,-0.09,200,1421700,"S"
"ASM","13:14:40",9.83,-0.09,100,1421500,"S"
"ASM","13:14:22",9.83,-0.09,12200,1421400,"S"
"ASM","13:14:10",9.83,-0.09,100,1409200,"S"
"ASM","13:14:02",9.83,-0.09,2000,1409100,"S"
"ASM","13:13:52",9.83,-0.09,4100,1407100,"S"
"ASM","13:13:40",9.83,-0.09,100,1403000,"S"
"ASM","13:13:24",9.83,-0.09,10000,1402900,"S"
"ASM","13:13:07",9.82,-0.1,2000,1392900,"B"
"ASM","13:12:11",9.83,-0.09,500,1390900,"S"
"ASM","13:11:39",9.83,-0.09,1000,1390400,"S"
"ASM","13:10:58",9.83,-0.09,100,1389400,"S"
"ASM","13:10:35",9.83,-0.09,5000,1389300,"S"
"ASM","13:09:30",9.83,-0.09,200,1384300,"S"
"ASM","13:07:48",9.83,-0.09,200,1384100,"S"
"ASM","13:07:45",9.83,-0.09,500,1383900,"S"
"ASM","13:07:31",9.83,-0.09,4500,1383400,"S"
"ASM","13:06:37",9.82,-0.1,200,1378900,"B"
"ASM","13:04:41",9.82,-0.1,100,1378700,"B"
"ASM","13:03:15",9.81,-0.11,9400,1378600,"B"
"ASM","13:03:15",9.82,-0.1,1100,1369200,"B"
"ASM","13:02:45",9.82,-0.1,3200,1368100,"S"
"ASM","13:02:36",9.81,-0.11,2000,1364900,"B"
"ASM","13:02:30",9.82,-0.1,500,1362900,"S"
"ASM","13:01:41",9.82,-0.1,1000,1362400,"S"
"ASM","13:00:48",9.82,-0.1,400,1361400,"S"
"ASM","13:00:09",9.82,-0.1,2000,1361000,"S"
"ASM","13:00:06",9.81,-0.11,100,1359000,"B"
"ASM","13:00:05",9.81,-0.11,3000,1358900,"B"
"ASM","13:00:01",9.82,-0.1,3000,1355900,"B"
"ASM","13:00:01",9.83,-0.09,500,1352900,"S"
"ASM","13:00:00",9.83,-0.09,600,1349400,"S"
"ASM","11:29:50",9.83,-0.09,100,1348800,"S"
"ASM","11:29:23",9.83,-0.09,400,1348700,"S"
"ASM","11:28:46",9.83,-0.09,200,1348300,"S"
"ASM","11:28:42",9.83,-0.09,200,1348100,"S"
"ASM","11:26:31",9.83,-0.09,100,1347900,"S"
"ASM","11:25:58",9.83,-0.09,500,1347800,"S"
"ASM","11:25:39",9.82,-0.1,10000,1347300,"B"
"ASM","11:25:04",9.83,-0.09,700,1337300,"S"
"ASM","11:25:02",9.83,-0.09,400,1336600,"S"
"ASM","11:24:15",9.83,-0.09,100,1336200,"S"
"ASM","11:23:51",9.82,-0.1,3400,1336100,"B"
"ASM","11:23:30",9.83,-0.09,100,1332700,"S"
"ASM","11:23:00",9.83,-0.09,100,1332600,"S"
"ASM","11:22:45",9.83,-0.09,300,1332500,"S"
"ASM","11:22:38",9.83,-0.09,900,1332200,"B"
"ASM","11:22:26",9.83,-0.09,100,1331300,"S"
"ASM","11:22:23",9.83,-0.09,900,1331200,"B"
"ASM","11:20:10",9.83,-0.09,5000,1330300,"B"
"ASM","11:20:09",9.83,-0.09,11800,1325300,"B"
"ASM","11:19:22",9.83,-0.09,1000,1313500,"B"
"ASM","11:18:14",9.83,-0.09,200,1312500,"B"
"ASM","11:18:11",9.84,-0.08,200,1312300,"S"
"ASM","11:17:13",9.83,-0.09,2000,1312100,"B"
"ASM","11:17:12",9.83,-0.09,1000,1310100,"B"
"ASM","11:16:23",9.84,-0.08,100,1309100,"S"
"ASM","11:14:50",9.84,-0.08,2100,1309000,"B"
"ASM","11:14:18",9.84,-0.08,3000,1306900,"B"
"ASM","11:13:55",9.84,-0.08,100,1303900,"B"
"ASM","11:12:28",9.84,-0.08,1500,1303800,"B"
"ASM","11:12:24",9.84,-0.08,100,1302300,"S"
"ASM","11:11:52",9.84,-0.08,100,1302200,"S"
"ASM","11:11:28",9.83,-0.09,2500,1302100,"B"
"ASM","11:11:24",9.84,-0.08,100,1299600,"S"
"ASM","11:10:47",9.84,-0.08,5000,1299500,"S"
"ASM","11:10:35",9.84,-0.08,1000,1294500,"S"
"ASM","11:09:38",9.84,-0.08,5000,1293500,"S"
"ASM","11:09:38",9.84,-0.08,100,1288500,"S"
"ASM","11:09:12",9.84,-0.08,8400,1288400,"S"
"ASM","11:09:06",9.84,-0.08,200,1280000,"B"
"ASM","11:08:46",9.84,-0.08,300,1279800,"S"
"ASM","11:07:46",9.83,-0.09,2000,1279500,"B"
"ASM","11:06:38",9.84,-0.08,5700,1277500,"B"
"ASM","11:05:59",9.84,-0.08,2800,1271800,"S"
"ASM","11:05:55",9.83,-0.09,10000,1269000,"B"
"ASM","11:05:55",9.84,-0.08,100,1259000,"S"
"ASM","11:05:51",9.84,-0.08,2000,1258900,"S"
"ASM","11:05:10",9.84,-0.08,700,1256900,"S"
"ASM","11:05:09",9.84,-0.08,300,1256200,"S"
"ASM","11:04:48",9.84,-0.08,100,1255900,"S"
"ASM","11:04:11",9.83,-0.09,29600,1255800,"S"
"ASM","11:04:05",9.83,-0.09,10000,1226200,"S"
"ASM","11:03:32",9.82,-0.1,200,1216200,"S"
"ASM","11:03:31",9.82,-0.1,2000,1216000,"S"
"ASM","11:03:28",9.82,-0.1,5000,1214000,"S"
"ASM","11:03:21",9.82,-0.1,100,1209000,"S"
"ASM","11:03:19",9.82,-0.1,100,1208900,"S"
"ASM","11:03:17",9.82,-0.1,5000,1208800,"S"
"ASM","11:03:14",9.82,-0.1,500,1203800,"S"
"ASM","11:03:10",9.82,-0.1,100,1203300,"S"
"ASM","11:03:05",9.82,-0.1,1000,1203200,"S"
"ASM","11:03:03",9.82,-0.1,1000,1202200,"B"
"ASM","11:02:55",9.83,-0.09,500,1201200,"S"
"ASM","11:02:54",9.83,-0.09,100,1200700,"S"
"ASM","11:02:03",9.82,-0.1,500,1200600,"B"
"ASM","11:01:39",9.83,-0.09,100,1200100,"S"
"ASM","11:00:57",9.83,-0.09,200,1200000,"B"
"ASM","11:00:56",9.83,-0.09,500,1199800,"B"
"ASM","11:00:07",9.83,-0.09,5600,1199300,"S"
"ASM","10:59:59",9.83,-0.09,500,1193700,"S"
"ASM","10:59:26",9.83,-0.09,600,1193200,"S"
"ASM","10:59:23",9.83,-0.09,200,1192600,"S"
"ASM","10:59:22",9.83,-0.09,1700,1192400,"S"
"ASM","10:57:25",9.83,-0.09,10000,1190700,"S"
"ASM","10:56:59",9.81,-0.11,2000,1180700,"B"
"ASM","10:56:40",9.81,-0.11,15000,1178700,"B"
"ASM","10:56:28",9.81,-0.11,3000,1163700,"B"
"ASM","10:56:07",9.82,-0.1,1700,1160700,"B"
"ASM","10:55:43",9.82,-0.1,300,1159000,"S"
"ASM","10:55:42",9.82,-0.1,1000,1158700,"S"
"ASM","10:55:36",9.81,-0.11,13000,1157700,"B"
"ASM","10:55:26",9.82,-0.1,1900,1144700,"B"
"ASM","10:55:20",9.82,-0.1,100,1142800,"B"
"ASM","10:55:09",9.82,-0.1,5000,1142700,"B"
"ASM","10:54:50",9.82,-0.1,1000,1137700,"S"
"ASM","10:54:44",9.82,-0.1,1000,1136700,"S"
"ASM","10:54:25",9.82,-0.1,4800,1135700,"B"
"ASM","10:54:18",9.85,-0.07,100,1130900,"S"
"ASM","10:54:18",9.83,-0.09,9900,1130800,"S"
"ASM","10:54:09",9.83,-0.09,100,1120900,"B"
"ASM","10:53:10",9.83,-0.09,100,1120800,"B"
"ASM","10:52:28",9.83,-0.09,1500,1120700,"B"
"ASM","10:51:45",9.82,-0.1,500,1119200,"B"
"ASM","10:51:10",9.82,-0.1,9000,1118700,"B"
"ASM","10:51:10",9.83,-0.09,1000,1109700,"B"
"ASM","10:51:05",9.82,-0.1,2500,1108700,"B"
"ASM","10:50:20",9.83,-0.09,100,1106200,"S"
"ASM","10:50:17",9.83,-0.09,200,1106100,"S"
"ASM","10:49:51",9.83,-0.09,100,1105900,"S"
"ASM","10:49:43",9.83,-0.09,1500,1105800,"B"
"ASM","10:48:42",9.83,-0.09,8700,1104300,"S"
"ASM","10:48:32",9.83,-0.09,100,1095600,"S"
"ASM","10:48:32",9.83,-0.09,5000,1095500,"S"
"ASM","10:48:28",9.83,-0.09,2600,1090500,"S"
"ASM","10:48:26",9.83,-0.09,100,1087900,"S"
"ASM","10:48:23",9.83,-0.09,1000,1087800,"S"
"ASM","10:47:24",9.82,-0.1,300,1086800,"B"
"ASM","10:47:22",9.82,-0.1,7500,1086500,"B"
"ASM","10:47:05",9.82,-0.1,2200,1079000,"B"
"ASM","10:47:03",9.83,-0.09,100,1076800,"S"
"ASM","10:47:00",9.83,-0.09,100,1076700,"S"
"ASM","10:46:28",9.83,-0.09,2300,1076600,"B"
"ASM","10:45:50",9.84,-0.08,700,1074300,"B"
"ASM","10:44:58",9.83,-0.09,15600,1073600,"B"
"ASM","10:44:58",9.84,-0.08,4400,1058000,"B"
"ASM","10:44:25",9.84,-0.08,400,1053600,"B"
"ASM","10:44:16",9.84,-0.08,1000,1053200,"B"
"ASM","10:43:44",9.85,-0.07,600,1052200,"B"
"ASM","10:43:35",9.85,-0.07,4400,1051600,"S"
"ASM","10:42:45",9.85,-0.07,600,1047200,"B"
"ASM","10:41:47",9.85,-0.07,4400,1046600,"S"
"ASM","10:40:19",9.85,-0.07,10000,1042200,"S"
"ASM","10:40:01",9.85,-0.07,600,1032200,"S"
"ASM","10:39:25",9.84,-0.08,200,1031600,"S"
"ASM","10:39:24",9.84,-0.08,100,1031400,"B"
"ASM","10:39:18",9.85,-0.07,400,1031300,"S"
"ASM","10:39:09",9.85,-0.07,4600,1030900,"B"
"ASM","10:38:47",9.84,-0.08,9900,1026300,"B"
"ASM","10:38:47",9.85,-0.07,100,1016400,"B"
"ASM","10:38:41",9.85,-0.07,100,1016300,"S"
"ASM","10:37:32",9.85,-0.07,200,1016200,"B"
"ASM","10:37:16",9.85,-0.07,2000,1016000,"B"
"ASM","10:37:01",9.85,-0.07,5000,1014000,"B"
"ASM","10:35:44",9.85,-0.07,1300,1009000,"S"
"ASM","10:35:43",9.85,-0.07,100,1007700,"S"
"ASM","10:35:37",9.85,-0.07,200,1007600,"S"
"ASM","10:35:24",9.85,-0.07,300,1007400,"S"
"ASM","10:35:20",9.85,-0.07,100,1007100,"B"
"ASM","10:33:52",9.85,-0.07,10000,1007000,"B"
"ASM","10:33:46",9.85,-0.07,1000,997000,"B"
"ASM","10:32:42",9.89,-0.03,100,996000,"S"
"ASM","10:28:32",9.89,-0.03,400,995900,"S"
"ASM","10:28:15",9.89,-0.03,500,995500,"S"
"ASM","10:27:42",9.86,-0.06,300,995000,"S"
"ASM","10:27:18",9.83,-0.09,200,994700,"B"
"ASM","10:26:07",9.82,-0.1,1400,994500,"B"
"ASM","10:26:07",9.83,-0.09,6400,993100,"B"
"ASM","10:26:07",9.84,-0.08,200,986700,"B"
"ASM","10:25:31",9.83,-0.09,18300,986500,"B"
"ASM","10:25:31",9.84,-0.08,300,968200,"B"
"ASM","10:25:24",9.84,-0.08,300,967900,"B"
"ASM","10:25:12",9.84,-0.08,200,967600,"B"
"ASM","10:24:47",9.84,-0.08,200,967400,"S"
"ASM","10:24:32",9.84,-0.08,9800,967200,"B"
"ASM","10:23:23",9.84,-0.08,300,957400,"S"
"ASM","10:23:08",9.84,-0.08,100,957100,"S"
"ASM","10:23:02",9.84,-0.08,100,957000,"S"
"ASM","10:22:54",9.84,-0.08,1000,956900,"S"
"ASM","10:22:34",9.84,-0.08,600,955900,"S"
"ASM","10:21:58",9.84,-0.08,200,955300,"B"
"ASM","10:21:28",9.85,-0.07,13900,955100,"B"
"ASM","10:21:10",9.86,-0.06,500,941200,"S"
"ASM","10:21:09",9.85,-0.07,16300,940700,"B"
"ASM","10:20:59",9.86,-0.06,200,924400,"S"
"ASM","10:20:48",9.86,-0.06,100,924200,"S"
"ASM","10:20:43",9.86,-0.06,1100,924100,"S"
"ASM","10:20:37",9.86,-0.06,3600,923000,"B"
"ASM","10:19:59",9.86,-0.06,1000,919400,"B"
"ASM","10:19:15",9.86,-0.06,50400,918400,"B"
"ASM","10:19:12",9.86,-0.06,100,868000,"B"
"ASM","10:18:47",9.86,-0.06,50100,867900,"B"
"ASM","10:18:38",9.87,-0.05,300,817800,"S"
"ASM","10:18:16",9.87,-0.05,48700,817500,"B"
"ASM","10:18:16",9.88,-0.04,1000,768800,"B"
"ASM","10:17:48",9.87,-0.05,58600,767800,"B"
"ASM","10:17:48",9.88,-0.04,17800,709200,"B"
"ASM","10:17:48",9.89,-0.03,3600,691400,"B"
"ASM","10:17:42",9.9,-0.02,100,687800,"S"
"ASM","10:16:39",9.89,-0.03,3400,687700,"S"
"ASM","10:15:37",9.89,-0.03,20000,684300,"S"
"ASM","10:15:36",9.88,-0.04,400,664300,"S"
"ASM","10:15:15",9.88,-0.04,16000,663900,"S"
"ASM","10:15:06",9.88,-0.04,100,647900,"S"
"ASM","10:14:57",9.88,-0.04,200,647800,"S"
"ASM","10:14:39",9.88,-0.04,1000,647600,"S"
"ASM","10:14:37",9.88,-0.04,15100,646600,"B"
"ASM","10:14:35",9.88,-0.04,200,631500,"B"
"ASM","10:13:49",9.88,-0.04,3000,631300,"B"
"ASM","10:13:29",9.88,-0.04,1000,628300,"B"
"ASM","10:12:34",9.89,-0.03,1000,627300,"S"
"ASM","10:11:56",9.89,-0.03,1000,626300,"S"
"ASM","10:11:22",9.89,-0.03,200,625300,"S"
"ASM","10:11:11",9.89,-0.03,2000,625100,"S"
"ASM","10:11:05",9.89,-0.03,200,623100,"S"
"ASM","10:09:46",9.89,-0.03,100,622900,"S"
"ASM","10:09:18",9.88,-0.04,5000,622800,"B"
"ASM","10:09:03",9.88,-0.04,1000,617800,"B"
"ASM","10:08:45",9.89,-0.03,4000,616800,"S"
"ASM","10:08:33",9.89,-0.03,75300,612800,"B"
"ASM","10:08:21",9.89,-0.03,10000,537500,"B"
"ASM","10:07:55",9.89,-0.03,14700,527500,"S"
"ASM","10:07:52",9.89,-0.03,100,512800,"S"
"ASM","10:06:55",9.89,-0.03,300,512700,"S"
"ASM","10:06:39",9.89,-0.03,1000,512400,"S"
"ASM","10:06:38",9.89,-0.03,53900,511400,"B"
"ASM","10:06:12",9.89,-0.03,3200,457500,"B"
"ASM","10:04:54",9.89,-0.03,6000,454300,"B"
"ASM","10:04:03",9.89,-0.03,9400,448300,"B"
"ASM","10:03:31",9.89,-0.03,6700,438900,"B"
"ASM","10:03:31",9.9,-0.02,7300,432200,"B"
"ASM","10:01:24",9.9,-0.02,12000,424900,"B"
"ASM","10:00:54",9.89,-0.03,4600,412900,"B"
"ASM","10:00:29",9.9,-0.02,3800,392900,"S"
"ASM","10:00:27",9.9,-0.02,200,389100,"S"
"ASM","10:00:22",9.9,-0.02,400,388900,"S"
"ASM","10:00:14",9.9,-0.02,100,388500,"S"
"ASM","10:00:11",9.9,-0.02,2000,388400,"S"
"ASM","09:59:40",9.9,-0.02,5000,386400,"S"
"ASM","09:59:34",9.9,-0.02,5000,381400,"S"
"ASM","09:59:16",9.9,-0.02,300,376400,"S"
"ASM","09:58:59",9.9,-0.02,100,376100,"S"
"ASM","09:58:36",9.89,-0.03,9500,376000,"B"
"ASM","09:58:35",9.89,-0.03,500,366500,"B"
"ASM","09:58:26",9.9,-0.02,700,366000,"S"
"ASM","09:58:17",9.9,-0.02,200,365300,"S"
"ASM","09:57:54",9.9,-0.02,52200,365100,"B"
"ASM","09:57:46",9.91,-0.01,20000,312900,"B"
"ASM","09:57:46",9.92,0,700,292900,"B"
"ASM","09:57:46",9.93,0.01,9900,292200,"B"
"ASM","09:56:02",9.93,0.01,100,282300,"B"
"ASM","09:55:50",9.93,0.01,100,282200,"B"
"ASM","09:55:29",9.93,0.01,5000,282100,"B"
"ASM","09:54:14",9.92,0,10000,277100,"B"
"ASM","09:53:25",9.92,0,26700,267100,"B"
"ASM","09:53:25",9.93,0.01,3200,240400,"B"
"ASM","09:53:25",9.94,0.02,100,237200,"B"
"ASM","09:53:03",9.93,0.01,17400,237100,"B"
"ASM","09:53:02",9.93,0.01,7300,219700,"B"
"ASM","09:53:02",9.94,0.02,5300,212400,"B"
"ASM","09:52:36",9.94,0.02,500,207100,"B"
"ASM","09:50:46",9.99,0.07,1000,206600,"S"
"ASM","09:50:06",9.95,0.03,100,205600,"S"
"ASM","09:49:31",9.95,0.03,600,205500,"S"
"ASM","09:48:46",9.95,0.03,9000,204900,"S"
"ASM","09:47:31",9.95,0.03,17200,195900,"B"
"ASM","09:47:31",9.96,0.04,3200,178700,"B"
"ASM","09:47:16",9.97,0.05,200,175500,"B"
"ASM","09:47:12",9.99,0.07,1000,175300,"S"
"ASM","09:47:10",9.97,0.05,6800,174300,"S"
"ASM","09:46:20",9.97,0.05,2000,167500,"S"
"ASM","09:45:39",9.97,0.05,1000,165500,"S"
"ASM","09:45:12",9.96,0.04,2000,164500,"B"
"ASM","09:44:09",9.96,0.04,10000,162500,"B"
"ASM","09:43:27",9.97,0.05,1000,152500,"B"
"ASM","09:42:58",9.97,0.05,5000,151500,"S"
"ASM","09:42:39",9.97,0.05,5000,146500,"B"
"ASM","09:42:12",9.97,0.05,5000,141500,"S"
"ASM","09:41:44",9.97,0.05,5000,136500,"B"
"ASM","09:41:02",9.99,0.07,100,131500,"S"
"ASM","09:40:19",9.99,0.07,300,131400,"S"
"ASM","09:40:16",9.99,0.07,1000,131100,"S"
"ASM","09:39:46",9.99,0.07,300,130100,"S"
"ASM","09:38:59",9.99,0.07,800,129800,"B"
"ASM","09:38:48",9.99,0.07,200,129000,"S"
"ASM","09:38:27",9.99,0.07,2600,128800,"S"
"ASM","09:36:19",9.96,0.04,100,126200,"B"
"ASM","09:32:33",10,0.08,3300,126100,"B"
"ASM","09:31:57",10,0.08,400,122800,"B"
"ASM","09:31:51",10,0.08,5000,122400,"B"
"ASM","09:31:46",10.05,0.13,500,117400,"S"
"ASM","09:31:01",10,0.08,4800,116900,"S"
"ASM","09:30:58",10,0.08,200,112100,"B"
"ASM","09:30:45",10,0.08,7000,111900,"B"
"ASM","09:30:34",10,0.08,1000,104900,"B"
"ASM","09:30:13",10,0.08,2000,103900,"B"
"ASM","09:29:58",10,0.08,4800,101900,"S"
"ASM","09:29:52",10,0.08,100,97100,"S"
"ASM","09:29:49",10,0.08,3200,97000,"S"
"ASM","09:29:13",10,0.08,2500,93800,"B"
"ASM","09:28:46",10,0.08,27500,91300,"S"
"ASM","09:26:32",9.96,0.04,500,63800,"B"
"ASM","09:26:04",9.96,0.04,500,63300,"B"
"ASM","09:25:46",9.96,0.04,500,62800,"B"
"ASM","09:23:53",9.96,0.04,100,62300,"S"
"ASM","09:22:14",9.92,0,6900,62200,"S"
"ASM","09:22:09",9.92,0,300,55300,"S"
"ASM","09:22:04",9.92,0,9800,55000,"B"
"ASM","09:22:04",9.93,0.01,3000,45200,"B"
"ASM","09:21:26",9.92,0,100,42200,"S"
"ASM","09:21:22",9.92,0,5000,42100,"S"
"ASM","09:21:18",9.92,0,500,37100,"S"
"ASM","09:21:13",9.92,0,200,36600,"S"
"ASM","09:21:09",9.92,0,5000,36400,"S"
"ASM","09:20:49",9.92,0,100,31400,"S"
"ASM","09:20:42",9.9,-0.02,3700,31300,"B"
"ASM","09:20:25",9.91,-0.01,1300,27600,"B"
"ASM","09:20:19",9.92,0,100,26300,"S"
"ASM","09:20:01",9.92,0,11800,26200,"B"
"ASM","09:20:01",9.93,0.01,7200,14400,"B"
"ASM","09:19:51",9.93,0.01,100,7200,"B"
"ASM","09:18:35",9.93,0.01,100,7100,"B"
"ASM","09:18:29",9.93,0.01,100,7000,"B"
"ASM","09:17:01",9.93,0.01,300,6900,"B"
"ASM","09:15:53",10,0.08,3000,6600,"S"
"ASM","09:15:00",10,0.08,3600,3600,
