"symbol","time","price","change","vol","total","side"
"DCM","14:45:00",31.15,0.25,115800,1631600,
"DCM","14:29:55",31,0.1,100,1515800,"S"
"DCM","14:29:50",30.95,0.05,900,1515700,"B"
"DCM","14:29:49",30.95,0.05,100,1514800,"B"
"DCM","14:29:47",31,0.1,500,1514700,"S"
"DCM","14:29:47",30.95,0.05,2700,1514200,"B"
"DCM","14:29:42",30.95,0.05,200,1511500,"B"
"DCM","14:29:34",30.95,0.05,200,1511300,"B"
"DCM","14:29:27",30.95,0.05,1900,1511100,"S"
"DCM","14:29:20",30.95,0.05,800,1509200,"S"
"DCM","14:29:19",30.95,0.05,200,1508400,"S"
"DCM","14:29:18",30.9,0,500,1508200,"B"
"DCM","14:29:17",30.95,0.05,1000,1507700,"S"
"DCM","14:29:16",30.95,0.05,2000,1506700,"S"
"DCM","14:29:12",30.95,0.05,900,1504700,"S"
"DCM","14:29:12",30.95,0.05,500,1503800,"S"
"DCM","14:29:06",30.95,0.05,100,1503300,"S"
"DCM","14:29:00",30.95,0.05,800,1503200,"S"
"DCM","14:28:53",30.95,0.05,100,1502400,"S"
"DCM","14:28:30",30.9,0,3900,1502300,"S"
"DCM","14:28:21",30.9,0,100,1498400,"S"
"DCM","14:28:20",30.9,0,100,1498300,"S"
"DCM","14:28:01",30.9,0,300,1498200,"S"
"DCM","14:27:53",30.85,-0.05,500,1497900,"B"
"DCM","14:27:52",30.9,0,5300,1497400,"S"
"DCM","14:27:46",30.85,-0.05,1000,1492100,"B"
"DCM","14:27:44",30.85,-0.05,2100,1491100,"S"
"DCM","14:27:43",30.85,-0.05,1000,1489000,"S"
"DCM","14:27:40",30.85,-0.05,500,1488000,"S"
"DCM","14:27:39",30.85,-0.05,1000,1487500,"S"
"DCM","14:27:39",30.85,-0.05,500,1486500,"S"
"DCM","14:27:34",30.85,-0.05,5500,1486000,"S"
"DCM","14:27:24",30.8,-0.1,2000,1480500,"B"
"DCM","14:27:10",30.8,-0.1,500,1478500,"B"
"DCM","14:27:01",30.8,-0.1,1000,1478000,"B"
"DCM","14:26:57",30.85,-0.05,2000,1477000,"S"
"DCM","14:26:56",30.8,-0.1,500,1475000,"B"
"DCM","14:26:55",30.85,-0.05,200,1474500,"S"
"DCM","14:26:50",30.85,-0.05,1000,1474300,"S"
"DCM","14:26:37",30.85,-0.05,100,1473300,"S"
"DCM","14:26:19",30.8,-0.1,1000,1473200,"S"
"DCM","14:26:19",30.8,-0.1,1000,1472200,"S"
"DCM","14:26:02",30.8,-0.1,10000,1471200,"S"
"DCM","14:25:58",30.75,-0.15,2400,1461200,"S"
"DCM","14:25:57",30.75,-0.15,100,1458800,"S"
"DCM","14:25:56",30.75,-0.15,300,1458700,"S"
"DCM","14:25:50",30.75,-0.15,2200,1458400,"B"
"DCM","14:25:42",30.75,-0.15,2000,1456200,"S"
"DCM","14:25:18",30.7,-0.2,100,1454200,"S"
"DCM","14:25:14",30.7,-0.2,2000,1454100,"S"
"DCM","14:25:09",30.7,-0.2,1200,1452100,"S"
"DCM","14:25:05",30.7,-0.2,1800,1450900,"B"
"DCM","14:24:59",30.8,-0.1,3000,1449100,"S"
"DCM","14:24:42",30.8,-0.1,200,1446100,"S"
"DCM","14:24:34",30.8,-0.1,300,1445900,"S"
"DCM","14:24:32",30.75,-0.15,400,1445600,"B"
"DCM","14:24:19",30.8,-0.1,1900,1445200,"S"
"DCM","14:24:19",30.75,-0.15,100,1443300,"S"
"DCM","14:24:17",30.7,-0.2,100,1443200,"B"
"DCM","14:24:13",30.7,-0.2,1300,1443100,"B"
"DCM","14:24:13",30.75,-0.15,1000,1441800,"S"
"DCM","14:24:06",30.7,-0.2,1000,1440800,"B"
"DCM","14:23:48",30.7,-0.2,1100,1439800,"S"
"DCM","14:23:48",30.65,-0.25,3000,1438700,"S"
"DCM","14:23:47",30.6,-0.3,500,1435700,"B"
"DCM","14:23:42",30.65,-0.25,5000,1435200,"S"
"DCM","14:23:39",30.65,-0.25,1000,1430200,"S"
"DCM","14:23:38",30.65,-0.25,100,1429200,"S"
"DCM","14:23:37",30.65,-0.25,900,1429100,"B"
"DCM","14:23:32",30.65,-0.25,100,1428200,"S"
"DCM","14:23:30",30.6,-0.3,10000,1428100,"B"
"DCM","14:23:25",30.65,-0.25,100,1418100,"S"
"DCM","14:23:24",30.65,-0.25,500,1418000,"B"
"DCM","14:23:13",30.65,-0.25,3000,1417500,"B"
"DCM","14:22:54",30.65,-0.25,400,1414500,"S"
"DCM","14:22:51",30.65,-0.25,1300,1414100,"S"
"DCM","14:22:49",30.65,-0.25,100,1412800,"S"
"DCM","14:22:46",30.65,-0.25,100,1412700,"S"
"DCM","14:22:45",30.65,-0.25,200,1412600,"S"
"DCM","14:22:44",30.65,-0.25,100,1412400,"S"
"DCM","14:22:42",30.65,-0.25,200,1412300,"S"
"DCM","14:22:39",30.65,-0.25,5200,1412100,"S"
"DCM","14:22:33",30.65,-0.25,300,1406900,"S"
"DCM","14:22:24",30.6,-0.3,100,1406600,"B"
"DCM","14:22:22",30.6,-0.3,5000,1406500,"S"
"DCM","14:22:20",30.6,-0.3,10000,1401500,"S"
"DCM","14:22:17",30.6,-0.3,900,1391500,"S"
"DCM","14:22:15",30.6,-0.3,100,1390600,"S"
"DCM","14:22:09",30.6,-0.3,400,1390500,"S"
"DCM","14:22:06",30.6,-0.3,1000,1390100,"S"
"DCM","14:22:02",30.6,-0.3,200,1389100,"S"
"DCM","14:21:52",30.6,-0.3,200,1388900,"S"
"DCM","14:21:49",30.6,-0.3,100,1388700,"S"
"DCM","14:21:44",30.6,-0.3,600,1388600,"S"
"DCM","14:21:42",30.6,-0.3,700,1388000,"S"
"DCM","14:21:38",30.6,-0.3,1100,1387300,"S"
"DCM","14:21:36",30.6,-0.3,1500,1386200,"S"
"DCM","14:21:32",30.6,-0.3,100,1384700,"S"
"DCM","14:21:28",30.6,-0.3,300,1384600,"S"
"DCM","14:21:28",30.55,-0.35,3000,1384300,"S"
"DCM","14:21:22",30.55,-0.35,1000,1381300,"S"
"DCM","14:21:17",30.5,-0.4,2000,1380300,"B"
"DCM","14:21:13",30.5,-0.4,300,1378300,"S"
"DCM","14:21:11",30.5,-0.4,3000,1378000,"S"
"DCM","14:21:08",30.5,-0.4,1000,1375000,"S"
"DCM","14:21:04",30.5,-0.4,500,1374000,"S"
"DCM","14:21:02",30.5,-0.4,600,1373500,"S"
"DCM","14:21:00",30.5,-0.4,400,1372900,"S"
"DCM","14:20:46",30.5,-0.4,2000,1372500,"S"
"DCM","14:20:40",30.45,-0.45,3400,1370500,"S"
"DCM","14:20:38",30.45,-0.45,200,1367100,"S"
"DCM","14:20:37",30.45,-0.45,500,1366900,"S"
"DCM","14:20:37",30.45,-0.45,1000,1366400,"S"
"DCM","14:20:36",30.45,-0.45,100,1365400,"S"
"DCM","14:20:28",30.45,-0.45,2000,1365300,"S"
"DCM","14:20:26",30.4,-0.5,100,1363300,"B"
"DCM","14:20:21",30.4,-0.5,1000,1363200,"B"
"DCM","14:20:21",30.4,-0.5,500,1362200,"B"
"DCM","14:20:20",30.4,-0.5,400,1361700,"B"
"DCM","14:20:17",30.4,-0.5,2000,1361300,"S"
"DCM","14:20:12",30.3,-0.6,600,1359300,"B"
"DCM","14:20:02",30.3,-0.6,1500,1358700,"S"
"DCM","14:19:58",30.3,-0.6,1100,1357200,"S"
"DCM","14:19:57",30.3,-0.6,100,1356100,"S"
"DCM","14:19:55",30.3,-0.6,1500,1356000,"S"
"DCM","14:19:50",30.3,-0.6,300,1354500,"B"
"DCM","14:19:49",30.3,-0.6,28400,1354200,"B"
"DCM","14:19:49",30.35,-0.55,7600,1325800,"B"
"DCM","14:19:35",30.35,-0.55,5600,1318200,"B"
"DCM","14:19:35",30.4,-0.5,4400,1312600,"B"
"DCM","14:19:29",30.4,-0.5,3000,1308200,"S"
"DCM","14:19:27",30.4,-0.5,100,1305200,"S"
"DCM","14:19:25",30.4,-0.5,500,1305100,"S"
"DCM","14:19:22",30.4,-0.5,100,1304600,"S"
"DCM","14:19:21",30.4,-0.5,100,1304500,"S"
"DCM","14:19:17",30.4,-0.5,1800,1304400,"S"
"DCM","14:19:16",30.4,-0.5,5000,1302600,"S"
"DCM","14:19:15",30.4,-0.5,100,1297600,"S"
"DCM","14:19:13",30.4,-0.5,9300,1297500,"B"
"DCM","14:19:12",30.5,-0.4,4100,1288200,"S"
"DCM","14:19:04",30.45,-0.45,100,1284100,"S"
"DCM","14:19:04",30.4,-0.5,20100,1284000,"B"
"DCM","14:19:02",30.45,-0.45,100,1263900,"S"
"DCM","14:19:00",30.4,-0.5,2500,1263800,"B"
"DCM","14:18:59",30.4,-0.5,13300,1261300,"B"
"DCM","14:18:45",30.4,-0.5,800,1248000,"B"
"DCM","14:18:44",30.5,-0.4,200,1247200,"S"
"DCM","14:18:44",30.45,-0.45,500,1247000,"S"
"DCM","14:18:37",30.5,-0.4,400,1246500,"S"
"DCM","14:18:34",30.4,-0.5,500,1246100,"B"
"DCM","14:18:31",30.5,-0.4,200,1245600,"S"
"DCM","14:18:25",30.5,-0.4,1400,1245400,"S"
"DCM","14:18:20",30.5,-0.4,200,1244000,"S"
"DCM","14:18:19",30.4,-0.5,100,1243800,"B"
"DCM","14:18:18",30.4,-0.5,13400,1243700,"B"
"DCM","14:18:18",30.45,-0.45,4800,1230300,"B"
"DCM","14:18:18",30.5,-0.4,1800,1225500,"B"
"DCM","14:18:16",30.5,-0.4,26500,1223700,"B"
"DCM","14:18:15",30.5,-0.4,1000,1197200,"B"
"DCM","14:18:14",30.5,-0.4,18800,1196200,"B"
"DCM","14:18:01",30.5,-0.4,21900,1177400,"B"
"DCM","14:18:00",30.5,-0.4,1000,1155500,"B"
"DCM","14:17:58",30.5,-0.4,500,1154500,"B"
"DCM","14:17:55",30.5,-0.4,100,1154000,"B"
"DCM","14:17:53",30.5,-0.4,3000,1153900,"B"
"DCM","14:17:50",30.5,-0.4,19800,1150900,"B"
"DCM","14:17:48",30.5,-0.4,700,1131100,"B"
"DCM","14:17:47",30.5,-0.4,500,1130400,"B"
"DCM","14:17:45",30.5,-0.4,1800,1129900,"B"
"DCM","14:17:41",30.5,-0.4,9000,1128100,"B"
"DCM","14:17:39",30.5,-0.4,1000,1119100,"B"
"DCM","14:17:38",30.55,-0.35,200,1118100,"S"
"DCM","14:17:35",30.5,-0.4,7100,1117900,"B"
"DCM","14:17:33",30.5,-0.4,200,1110800,"B"
"DCM","14:17:30",30.55,-0.35,2000,1110600,"S"
"DCM","14:17:29",30.5,-0.4,14900,1108600,"B"
"DCM","14:17:28",30.5,-0.4,4900,1093700,"B"
"DCM","14:17:24",30.5,-0.4,22300,1088800,"B"
"DCM","14:17:24",30.55,-0.35,3200,1066500,"B"
"DCM","14:17:22",30.55,-0.35,1500,1063300,"B"
"DCM","14:17:16",30.55,-0.35,1000,1061800,"B"
"DCM","14:17:11",30.55,-0.35,1000,1060800,"B"
"DCM","14:17:06",30.55,-0.35,200,1059800,"B"
"DCM","14:16:59",30.55,-0.35,1000,1059600,"B"
"DCM","14:16:51",30.55,-0.35,500,1058600,"B"
"DCM","14:16:29",30.55,-0.35,400,1058100,"S"
"DCM","14:16:20",30.55,-0.35,200,1057700,"S"
"DCM","14:16:18",30.55,-0.35,100,1057500,"S"
"DCM","14:16:17",30.55,-0.35,1800,1057400,"B"
"DCM","14:15:56",30.55,-0.35,4500,1055600,"S"
"DCM","14:15:55",30.55,-0.35,100,1051100,"S"
"DCM","14:15:50",30.55,-0.35,1000,1051000,"S"
"DCM","14:15:38",30.55,-0.35,7200,1050000,"B"
"DCM","14:15:35",30.55,-0.35,100,1042800,"B"
"DCM","14:15:33",30.6,-0.3,1000,1042700,"S"
"DCM","14:15:32",30.55,-0.35,3000,1041700,"B"
"DCM","14:15:27",30.55,-0.35,600,1038700,"B"
"DCM","14:15:18",30.55,-0.35,1000,1038100,"B"
"DCM","14:15:12",30.55,-0.35,100,1037100,"B"
"DCM","14:15:09",30.55,-0.35,800,1037000,"S"
"DCM","14:14:59",30.5,-0.4,2000,1036200,"B"
"DCM","14:14:58",30.5,-0.4,1600,1034200,"B"
"DCM","14:14:58",30.55,-0.35,400,1032600,"B"
"DCM","14:14:42",30.5,-0.4,1600,1032200,"B"
"DCM","14:14:42",30.55,-0.35,100,1030600,"B"
"DCM","14:14:42",30.6,-0.3,300,1030500,"B"
"DCM","14:14:38",30.65,-0.25,100,1030200,"S"
"DCM","14:14:35",30.5,-0.4,5500,1030100,"B"
"DCM","14:14:35",30.5,-0.4,2100,1024600,"B"
"DCM","14:14:34",30.6,-0.3,11100,973600,"B"
"DCM","14:14:31",30.6,-0.3,700,962500,"B"
"DCM","14:14:28",30.6,-0.3,100,961800,"B"
"DCM","14:14:28",30.65,-0.25,100,961700,"S"
"DCM","14:14:24",30.65,-0.25,200,961600,"S"
"DCM","14:14:17",30.65,-0.25,100,961400,"S"
"DCM","14:14:04",30.65,-0.25,100,961300,"S"
"DCM","14:14:04",30.6,-0.3,6000,961200,"B"
"DCM","14:14:01",30.65,-0.25,700,955200,"S"
"DCM","14:13:50",30.65,-0.25,100,954500,"S"
"DCM","14:13:36",30.65,-0.25,100,954400,"S"
"DCM","14:13:30",30.65,-0.25,600,954300,"B"
"DCM","14:13:06",30.65,-0.25,1900,953700,"B"
"DCM","14:13:06",30.7,-0.2,38100,951800,"B"
"DCM","14:13:02",30.7,-0.2,3000,913700,"B"
"DCM","14:12:57",30.8,-0.1,900,910700,"S"
"DCM","14:12:55",30.7,-0.2,100,909800,"B"
"DCM","14:12:52",30.7,-0.2,100,909700,"B"
"DCM","14:12:32",30.8,-0.1,1000,909600,"S"
"DCM","14:12:26",30.7,-0.2,500,908600,"B"
"DCM","14:12:21",30.7,-0.2,1500,908100,"B"
"DCM","14:12:15",30.7,-0.2,800,906600,"B"
"DCM","14:11:46",30.7,-0.2,41400,905800,"B"
"DCM","14:11:46",30.75,-0.15,41400,864400,"B"
"DCM","14:11:28",30.75,-0.15,2500,823000,"B"
"DCM","14:11:08",30.8,-0.1,200,820500,"S"
"DCM","14:11:06",30.8,-0.1,700,820300,"B"
"DCM","14:11:05",30.8,-0.1,2500,819600,"B"
"DCM","14:11:04",30.8,-0.1,12500,817100,"B"
"DCM","14:10:51",30.8,-0.1,500,804600,"B"
"DCM","14:10:31",30.8,-0.1,5000,804100,"B"
"DCM","14:09:41",30.85,-0.05,100,799100,"S"
"DCM","14:09:33",30.8,-0.1,200,799000,"B"
"DCM","14:09:17",30.8,-0.1,500,798800,"B"
"DCM","14:09:14",30.8,-0.1,1000,798300,"B"
"DCM","14:09:13",30.85,-0.05,200,797300,"S"
"DCM","14:09:13",30.8,-0.1,2200,797100,"B"
"DCM","14:09:02",30.8,-0.1,500,794900,"B"
"DCM","14:08:03",30.85,-0.05,4000,794400,"S"
"DCM","14:07:48",30.85,-0.05,200,790400,"S"
"DCM","14:07:44",30.85,-0.05,100,790200,"S"
"DCM","14:06:38",30.85,-0.05,2000,790100,"S"
"DCM","14:06:20",30.85,-0.05,100,788100,"S"
"DCM","14:06:12",30.8,-0.1,5000,788000,"B"
"DCM","14:06:12",30.85,-0.05,500,783000,"S"
"DCM","14:06:07",30.8,-0.1,5000,782500,"B"
"DCM","14:05:52",30.85,-0.05,400,777500,"S"
"DCM","14:05:51",30.85,-0.05,400,777100,"S"
"DCM","14:05:47",30.8,-0.1,100,776700,"B"
"DCM","14:05:39",30.85,-0.05,200,776600,"S"
"DCM","14:03:41",30.8,-0.1,500,776400,"B"
"DCM","14:03:16",30.85,-0.05,300,775900,"S"
"DCM","14:03:01",30.85,-0.05,1000,775600,"S"
"DCM","14:02:58",30.8,-0.1,2000,774600,"B"
"DCM","14:02:36",30.85,-0.05,200,772600,"S"
"DCM","14:02:31",30.85,-0.05,100,772400,"S"
"DCM","14:02:28",30.8,-0.1,2400,772300,"B"
"DCM","14:02:28",30.8,-0.1,1200,769900,"B"
"DCM","14:02:23",30.8,-0.1,100,768700,"B"
"DCM","14:02:17",30.8,-0.1,100,768600,"B"
"DCM","14:02:10",30.85,-0.05,500,768500,"S"
"DCM","14:01:47",30.8,-0.1,1500,768000,"B"
"DCM","14:01:42",30.85,-0.05,1000,766500,"S"
"DCM","14:01:15",30.8,-0.1,100,765500,"B"
"DCM","14:00:30",30.8,-0.1,100,765400,"B"
"DCM","14:00:21",30.8,-0.1,1800,765300,"B"
"DCM","14:00:08",30.8,-0.1,5000,763500,"B"
"DCM","14:00:06",30.85,-0.05,200,758500,"S"
"DCM","14:00:01",30.8,-0.1,300,758300,"B"
"DCM","14:00:00",30.8,-0.1,1000,758000,"B"
"DCM","13:58:54",30.85,-0.05,1000,757000,"S"
"DCM","13:58:52",30.8,-0.1,5000,756000,"B"
"DCM","13:58:36",30.85,-0.05,100,751000,"S"
"DCM","13:58:36",30.85,-0.05,100,750900,"S"
"DCM","13:58:19",30.8,-0.1,5000,750800,"B"
"DCM","13:58:16",30.85,-0.05,3000,745800,"S"
"DCM","13:58:10",30.85,-0.05,200,742800,"S"
"DCM","13:58:10",30.8,-0.1,10000,742600,"B"
"DCM","13:57:39",30.85,-0.05,100,732600,"S"
"DCM","13:57:37",30.8,-0.1,1000,732500,"B"
"DCM","13:57:30",30.85,-0.05,100,731500,"S"
"DCM","13:57:04",30.85,-0.05,100,731400,"S"
"DCM","13:57:00",30.8,-0.1,500,731300,"B"
"DCM","13:56:58",30.8,-0.1,1000,730800,"B"
"DCM","13:56:35",30.85,-0.05,1000,729800,"S"
"DCM","13:55:37",30.85,-0.05,1000,728800,"S"
"DCM","13:55:10",30.85,-0.05,6000,727800,"S"
"DCM","13:54:13",30.85,-0.05,1000,721800,"S"
"DCM","13:53:59",30.8,-0.1,200,720800,"B"
"DCM","13:53:25",30.85,-0.05,100,720600,"S"
"DCM","13:53:02",30.85,-0.05,500,720500,"S"
"DCM","13:52:42",30.8,-0.1,5000,720000,"B"
"DCM","13:52:37",30.85,-0.05,100,715000,"S"
"DCM","13:52:17",30.85,-0.05,500,714900,"S"
"DCM","13:52:10",30.8,-0.1,2100,714400,"B"
"DCM","13:52:09",30.8,-0.1,400,712300,"B"
"DCM","13:51:18",30.8,-0.1,5000,711900,"B"
"DCM","13:51:05",30.8,-0.1,2100,706900,"B"
"DCM","13:51:05",30.8,-0.1,3200,704800,"B"
"DCM","13:50:05",30.8,-0.1,1000,701600,"B"
"DCM","13:49:40",30.85,-0.05,2800,700600,"S"
"DCM","13:49:31",30.8,-0.1,200,697800,"B"
"DCM","13:49:22",30.85,-0.05,200,697600,"S"
"DCM","13:48:56",30.85,-0.05,100,697400,"S"
"DCM","13:48:47",30.85,-0.05,200,697300,"S"
"DCM","13:47:40",30.85,-0.05,500,697100,"S"
"DCM","13:47:07",30.85,-0.05,2100,696600,"B"
"DCM","13:47:00",30.85,-0.05,10000,694500,"B"
"DCM","13:46:47",30.85,-0.05,3400,684500,"B"
"DCM","13:46:37",30.85,-0.05,200,681100,"B"
"DCM","13:46:36",30.85,-0.05,3100,680900,"B"
"DCM","13:45:43",30.85,-0.05,200,677800,"B"
"DCM","13:45:18",30.85,-0.05,100,677600,"B"
"DCM","13:44:57",30.85,-0.05,200,677500,"B"
"DCM","13:44:18",30.85,-0.05,3400,677300,"B"
"DCM","13:43:57",30.85,-0.05,1000,673900,"B"
"DCM","13:43:41",30.85,-0.05,3000,672900,"B"
"DCM","13:43:31",30.85,-0.05,5000,669900,"B"
"DCM","13:42:16",30.85,-0.05,1000,664900,"B"
"DCM","13:42:13",30.9,0,10000,663900,"S"
"DCM","13:41:21",30.9,0,100,653900,"S"
"DCM","13:41:12",30.85,-0.05,5000,653800,"B"
"DCM","13:40:25",30.9,0,100,648800,"S"
"DCM","13:40:11",30.9,0,100,648700,"S"
"DCM","13:40:03",30.9,0,10100,648600,"B"
"DCM","13:39:38",30.9,0,100,638500,"B"
"DCM","13:39:15",30.9,0,600,638400,"S"
"DCM","13:38:55",30.9,0,3000,637800,"S"
"DCM","13:38:38",30.9,0,200,634800,"S"
"DCM","13:38:23",30.9,0,2000,634600,"S"
"DCM","13:37:59",30.9,0,400,632600,"S"
"DCM","13:37:30",30.9,0,300,632200,"S"
"DCM","13:36:59",30.9,0,1000,631900,"S"
"DCM","13:36:54",30.9,0,100,630900,"S"
"DCM","13:36:45",30.9,0,500,630800,"S"
"DCM","13:36:15",30.9,0,100,630300,"S"
"DCM","13:36:02",30.9,0,2000,630200,"S"
"DCM","13:35:57",30.9,0,3000,628200,"S"
"DCM","13:34:48",30.9,0,100,625200,"S"
"DCM","13:34:38",30.9,0,1000,625100,"S"
"DCM","13:34:22",30.85,-0.05,900,624100,"B"
"DCM","13:31:47",30.85,-0.05,500,623200,"S"
"DCM","13:31:40",30.85,-0.05,4500,622700,"B"
"DCM","13:31:31",30.85,-0.05,5000,618200,"B"
"DCM","13:31:30",30.85,-0.05,100,613200,"B"
"DCM","13:30:50",30.9,0,1000,613100,"S"
"DCM","13:30:19",30.85,-0.05,4000,612100,"B"
"DCM","13:29:41",30.9,0,200,608100,"S"
"DCM","13:29:29",30.85,-0.05,1000,607900,"B"
"DCM","13:29:18",30.85,-0.05,2800,606900,"B"
"DCM","13:28:58",30.85,-0.05,1000,604100,"B"
"DCM","13:28:55",30.9,0,2400,603100,"B"
"DCM","13:28:27",30.9,0,1000,600700,"B"
"DCM","13:27:56",30.9,0,1000,599700,"B"
"DCM","13:27:53",30.9,0,700,598700,"S"
"DCM","13:27:49",30.9,0,500,598000,"S"
"DCM","13:27:44",30.9,0,800,597500,"S"
"DCM","13:27:25",30.85,-0.05,100,596700,"B"
"DCM","13:27:25",30.9,0,900,596600,"B"
"DCM","13:27:21",30.9,0,2000,595700,"B"
"DCM","13:26:54",30.9,0,1000,593700,"B"
"DCM","13:26:23",30.9,0,1000,592700,"B"
"DCM","13:25:55",30.9,0,5000,591700,"S"
"DCM","13:25:52",30.85,-0.05,900,586700,"B"
"DCM","13:25:21",30.85,-0.05,900,585800,"B"
"DCM","13:24:49",30.85,-0.05,900,584900,"B"
"DCM","13:24:19",30.85,-0.05,1400,584000,"B"
"DCM","13:23:49",30.85,-0.05,900,582600,"B"
"DCM","13:23:48",30.9,0,5000,581700,"S"
"DCM","13:23:34",30.9,0,1000,576700,"S"
"DCM","13:23:17",30.85,-0.05,900,575700,"B"
"DCM","13:23:16",30.9,0,5000,574800,"S"
"DCM","13:23:00",30.9,0,100,569800,"S"
"DCM","13:22:59",30.9,0,500,569700,"S"
"DCM","13:22:52",30.9,0,100,569200,"S"
"DCM","13:22:48",30.9,0,100,569100,"S"
"DCM","13:22:47",30.9,0,1000,569000,"S"
"DCM","13:22:46",30.9,0,200,568000,"S"
"DCM","13:22:46",30.85,-0.05,900,567800,"B"
"DCM","13:22:32",30.9,0,600,566900,"S"
"DCM","13:22:23",30.9,0,200,566300,"S"
"DCM","13:22:15",30.85,-0.05,900,566100,"B"
"DCM","13:22:09",30.9,0,500,565200,"S"
"DCM","13:22:05",30.9,0,200,564700,"S"
"DCM","13:21:55",30.9,0,600,564500,"S"
"DCM","13:21:32",30.9,0,3000,563900,"S"
"DCM","13:21:30",30.85,-0.05,300,560900,"B"
"DCM","13:21:29",30.85,-0.05,500,560600,"B"
"DCM","13:21:10",30.9,0,1000,560100,"S"
"DCM","13:20:58",30.85,-0.05,800,559100,"B"
"DCM","13:20:50",30.85,-0.05,5800,558300,"B"
"DCM","13:20:31",30.85,-0.05,400,552500,"B"
"DCM","13:20:27",30.85,-0.05,800,552100,"B"
"DCM","13:20:26",30.85,-0.05,500,551300,"B"
"DCM","13:20:26",30.9,0,1000,550800,"S"
"DCM","13:19:56",30.85,-0.05,800,549800,"B"
"DCM","13:19:47",30.9,0,1100,549000,"S"
"DCM","13:19:25",30.85,-0.05,800,547900,"B"
"DCM","13:19:23",30.85,-0.05,200,547100,"B"
"DCM","13:18:53",30.85,-0.05,800,546900,"B"
"DCM","13:18:22",30.85,-0.05,800,546100,"B"
"DCM","13:18:13",30.9,0,1100,545300,"S"
"DCM","13:18:11",30.9,0,1000,544200,"S"
"DCM","13:18:07",30.9,0,500,543200,"S"
"DCM","13:18:07",30.85,-0.05,5000,542700,"B"
"DCM","13:18:06",30.9,0,200,537700,"S"
"DCM","13:18:01",30.9,0,100,537500,"S"
"DCM","13:17:52",30.9,0,900,537400,"S"
"DCM","13:17:51",30.85,-0.05,800,536500,"B"
"DCM","13:17:35",30.9,0,200,535700,"S"
"DCM","13:17:20",30.85,-0.05,800,535500,"B"
"DCM","13:17:09",30.9,0,100,534700,"S"
"DCM","13:16:55",30.85,-0.05,2000,534600,"B"
"DCM","13:16:49",30.85,-0.05,800,532600,"B"
"DCM","13:16:18",30.85,-0.05,800,531800,"B"
"DCM","13:16:04",30.9,0,500,531000,"S"
"DCM","13:15:50",30.9,0,200,530500,"S"
"DCM","13:15:48",30.9,0,200,530300,"S"
"DCM","13:15:47",30.85,-0.05,800,530100,"B"
"DCM","13:15:32",30.9,0,1000,529300,"S"
"DCM","13:15:26",30.9,0,100,528300,"S"
"DCM","13:15:15",30.85,-0.05,800,528200,"B"
"DCM","13:15:10",30.85,-0.05,5000,527400,"B"
"DCM","13:14:58",30.85,-0.05,100,522400,"B"
"DCM","13:14:45",30.85,-0.05,800,522300,"B"
"DCM","13:14:34",30.9,0,300,521500,"S"
"DCM","13:14:13",30.85,-0.05,800,521200,"B"
"DCM","13:13:42",30.85,-0.05,800,520400,"B"
"DCM","13:13:14",30.85,-0.05,4900,519600,"B"
"DCM","13:13:11",30.85,-0.05,800,514700,"B"
"DCM","13:12:40",30.85,-0.05,800,513900,"B"
"DCM","13:12:09",30.8,-0.1,600,513100,"B"
"DCM","13:12:09",30.85,-0.05,200,512500,"B"
"DCM","13:11:52",30.85,-0.05,100,512300,"S"
"DCM","13:11:38",30.8,-0.1,300,512200,"B"
"DCM","13:11:38",30.85,-0.05,500,511900,"B"
"DCM","13:11:21",30.9,0,100,511400,"S"
"DCM","13:11:06",30.85,-0.05,800,511300,"B"
"DCM","13:11:01",30.85,-0.05,300,510500,"B"
"DCM","13:10:35",30.85,-0.05,800,510200,"B"
"DCM","13:10:04",30.85,-0.05,800,509400,"S"
"DCM","13:10:04",30.8,-0.1,800,508600,"B"
"DCM","13:09:57",30.85,-0.05,1000,507800,"S"
"DCM","13:09:43",30.85,-0.05,100,506800,"S"
"DCM","13:09:32",30.8,-0.1,800,506700,"B"
"DCM","13:09:30",30.85,-0.05,1000,505900,"S"
"DCM","13:09:23",30.85,-0.05,5000,504900,"S"
"DCM","13:09:08",30.8,-0.1,500,499900,"B"
"DCM","13:09:03",30.85,-0.05,500,499400,"S"
"DCM","13:09:01",30.8,-0.1,800,497900,"B"
"DCM","13:08:55",30.85,-0.05,100,497100,"S"
"DCM","13:08:29",30.8,-0.1,800,497000,"B"
"DCM","13:08:26",30.85,-0.05,500,496200,"S"
"DCM","13:08:19",30.85,-0.05,1800,495700,"S"
"DCM","13:08:19",30.8,-0.1,200,493900,"B"
"DCM","13:07:58",30.8,-0.1,800,493700,"B"
"DCM","13:07:49",30.8,-0.1,5000,492900,"B"
"DCM","13:07:42",30.85,-0.05,200,487900,"S"
"DCM","13:07:39",30.85,-0.05,900,487700,"S"
"DCM","13:07:31",30.85,-0.05,1000,486800,"S"
"DCM","13:07:26",30.8,-0.1,800,485800,"B"
"DCM","13:07:22",30.8,-0.1,3000,485000,"B"
"DCM","13:07:21",30.85,-0.05,100,482000,"S"
"DCM","13:06:59",30.85,-0.05,300,481900,"S"
"DCM","13:06:55",30.8,-0.1,800,481600,"B"
"DCM","13:06:23",30.8,-0.1,800,480800,"B"
"DCM","13:06:06",30.85,-0.05,100,480000,"S"
"DCM","13:05:52",30.8,-0.1,800,479900,"B"
"DCM","13:05:52",30.85,-0.05,1000,479100,"S"
"DCM","13:05:45",30.85,-0.05,200,478100,"S"
"DCM","13:05:20",30.8,-0.1,800,477900,"B"
"DCM","13:05:09",30.85,-0.05,500,477100,"S"
"DCM","13:04:49",30.8,-0.1,800,476600,"B"
"DCM","13:04:45",30.8,-0.1,700,475800,"B"
"DCM","13:04:30",30.8,-0.1,100,475100,"B"
"DCM","13:04:17",30.8,-0.1,800,475000,"B"
"DCM","13:03:45",30.8,-0.1,800,474200,"B"
"DCM","13:03:14",30.8,-0.1,800,473400,"B"
"DCM","13:03:10",30.85,-0.05,200,472600,"S"
"DCM","13:02:42",30.8,-0.1,800,472400,"B"
"DCM","13:02:18",30.8,-0.1,200,471600,"B"
"DCM","13:02:11",30.8,-0.1,800,471400,"B"
"DCM","13:01:46",30.8,-0.1,400,470600,"B"
"DCM","13:01:37",30.8,-0.1,800,470200,"B"
"DCM","13:01:05",30.8,-0.1,800,469400,"B"
"DCM","13:00:09",30.8,-0.1,400,468600,"B"
"DCM","13:00:01",30.85,-0.05,100,468200,"S"
"DCM","13:00:00",30.8,-0.1,500,468100,"B"
"DCM","11:29:49",30.8,-0.1,5000,467600,"B"
"DCM","11:29:09",30.85,-0.05,1000,462600,"S"
"DCM","11:29:03",30.85,-0.05,400,461600,"S"
"DCM","11:28:40",30.85,-0.05,300,461200,"S"
"DCM","11:28:29",30.8,-0.1,300,460900,"B"
"DCM","11:28:08",30.8,-0.1,1100,460600,"B"
"DCM","11:27:47",30.85,-0.05,1600,459500,"S"
"DCM","11:27:36",30.8,-0.1,1000,457900,"B"
"DCM","11:27:05",30.8,-0.1,1000,456900,"B"
"DCM","11:26:38",30.8,-0.1,10000,455900,"B"
"DCM","11:26:34",30.8,-0.1,200,445900,"B"
"DCM","11:26:34",30.85,-0.05,800,445700,"B"
"DCM","11:26:32",30.85,-0.05,2000,444900,"B"
"DCM","11:26:03",30.85,-0.05,1000,442900,"B"
"DCM","11:25:33",30.85,-0.05,1000,441900,"B"
"DCM","11:25:01",30.85,-0.05,1000,440900,"B"
"DCM","11:24:30",30.85,-0.05,1000,439900,"B"
"DCM","11:24:11",30.85,-0.05,11100,438900,"B"
"DCM","11:24:06",30.85,-0.05,1500,427800,"B"
"DCM","11:24:00",30.85,-0.05,900,426300,"B"
"DCM","11:23:29",30.85,-0.05,800,425400,"B"
"DCM","11:22:58",30.85,-0.05,800,424600,"B"
"DCM","11:22:56",30.85,-0.05,200,423800,"B"
"DCM","11:22:26",30.85,-0.05,800,423600,"B"
"DCM","11:21:56",30.85,-0.05,800,422800,"B"
"DCM","11:21:24",30.85,-0.05,800,422000,"B"
"DCM","11:20:54",30.85,-0.05,800,421200,"B"
"DCM","11:20:22",30.85,-0.05,800,420400,"B"
"DCM","11:20:10",30.9,0,600,419600,"S"
"DCM","11:19:51",30.85,-0.05,800,419000,"B"
"DCM","11:19:41",30.9,0,200,418200,"S"
"DCM","11:19:20",30.85,-0.05,800,418000,"B"
"DCM","11:18:49",30.85,-0.05,800,417200,"B"
"DCM","11:18:18",30.85,-0.05,800,416400,"B"
"DCM","11:18:13",30.9,0,200,415600,"S"
"DCM","11:17:58",30.9,0,200,415400,"S"
"DCM","11:17:47",30.85,-0.05,800,415200,"B"
"DCM","11:17:38",30.9,0,300,414400,"S"
"DCM","11:17:22",30.9,0,1500,414100,"S"
"DCM","11:17:16",30.85,-0.05,800,412600,"B"
"DCM","11:17:03",30.85,-0.05,100,411800,"B"
"DCM","11:16:45",30.85,-0.05,800,411700,"B"
"DCM","11:16:13",30.85,-0.05,800,410900,"B"
"DCM","11:16:02",30.9,0,2000,410100,"S"
"DCM","11:15:43",30.85,-0.05,800,408100,"B"
"DCM","11:15:11",30.85,-0.05,800,407300,"B"
"DCM","11:15:10",30.9,0,400,406500,"S"
"DCM","11:14:41",30.85,-0.05,800,406100,"B"
"DCM","11:14:09",30.85,-0.05,800,405300,"B"
"DCM","11:13:54",30.85,-0.05,1000,404500,"B"
"DCM","11:13:39",30.85,-0.05,800,403500,"B"
"DCM","11:13:08",30.85,-0.05,800,402700,"B"
"DCM","11:12:37",30.85,-0.05,800,401900,"B"
"DCM","11:12:07",30.85,-0.05,800,401100,"B"
"DCM","11:11:35",30.85,-0.05,800,400300,"B"
"DCM","11:11:04",30.85,-0.05,800,399500,"B"
"DCM","11:11:00",30.85,-0.05,1400,398700,"B"
"DCM","11:10:33",30.85,-0.05,800,397300,"B"
"DCM","11:10:02",30.85,-0.05,800,396500,"B"
"DCM","11:09:55",30.9,0,300,395700,"S"
"DCM","11:09:30",30.85,-0.05,800,395400,"B"
"DCM","11:09:03",30.9,0,200,394600,"S"
"DCM","11:08:59",30.85,-0.05,800,394400,"B"
"DCM","11:08:27",30.85,-0.05,800,393600,"B"
"DCM","11:07:56",30.85,-0.05,800,392800,"B"
"DCM","11:07:46",30.9,0,400,392000,"S"
"DCM","11:07:41",30.9,0,1000,391600,"S"
"DCM","11:07:26",30.85,-0.05,800,390600,"B"
"DCM","11:07:13",30.9,0,4500,389800,"S"
"DCM","11:06:55",30.85,-0.05,800,385300,"B"
"DCM","11:06:29",30.9,0,100,384500,"S"
"DCM","11:06:24",30.85,-0.05,800,384400,"B"
"DCM","11:05:53",30.85,-0.05,800,383600,"B"
"DCM","11:05:21",30.85,-0.05,800,382800,"B"
"DCM","11:04:50",30.85,-0.05,800,382000,"B"
"DCM","11:04:18",30.85,-0.05,800,381200,"B"
"DCM","11:04:17",30.9,0,100,380400,"S"
"DCM","11:03:55",30.9,0,100,380300,"S"
"DCM","11:03:47",30.9,0,2100,380200,"S"
"DCM","11:03:47",30.85,-0.05,800,378100,"B"
"DCM","11:03:38",30.9,0,200,377300,"S"
"DCM","11:03:26",30.9,0,500,377100,"S"
"DCM","11:03:16",30.85,-0.05,800,376600,"B"
"DCM","11:02:44",30.85,-0.05,800,375800,"B"
"DCM","11:02:13",30.85,-0.05,800,375000,"B"
"DCM","11:01:42",30.85,-0.05,800,374200,"B"
"DCM","11:01:36",30.9,0,200,373400,"S"
"DCM","11:01:10",30.85,-0.05,800,373200,"B"
"DCM","11:00:39",30.85,-0.05,800,372400,"B"
"DCM","11:00:08",30.85,-0.05,800,371600,"B"
"DCM","10:59:50",30.85,-0.05,700,370800,"B"
"DCM","10:59:37",30.85,-0.05,800,370100,"B"
"DCM","10:59:06",30.85,-0.05,800,369300,"B"
"DCM","10:58:35",30.85,-0.05,800,368500,"B"
"DCM","10:58:30",30.85,-0.05,300,367700,"B"
"DCM","10:58:27",30.85,-0.05,700,367400,"S"
"DCM","10:58:10",30.8,-0.1,3000,366700,"B"
"DCM","10:58:09",30.85,-0.05,500,363700,"S"
"DCM","10:58:05",30.8,-0.1,800,363200,"B"
"DCM","10:58:01",30.85,-0.05,1000,362400,"S"
"DCM","10:57:33",30.8,-0.1,800,361400,"B"
"DCM","10:57:31",30.85,-0.05,100,360600,"S"
"DCM","10:57:24",30.85,-0.05,100,360500,"S"
"DCM","10:57:22",30.85,-0.05,100,360400,"S"
"DCM","10:57:02",30.8,-0.1,800,360300,"B"
"DCM","10:56:48",30.85,-0.05,200,359500,"S"
"DCM","10:56:36",30.85,-0.05,100,359300,"B"
"DCM","10:56:32",30.85,-0.05,800,359200,"B"
"DCM","10:56:04",30.85,-0.05,700,358400,"B"
"DCM","10:56:00",30.85,-0.05,800,357700,"B"
"DCM","10:55:30",30.85,-0.05,800,356900,"B"
"DCM","10:55:22",30.85,-0.05,700,356100,"B"
"DCM","10:55:22",30.85,-0.05,2000,355400,"B"
"DCM","10:54:59",30.85,-0.05,800,353400,"B"
"DCM","10:54:34",30.85,-0.05,3200,352600,"B"
"DCM","10:54:32",30.85,-0.05,1000,349400,"B"
"DCM","10:54:23",30.85,-0.05,500,348400,"B"
"DCM","10:54:09",30.85,-0.05,500,347900,"B"
"DCM","10:53:27",30.85,-0.05,200,347400,"B"
"DCM","10:52:39",30.85,-0.05,1700,347200,"B"
"DCM","10:50:55",30.9,0,500,345500,"S"
"DCM","10:50:44",30.9,0,1000,345000,"S"
"DCM","10:50:16",30.9,0,1400,344000,"S"
"DCM","10:50:08",30.9,0,200,342600,"S"
"DCM","10:49:46",30.85,-0.05,300,342400,"B"
"DCM","10:49:14",30.9,0,100,342100,"S"
"DCM","10:49:07",30.85,-0.05,500,342000,"B"
"DCM","10:48:42",30.85,-0.05,200,341500,"B"
"DCM","10:47:18",30.85,-0.05,6100,341300,"B"
"DCM","10:47:18",30.9,0,600,335200,"B"
"DCM","10:47:07",30.9,0,1000,334600,"B"
"DCM","10:46:43",30.9,0,600,333600,"B"
"DCM","10:46:00",30.9,0,800,333000,"S"
"DCM","10:45:19",30.9,0,100,332200,"B"
"DCM","10:45:18",30.9,0,2900,332100,"S"
"DCM","10:44:59",30.9,0,7600,329200,"B"
"DCM","10:44:29",30.95,0.05,500,321600,"S"
"DCM","10:44:28",30.9,0,1000,321100,"B"
"DCM","10:43:57",30.9,0,1000,320100,"B"
"DCM","10:43:15",30.9,0,1000,319100,"B"
"DCM","10:42:25",30.9,0,1000,318100,"B"
"DCM","10:42:07",30.9,0,1000,317100,"B"
"DCM","10:40:53",30.9,0,1000,316100,"B"
"DCM","10:39:42",30.9,0,1000,315100,"B"
"DCM","10:39:12",30.9,0,1000,314100,"B"
"DCM","10:37:57",30.9,0,9500,313100,"S"
"DCM","10:37:22",30.9,0,2900,303600,"S"
"DCM","10:37:20",30.9,0,500,300700,"S"
"DCM","10:35:13",30.9,0,100,300200,"S"
"DCM","10:34:20",30.9,0,900,300100,"S"
"DCM","10:34:13",30.9,0,100,299200,"S"
"DCM","10:33:59",30.9,0,100,299100,"S"
"DCM","10:33:58",30.9,0,1500,299000,"S"
"DCM","10:33:49",30.9,0,500,297500,"S"
"DCM","10:33:18",30.85,-0.05,1000,297000,"B"
"DCM","10:33:11",30.85,-0.05,100,296000,"B"
"DCM","10:33:06",30.85,-0.05,2000,295900,"B"
"DCM","10:29:33",30.85,-0.05,7000,293900,"B"
"DCM","10:29:08",30.9,0,100,286900,"S"
"DCM","10:29:06",30.9,0,1000,286800,"S"
"DCM","10:28:20",30.9,0,2000,285800,"S"
"DCM","10:28:07",30.9,0,800,283800,"S"
"DCM","10:28:04",30.85,-0.05,100,283000,"B"
"DCM","10:27:00",30.9,0,200,282900,"S"
"DCM","10:26:45",30.9,0,300,282700,"S"
"DCM","10:26:44",30.85,-0.05,500,282400,"B"
"DCM","10:26:43",30.9,0,1000,281900,"S"
"DCM","10:26:16",30.9,0,200,280900,"S"
"DCM","10:26:11",30.9,0,300,280700,"S"
"DCM","10:26:04",30.9,0,1000,280400,"S"
"DCM","10:25:37",30.9,0,12400,279400,"B"
"DCM","10:24:58",30.95,0.05,100,267000,"S"
"DCM","10:24:56",30.95,0.05,1700,266900,"S"
"DCM","10:24:55",30.95,0.05,2200,265200,"S"
"DCM","10:24:50",30.95,0.05,100,263000,"S"
"DCM","10:24:36",30.95,0.05,100,262900,"S"
"DCM","10:23:51",30.95,0.05,200,262800,"S"
"DCM","10:23:25",30.95,0.05,1000,262600,"S"
"DCM","10:23:15",30.9,0,1100,261600,"B"
"DCM","10:23:07",30.9,0,14000,260500,"B"
"DCM","10:23:04",30.95,0.05,500,246500,"S"
"DCM","10:22:20",30.9,0,200,246000,"B"
"DCM","10:22:02",30.95,0.05,300,245800,"S"
"DCM","10:21:35",30.95,0.05,300,245500,"S"
"DCM","10:20:55",30.9,0,100,245200,"B"
"DCM","10:20:40",30.9,0,400,245100,"B"
"DCM","10:20:05",30.9,0,2700,244700,"B"
"DCM","10:18:32",30.9,0,500,242000,"B"
"DCM","10:18:22",30.9,0,200,241500,"B"
"DCM","10:18:00",30.9,0,500,241300,"B"
"DCM","10:17:40",30.9,0,300,240800,"B"
"DCM","10:17:03",30.9,0,5000,240500,"B"
"DCM","10:16:53",30.95,0.05,100,235500,"S"
"DCM","10:15:56",30.95,0.05,300,235400,"B"
"DCM","10:15:28",30.95,0.05,200,235100,"B"
"DCM","10:15:22",30.95,0.05,200,234900,"B"
"DCM","10:14:39",30.95,0.05,300,234700,"B"
"DCM","10:13:21",30.95,0.05,900,234400,"B"
"DCM","10:12:16",30.95,0.05,1000,233500,"B"
"DCM","10:11:42",30.95,0.05,100,232500,"B"
"DCM","10:09:32",30.95,0.05,2800,232400,"S"
"DCM","10:09:19",30.95,0.05,500,229600,"S"
"DCM","10:09:01",30.95,0.05,6700,229100,"B"
"DCM","10:08:37",31,0.1,16600,222400,"B"
"DCM","10:08:34",31,0.1,2000,205800,"B"
"DCM","10:08:33",31,0.1,2000,203800,"B"
"DCM","10:08:20",31,0.1,1000,201800,"B"
"DCM","10:08:11",31,0.1,100,200800,"B"
"DCM","10:07:29",31.05,0.15,9300,200700,"B"
"DCM","10:07:28",31.05,0.15,1900,191400,"B"
"DCM","10:07:23",31.05,0.15,500,189500,"B"
"DCM","10:07:17",31.05,0.15,100,189000,"B"
"DCM","10:07:00",31.05,0.15,200,188900,"B"
"DCM","10:06:51",31.05,0.15,400,188700,"B"
"DCM","10:06:06",31.05,0.15,300,188300,"B"
"DCM","10:05:16",31.1,0.2,1000,188000,"S"
"DCM","10:03:15",31.1,0.2,300,187000,"S"
"DCM","10:03:02",31.05,0.15,3000,186700,"B"
"DCM","10:02:44",31.05,0.15,4000,183700,"B"
"DCM","10:02:15",31.05,0.15,100,179700,"B"
"DCM","10:02:15",31.1,0.2,2200,179600,"B"
"DCM","10:02:13",31.1,0.2,200,177400,"B"
"DCM","10:01:50",31.1,0.2,1000,177200,"B"
"DCM","10:01:46",31.1,0.2,1000,176200,"B"
"DCM","10:00:33",31.1,0.2,3800,175200,"B"
"DCM","10:00:28",31.1,0.2,2000,171400,"B"
"DCM","10:00:04",31.1,0.2,4100,169400,"B"
"DCM","09:59:25",31.1,0.2,200,165300,"B"
"DCM","09:59:17",31.1,0.2,2200,165100,"B"
"DCM","09:58:50",31.1,0.2,1000,162900,"B"
"DCM","09:58:12",31.1,0.2,5300,161900,"B"
"DCM","09:58:01",31.1,0.2,500,156600,"B"
"DCM","09:57:23",31.1,0.2,1400,156100,"B"
"DCM","09:56:51",31.15,0.25,200,154700,"B"
"DCM","09:56:48",31.1,0.2,4800,154500,"B"
"DCM","09:56:48",31.15,0.25,1500,149700,"B"
"DCM","09:56:45",31.15,0.25,2000,148200,"B"
"DCM","09:56:38",31.15,0.25,200,146200,"B"
"DCM","09:56:35",31.15,0.25,200,146000,"B"
"DCM","09:56:34",31.15,0.25,1000,145800,"B"
"DCM","09:56:26",31.15,0.25,2500,144800,"B"
"DCM","09:56:19",31.15,0.25,1000,142300,"B"
"DCM","09:56:11",31.15,0.25,3500,141300,"B"
"DCM","09:56:06",31.15,0.25,2000,137800,"B"
"DCM","09:56:02",31.15,0.25,2000,135800,"B"
"DCM","09:55:56",31.15,0.25,200,133800,"B"
"DCM","09:55:49",31.15,0.25,3000,133600,"B"
"DCM","09:55:27",31.15,0.25,500,130600,"B"
"DCM","09:54:26",31.15,0.25,300,130100,"B"
"DCM","09:54:24",31.15,0.25,2000,129800,"B"
"DCM","09:54:19",31.15,0.25,1000,127800,"B"
"DCM","09:53:59",31.15,0.25,100,126800,"B"
"DCM","09:53:52",31.2,0.3,200,126700,"S"
"DCM","09:53:17",31.2,0.3,100,126500,"S"
"DCM","09:52:56",31.2,0.3,1000,126400,"S"
"DCM","09:52:43",31.2,0.3,1000,125400,"S"
"DCM","09:52:35",31.2,0.3,1000,124400,"S"
"DCM","09:52:33",31.2,0.3,3400,123400,"S"
"DCM","09:52:03",31.2,0.3,2000,120000,"S"
"DCM","09:51:54",31.2,0.3,400,118000,"S"
"DCM","09:51:51",31.2,0.3,4000,117600,"S"
"DCM","09:51:12",31.2,0.3,20000,113600,"S"
"DCM","09:50:53",31.15,0.25,700,93600,"B"
"DCM","09:49:18",31.15,0.25,2500,92900,"B"
"DCM","09:49:03",31.15,0.25,13700,90400,"S"
"DCM","09:48:34",31.1,0.2,200,76700,"B"
"DCM","09:47:22",31.1,0.2,600,76500,"B"
"DCM","09:46:48",31.1,0.2,5400,75900,"B"
"DCM","09:46:42",31.15,0.25,200,70500,"S"
"DCM","09:46:28",31.1,0.2,500,70300,"S"
"DCM","09:46:24",31.1,0.2,1000,69800,"S"
"DCM","09:46:19",31.1,0.2,100,68800,"S"
"DCM","09:46:11",31.1,0.2,5000,68700,"S"
"DCM","09:45:54",31.1,0.2,100,63700,"S"
"DCM","09:44:36",31.1,0.2,100,63600,"S"
"DCM","09:44:13",31.1,0.2,100,63500,"S"
"DCM","09:43:48",31.1,0.2,100,63400,"S"
"DCM","09:43:22",31.1,0.2,100,63300,"S"
"DCM","09:43:20",31.1,0.2,900,63200,"S"
"DCM","09:43:14",31.1,0.2,400,62300,"S"
"DCM","09:43:06",31.1,0.2,300,61900,"S"
"DCM","09:42:27",31.1,0.2,800,61600,"S"
"DCM","09:41:48",31.1,0.2,2100,60800,"B"
"DCM","09:40:26",31.1,0.2,2600,58700,"S"
"DCM","09:40:03",31.1,0.2,100,56100,"S"
"DCM","09:39:09",31.05,0.15,500,56000,"B"
"DCM","09:39:02",31.05,0.15,200,55500,"B"
"DCM","09:39:01",31.1,0.2,100,55300,"S"
"DCM","09:38:20",31.05,0.15,300,55200,"B"
"DCM","09:38:14",31.1,0.2,400,54900,"S"
"DCM","09:38:12",31.1,0.2,1000,54500,"S"
"DCM","09:38:04",31.1,0.2,1000,53500,"S"
"DCM","09:37:03",31.1,0.2,1000,52500,"S"
"DCM","09:36:46",31.1,0.2,1000,51500,"S"
"DCM","09:36:22",31.1,0.2,2100,50500,"S"
"DCM","09:36:10",31.1,0.2,100,48400,"S"
"DCM","09:35:46",31.1,0.2,200,48300,"S"
"DCM","09:34:39",31.1,0.2,3000,48100,"S"
"DCM","09:34:13",31.1,0.2,100,45100,"S"
"DCM","09:32:40",31.1,0.2,100,45000,"S"
"DCM","09:32:07",31.1,0.2,300,44900,"S"
"DCM","09:31:29",31.1,0.2,100,44600,"S"
"DCM","09:30:48",31.1,0.2,1000,44500,"S"
"DCM","09:29:29",31.1,0.2,100,43500,"S"
"DCM","09:29:21",31.1,0.2,500,43400,"S"
"DCM","09:29:18",31.1,0.2,100,42900,"S"
"DCM","09:28:53",31.1,0.2,100,42800,"S"
"DCM","09:28:38",31.1,0.2,100,42700,"S"
"DCM","09:28:23",31.1,0.2,200,42600,"S"
"DCM","09:27:17",31.1,0.2,1000,42400,"S"
"DCM","09:27:09",31.1,0.2,100,41400,"S"
"DCM","09:27:03",31.1,0.2,2500,41300,"B"
"DCM","09:27:02",31.15,0.25,1000,38800,"S"
"DCM","09:26:34",31.1,0.2,1000,37800,"B"
"DCM","09:26:13",31.15,0.25,1000,36800,"S"
"DCM","09:25:51",31.15,0.25,100,35800,"S"
"DCM","09:25:37",31.15,0.25,300,35700,"S"
"DCM","09:25:32",31.15,0.25,100,35400,"S"
"DCM","09:25:21",31.15,0.25,100,35300,"S"
"DCM","09:25:04",31.15,0.25,900,35200,"S"
"DCM","09:24:57",31.1,0.2,400,34200,"S"
"DCM","09:24:55",31.1,0.2,100,33800,"S"
"DCM","09:24:41",31.1,0.2,5100,33700,"S"
"DCM","09:24:41",31.05,0.15,1000,28600,"S"
"DCM","09:24:40",31,0.1,500,27600,"B"
"DCM","09:24:34",31,0.1,2900,27100,"S"
"DCM","09:24:33",31,0.1,500,24200,"S"
"DCM","09:24:31",31,0.1,2400,23700,"S"
"DCM","09:24:22",31,0.1,1200,21300,"S"
"DCM","09:24:20",31,0.1,100,20100,"S"
"DCM","09:24:02",31,0.1,1000,20000,"S"
"DCM","09:22:16",30.9,0,4100,19000,"B"
"DCM","09:22:01",30.95,0.05,700,14900,"B"
"DCM","09:21:10",31,0.1,400,14200,"B"
"DCM","09:20:37",31,0.1,100,13800,"B"
"DCM","09:20:37",31.05,0.15,100,13700,"B"
"DCM","09:20:34",31,0.1,300,13600,"S"
"DCM","09:20:31",31,0.1,100,13300,"S"
"DCM","09:20:11",31,0.1,200,13200,"S"
"DCM","09:19:55",31,0.1,1000,13000,"B"
"DCM","09:19:48",31,0.1,5000,12000,"B"
"DCM","09:19:40",31,0.1,1000,7000,"B"
"DCM","09:18:24",31,0.1,1600,6000,"B"
"DCM","09:18:18",31.1,0.2,500,4400,"S"
"DCM","09:18:08",31,0.1,400,3900,"B"
"DCM","09:17:49",31.1,0.2,100,3500,"S"
"DCM","09:17:11",31.1,0.2,1000,3400,"S"
"DCM","09:16:36",31.1,0.2,200,2400,"S"
"DCM","09:15:00",31.1,0.2,2200,2200,
