"symbol","time","price","change","vol","total","side"
"FPT","14:45:01",94.6,0.6,85300,1250400,
"FPT","14:29:53",94.5,0.5,400,1165100,"S"
"FPT","14:29:51",94.4,0.4,100,1164700,"B"
"FPT","14:29:47",94.4,0.4,100,1164600,"B"
"FPT","14:29:41",94.5,0.5,5000,1164500,"S"
"FPT","14:29:41",94.4,0.4,2200,1159500,"B"
"FPT","14:29:37",94.4,0.4,2100,1157300,"S"
"FPT","14:29:30",94.3,0.3,500,1155200,"S"
"FPT","14:29:25",94.3,0.3,1000,1154700,"S"
"FPT","14:29:24",94.3,0.3,3000,1153700,"S"
"FPT","14:28:56",94.3,0.3,300,1150700,"S"
"FPT","14:28:53",94.3,0.3,1000,1150400,"S"
"FPT","14:28:47",94.3,0.3,200,1149400,"S"
"FPT","14:28:36",94.3,0.3,100,1149200,"S"
"FPT","14:28:29",94.4,0.4,300,1149100,"S"
"FPT","14:28:29",94.3,0.3,200,1148800,"S"
"FPT","14:28:17",94.3,0.3,100,1148600,"S"
"FPT","14:28:08",94.3,0.3,200,1148500,"B"
"FPT","14:28:06",94.4,0.4,400,1148300,"S"
"FPT","14:28:06",94.3,0.3,100,1147900,"B"
"FPT","14:27:58",94.3,0.3,800,1147800,"B"
"FPT","14:27:56",94.4,0.4,700,1147000,"S"
"FPT","14:27:49",94.4,0.4,2000,1146300,"S"
"FPT","14:27:46",94.4,0.4,400,1144100,"S"
"FPT","14:27:38",94.3,0.3,400,1143700,"B"
"FPT","14:27:38",94.4,0.4,1100,1143300,"S"
"FPT","14:27:36",94.4,0.4,100,1142200,"S"
"FPT","14:27:28",94.3,0.3,200,1142100,"B"
"FPT","14:27:26",94.4,0.4,200,1141900,"S"
"FPT","14:27:20",94.3,0.3,300,1141700,"S"
"FPT","14:27:20",94.2,0.2,200,1141400,"S"
"FPT","14:27:16",94.3,0.3,400,1141200,"S"
"FPT","14:27:08",94.3,0.3,500,1140800,"B"
"FPT","14:27:06",94.4,0.4,900,1140300,"S"
"FPT","14:27:04",94.4,0.4,2600,1139400,"S"
"FPT","14:27:01",94.3,0.3,400,1136800,"S"
"FPT","14:27:01",94.2,0.2,100,1136400,"S"
"FPT","14:26:57",94.3,0.3,100,1136300,"S"
"FPT","14:26:57",94.2,0.2,100,1136200,"S"
"FPT","14:26:49",94.1,0.1,100,1136100,"B"
"FPT","14:26:48",94.1,0.1,300,1136000,"B"
"FPT","14:26:47",94.2,0.2,500,1135700,"S"
"FPT","14:26:41",94.2,0.2,200,1135200,"S"
"FPT","14:26:39",94.2,0.2,500,1135000,"B"
"FPT","14:26:36",94.3,0.3,300,1134500,"S"
"FPT","14:26:36",94.2,0.2,900,1134200,"S"
"FPT","14:26:32",94.2,0.2,1000,1133300,"S"
"FPT","14:26:30",94.2,0.2,900,1132300,"S"
"FPT","14:26:29",94.1,0.1,1100,1131400,"B"
"FPT","14:26:26",94.2,0.2,1100,1130300,"S"
"FPT","14:26:22",94.2,0.2,2100,1129200,"S"
"FPT","14:26:19",94.1,0.1,500,1127100,"B"
"FPT","14:26:17",94.1,0.1,500,1126600,"S"
"FPT","14:26:16",94.1,0.1,800,1126100,"S"
"FPT","14:26:14",94.1,0.1,500,1125300,"S"
"FPT","14:26:06",94.2,0.2,1000,1124800,"S"
"FPT","14:26:06",94.1,0.1,1200,1123800,"S"
"FPT","14:26:00",94.1,0.1,1000,1122600,"S"
"FPT","14:25:58",94,0,3000,1121600,"B"
"FPT","14:25:57",94.1,0.1,400,1118600,"S"
"FPT","14:25:56",94.1,0.1,3100,1118200,"S"
"FPT","14:25:50",94,0,3400,1115100,"S"
"FPT","14:25:50",93.9,-0.1,600,1111700,"S"
"FPT","14:25:48",93.9,-0.1,2700,1111100,"B"
"FPT","14:25:46",94,0,3700,1108400,"S"
"FPT","14:25:44",94,0,5400,1104700,"S"
"FPT","14:25:38",93.9,-0.1,2000,1099300,"B"
"FPT","14:25:37",94,0,4000,1097300,"S"
"FPT","14:25:36",94,0,1000,1093300,"S"
"FPT","14:25:28",93.9,-0.1,1900,1092300,"B"
"FPT","14:25:26",94,0,1500,1090400,"S"
"FPT","14:25:21",94,0,5000,1088900,"S"
"FPT","14:25:16",94,0,100,1083900,"S"
"FPT","14:25:09",93.9,-0.1,200,1083800,"B"
"FPT","14:25:06",94,0,300,1083600,"S"
"FPT","14:24:58",93.9,-0.1,500,1083300,"B"
"FPT","14:24:56",94,0,600,1082800,"S"
"FPT","14:24:49",93.9,-0.1,1100,1082200,"B"
"FPT","14:24:46",94,0,900,1081100,"S"
"FPT","14:24:40",93.9,-0.1,3000,1080200,"B"
"FPT","14:24:36",94,0,100,1077200,"S"
"FPT","14:24:28",93.9,-0.1,200,1077100,"B"
"FPT","14:24:26",94,0,300,1076900,"S"
"FPT","14:24:18",93.9,-0.1,500,1076600,"B"
"FPT","14:24:16",94,0,600,1076100,"S"
"FPT","14:24:08",93.9,-0.1,1200,1075500,"B"
"FPT","14:24:06",94,0,1000,1074300,"S"
"FPT","14:23:59",94,0,2700,1073300,"S"
"FPT","14:23:59",93.9,-0.1,400,1070600,"B"
"FPT","14:23:56",94,0,300,1070200,"S"
"FPT","14:23:54",93.9,-0.1,800,1069900,"S"
"FPT","14:23:54",93.9,-0.1,400,1069100,"S"
"FPT","14:23:07",93.9,-0.1,300,1068700,"S"
"FPT","14:22:57",94,0,500,1068400,"S"
"FPT","14:22:56",93.8,-0.2,600,1067100,"S"
"FPT","14:22:48",93.7,-0.3,1600,1066500,"B"
"FPT","14:22:46",93.8,-0.2,2200,1064900,"S"
"FPT","14:22:45",93.8,-0.2,2600,1062700,"B"
"FPT","14:22:40",93.9,-0.1,100,1060100,"S"
"FPT","14:22:38",93.8,-0.2,600,1060000,"B"
"FPT","14:22:36",93.9,-0.1,900,1059400,"S"
"FPT","14:22:28",93.8,-0.2,1100,1058500,"B"
"FPT","14:22:26",93.9,-0.1,2000,1057400,"S"
"FPT","14:22:19",93.8,-0.2,1700,1055400,"B"
"FPT","14:22:18",93.9,-0.1,5200,1053700,"S"
"FPT","14:22:10",93.9,-0.1,200,1048500,"S"
"FPT","14:22:08",93.8,-0.2,300,1048300,"B"
"FPT","14:22:06",93.9,-0.1,300,1048000,"S"
"FPT","14:22:00",93.9,-0.1,1000,1047700,"S"
"FPT","14:21:46",93.9,-0.1,100,1046700,"S"
"FPT","14:21:40",93.9,-0.1,200,1046600,"S"
"FPT","14:21:32",93.9,-0.1,300,1046400,"S"
"FPT","14:20:56",93.9,-0.1,100,1046100,"S"
"FPT","14:20:48",93.7,-0.3,200,1046000,"B"
"FPT","14:20:47",93.8,-0.2,200,1045800,"S"
"FPT","14:20:39",93.8,-0.2,200,1045600,"S"
"FPT","14:20:38",93.8,-0.2,500,1045400,"S"
"FPT","14:20:27",93.8,-0.2,300,1044900,"S"
"FPT","14:20:17",93.9,-0.1,800,1044600,"S"
"FPT","14:20:10",93.7,-0.3,2000,1043400,"B"
"FPT","14:20:08",93.8,-0.2,1100,1041400,"B"
"FPT","14:20:06",93.9,-0.1,1200,1040300,"S"
"FPT","14:19:59",93.8,-0.2,3900,1039100,"S"
"FPT","14:19:58",93.7,-0.3,100,1035200,"B"
"FPT","14:19:56",93.8,-0.2,100,1035100,"S"
"FPT","14:19:50",93.7,-0.3,400,1035000,"B"
"FPT","14:19:18",93.7,-0.3,100,1034600,"B"
"FPT","14:19:16",93.8,-0.2,200,1034500,"S"
"FPT","14:19:08",93.7,-0.3,300,1034300,"B"
"FPT","14:19:07",93.8,-0.2,300,1034000,"S"
"FPT","14:19:06",93.8,-0.2,200,1033700,"S"
"FPT","14:18:59",93.7,-0.3,600,1033500,"B"
"FPT","14:18:56",93.8,-0.2,600,1032900,"S"
"FPT","14:18:53",93.8,-0.2,100,1032300,"S"
"FPT","14:18:53",93.7,-0.3,1000,1032200,"S"
"FPT","14:18:50",93.7,-0.3,200,1031200,"S"
"FPT","14:18:48",93.6,-0.4,400,1031000,"B"
"FPT","14:18:46",93.7,-0.3,300,1030600,"S"
"FPT","14:18:39",93.7,-0.3,1000,1030300,"S"
"FPT","14:18:38",93.6,-0.4,100,1029300,"B"
"FPT","14:18:36",93.7,-0.3,100,1029200,"S"
"FPT","14:18:33",93.7,-0.3,500,1029100,"S"
"FPT","14:18:26",93.7,-0.3,100,1028600,"S"
"FPT","14:18:20",93.6,-0.4,100,1028500,"B"
"FPT","14:18:18",93.6,-0.4,100,1028400,"B"
"FPT","14:18:16",93.7,-0.3,200,1028300,"S"
"FPT","14:18:08",93.6,-0.4,400,1028100,"B"
"FPT","14:18:06",93.7,-0.3,500,1027700,"S"
"FPT","14:17:58",93.6,-0.4,900,1027200,"B"
"FPT","14:17:56",93.7,-0.3,1000,1026300,"S"
"FPT","14:17:56",93.6,-0.4,1000,1025300,"B"
"FPT","14:17:52",93.6,-0.4,200,1024300,"B"
"FPT","14:17:48",93.6,-0.4,900,1024100,"B"
"FPT","14:17:46",93.7,-0.3,900,1023200,"S"
"FPT","14:17:45",93.6,-0.4,500,1022300,"B"
"FPT","14:17:39",93.6,-0.4,1100,1021800,"B"
"FPT","14:17:38",93.6,-0.4,800,1020700,"B"
"FPT","14:17:37",93.7,-0.3,700,1019900,"S"
"FPT","14:17:31",93.6,-0.4,2000,1019200,"B"
"FPT","14:17:28",93.6,-0.4,100,1017200,"B"
"FPT","14:17:27",93.6,-0.4,500,1017100,"B"
"FPT","14:17:08",93.6,-0.4,100,1016600,"B"
"FPT","14:17:06",93.7,-0.3,200,1016500,"S"
"FPT","14:16:59",93.6,-0.4,200,1016300,"B"
"FPT","14:16:56",93.7,-0.3,500,1016100,"S"
"FPT","14:16:48",93.6,-0.4,400,1015600,"B"
"FPT","14:16:46",93.7,-0.3,1500,1015200,"S"
"FPT","14:16:36",93.8,-0.2,2700,1013700,"S"
"FPT","14:16:36",93.7,-0.3,2500,1011000,"S"
"FPT","14:16:33",93.6,-0.4,500,1008500,"B"
"FPT","14:16:28",93.6,-0.4,9500,1008000,"B"
"FPT","14:16:26",93.7,-0.3,7400,998500,"S"
"FPT","14:16:26",93.6,-0.4,24000,991100,"B"
"FPT","14:16:18",93.6,-0.4,300,967100,"B"
"FPT","14:16:16",93.7,-0.3,400,966800,"S"
"FPT","14:16:08",93.6,-0.4,800,966400,"B"
"FPT","14:16:06",93.7,-0.3,700,965600,"S"
"FPT","14:16:03",93.7,-0.3,100,964900,"S"
"FPT","14:16:02",93.6,-0.4,2000,964800,"B"
"FPT","14:15:58",93.6,-0.4,100,962800,"B"
"FPT","14:15:56",93.7,-0.3,300,962700,"S"
"FPT","14:15:48",93.6,-0.4,300,962400,"B"
"FPT","14:15:48",93.7,-0.3,100,962100,"S"
"FPT","14:15:47",93.6,-0.4,500,962000,"B"
"FPT","14:15:46",93.7,-0.3,100,961500,"S"
"FPT","14:15:44",93.7,-0.3,100,961400,"S"
"FPT","14:15:38",93.7,-0.3,300,961300,"S"
"FPT","14:15:32",93.7,-0.3,200,961000,"S"
"FPT","14:15:15",93.7,-0.3,100,960800,"S"
"FPT","14:15:06",93.7,-0.3,100,960700,"S"
"FPT","14:14:56",93.8,-0.2,500,960600,"S"
"FPT","14:14:53",93.7,-0.3,1000,960100,"S"
"FPT","14:14:48",93.6,-0.4,300,959100,"B"
"FPT","14:14:46",93.7,-0.3,600,958800,"S"
"FPT","14:14:46",93.7,-0.3,500,958200,"S"
"FPT","14:14:36",93.8,-0.2,1600,957700,"S"
"FPT","14:14:30",93.6,-0.4,700,956100,"B"
"FPT","14:14:30",93.7,-0.3,4700,955400,"B"
"FPT","14:14:18",93.7,-0.3,100,950700,"B"
"FPT","14:14:16",93.8,-0.2,100,950600,"S"
"FPT","14:14:12",93.7,-0.3,200,950500,"B"
"FPT","14:14:08",93.7,-0.3,200,950300,"B"
"FPT","14:14:06",93.8,-0.2,100,950100,"S"
"FPT","14:14:00",93.7,-0.3,500,950000,"B"
"FPT","14:13:06",93.8,-0.2,100,949500,"S"
"FPT","14:12:58",93.7,-0.3,200,949400,"B"
"FPT","14:12:56",93.8,-0.2,300,949200,"S"
"FPT","14:12:49",93.7,-0.3,500,948900,"B"
"FPT","14:12:46",93.8,-0.2,600,948400,"S"
"FPT","14:12:38",93.7,-0.3,1100,947800,"B"
"FPT","14:12:37",93.8,-0.2,900,946700,"S"
"FPT","14:12:29",93.8,-0.2,3000,945800,"B"
"FPT","14:12:16",93.9,-0.1,100,942800,"S"
"FPT","14:12:08",93.8,-0.2,200,942700,"B"
"FPT","14:12:07",93.9,-0.1,200,942500,"S"
"FPT","14:12:05",93.8,-0.2,600,942300,"B"
"FPT","14:11:58",93.8,-0.2,100,941700,"B"
"FPT","14:11:56",93.9,-0.1,100,941600,"S"
"FPT","14:11:49",93.8,-0.2,300,941500,"B"
"FPT","14:11:46",93.9,-0.1,300,941200,"S"
"FPT","14:11:42",93.8,-0.2,1000,940900,"B"
"FPT","14:11:16",93.8,-0.2,100,939900,"B"
"FPT","14:10:51",93.8,-0.2,200,939800,"B"
"FPT","14:09:10",93.9,-0.1,100,939600,"S"
"FPT","14:09:10",93.8,-0.2,100,939500,"B"
"FPT","14:09:09",93.9,-0.1,100,939400,"S"
"FPT","14:09:00",93.9,-0.1,200,939300,"S"
"FPT","14:09:00",93.8,-0.2,200,939100,"B"
"FPT","14:08:50",93.9,-0.1,600,938900,"S"
"FPT","14:08:50",93.8,-0.2,600,938300,"B"
"FPT","14:08:43",93.8,-0.2,200,937700,"B"
"FPT","14:08:40",93.9,-0.1,1600,937500,"S"
"FPT","14:08:40",93.8,-0.2,1600,935900,"B"
"FPT","14:08:39",93.8,-0.2,2000,934300,"B"
"FPT","14:08:39",93.8,-0.2,1300,932300,"S"
"FPT","14:08:38",93.8,-0.2,2700,931000,"B"
"FPT","14:08:37",93.8,-0.2,2000,928300,"B"
"FPT","14:08:13",93.8,-0.2,200,926300,"B"
"FPT","14:07:42",93.8,-0.2,100,926100,"B"
"FPT","14:07:40",93.9,-0.1,100,926000,"S"
"FPT","14:07:40",93.8,-0.2,100,925900,"B"
"FPT","14:07:38",93.8,-0.2,700,925800,"B"
"FPT","14:06:40",93.9,-0.1,100,925100,"S"
"FPT","14:06:40",93.8,-0.2,100,925000,"B"
"FPT","14:06:37",93.9,-0.1,500,924900,"S"
"FPT","14:06:30",93.9,-0.1,100,924400,"S"
"FPT","14:06:28",93.9,-0.1,100,924200,"S"
"FPT","14:06:23",93.9,-0.1,300,924100,"S"
"FPT","14:06:20",93.9,-0.1,200,923800,"S"
"FPT","14:06:20",93.8,-0.2,200,923600,"B"
"FPT","14:06:16",93.9,-0.1,1400,923400,"S"
"FPT","14:05:40",93.9,-0.1,200,922000,"S"
"FPT","14:05:40",93.8,-0.2,200,921800,"B"
"FPT","14:05:30",93.9,-0.1,700,921600,"S"
"FPT","14:05:30",93.8,-0.2,700,920900,"B"
"FPT","14:05:28",93.8,-0.2,2000,920200,"B"
"FPT","14:05:20",93.9,-0.1,800,918200,"S"
"FPT","14:05:12",93.8,-0.2,3800,916600,"S"
"FPT","14:05:10",93.8,-0.2,200,912800,"S"
"FPT","14:05:10",93.7,-0.3,200,912600,"B"
"FPT","14:05:04",93.8,-0.2,100,912400,"S"
"FPT","14:05:00",93.8,-0.2,600,912300,"S"
"FPT","14:04:59",93.8,-0.2,3000,911100,"S"
"FPT","14:04:52",93.8,-0.2,100,908100,"S"
"FPT","14:04:50",93.8,-0.2,100,908000,"S"
"FPT","14:04:41",93.8,-0.2,500,907800,"S"
"FPT","14:04:29",93.8,-0.2,100,907300,"S"
"FPT","14:04:27",93.8,-0.2,100,907200,"S"
"FPT","14:04:26",93.8,-0.2,200,907100,"S"
"FPT","14:03:50",93.8,-0.2,200,906900,"S"
"FPT","14:03:50",93.7,-0.3,200,906700,"B"
"FPT","14:03:47",93.8,-0.2,500,906500,"S"
"FPT","14:03:44",93.8,-0.2,100,906000,"S"
"FPT","14:03:42",93.8,-0.2,100,905900,"S"
"FPT","14:03:42",93.8,-0.2,500,905800,"S"
"FPT","14:03:20",93.8,-0.2,100,905300,"S"
"FPT","14:03:10",93.8,-0.2,100,905200,"S"
"FPT","14:03:10",93.7,-0.3,100,905100,"B"
"FPT","14:03:10",93.8,-0.2,300,905000,"S"
"FPT","14:03:00",93.8,-0.2,100,904700,"S"
"FPT","14:02:56",93.8,-0.2,300,904500,"S"
"FPT","14:02:50",93.8,-0.2,100,904200,"S"
"FPT","14:02:40",93.8,-0.2,200,904000,"S"
"FPT","14:02:40",93.7,-0.3,200,903800,"B"
"FPT","14:02:40",93.8,-0.2,100,903600,"S"
"FPT","14:02:38",93.8,-0.2,1000,903500,"S"
"FPT","14:01:50",93.8,-0.2,200,902500,"S"
"FPT","14:01:50",93.7,-0.3,200,902300,"B"
"FPT","14:01:46",93.8,-0.2,900,902100,"S"
"FPT","14:01:40",93.8,-0.2,200,901200,"S"
"FPT","14:01:38",93.8,-0.2,100,900800,"S"
"FPT","14:01:37",93.8,-0.2,1000,900700,"S"
"FPT","14:01:30",93.8,-0.2,100,899700,"S"
"FPT","14:01:30",93.7,-0.3,100,899600,"B"
"FPT","14:01:27",93.8,-0.2,200,899500,"S"
"FPT","14:01:20",93.8,-0.2,200,899300,"S"
"FPT","14:01:20",93.7,-0.3,200,899100,"B"
"FPT","14:01:10",93.8,-0.2,100,898900,"S"
"FPT","14:01:10",93.7,-0.3,500,898800,"S"
"FPT","14:01:10",93.6,-0.4,600,898300,"B"
"FPT","14:01:10",93.7,-0.3,100,897700,"S"
"FPT","14:01:09",93.7,-0.3,200,897600,"S"
"FPT","14:01:06",93.7,-0.3,200,897400,"B"
"FPT","14:01:04",93.7,-0.3,800,897200,"S"
"FPT","14:01:00",93.7,-0.3,900,896400,"S"
"FPT","14:01:00",93.6,-0.4,900,895500,"B"
"FPT","14:00:54",93.7,-0.3,2000,894600,"S"
"FPT","14:00:53",93.7,-0.3,500,892600,"S"
"FPT","14:00:50",93.7,-0.3,1000,892100,"S"
"FPT","14:00:50",93.6,-0.4,1000,891100,"B"
"FPT","14:00:47",93.6,-0.4,4000,890100,"B"
"FPT","14:00:43",93.7,-0.3,1000,886100,"S"
"FPT","14:00:40",93.7,-0.3,200,885100,"S"
"FPT","14:00:40",93.6,-0.4,200,884900,"B"
"FPT","14:00:39",93.6,-0.4,500,884700,"B"
"FPT","14:00:34",93.7,-0.3,500,884200,"S"
"FPT","14:00:30",93.7,-0.3,100,883700,"S"
"FPT","14:00:30",93.6,-0.4,100,883600,"B"
"FPT","14:00:28",93.6,-0.4,100,883500,"B"
"FPT","14:00:22",93.6,-0.4,500,883400,"B"
"FPT","14:00:20",93.7,-0.3,100,882900,"S"
"FPT","14:00:20",93.6,-0.4,100,882800,"B"
"FPT","14:00:19",93.7,-0.3,300,882700,"S"
"FPT","14:00:17",93.7,-0.3,100,882400,"S"
"FPT","14:00:16",93.7,-0.3,100,882300,"S"
"FPT","14:00:00",93.7,-0.3,100,882200,"S"
"FPT","14:00:00",93.6,-0.4,100,882100,"B"
"FPT","13:59:57",93.7,-0.3,100,882000,"S"
"FPT","13:59:51",93.6,-0.4,100,881900,"B"
"FPT","13:59:50",93.7,-0.3,400,881800,"S"
"FPT","13:59:40",93.8,-0.2,900,881400,"S"
"FPT","13:59:40",93.7,-0.3,1100,880500,"B"
"FPT","13:59:30",93.8,-0.2,2100,879400,"S"
"FPT","13:59:30",93.7,-0.3,3700,877300,"B"
"FPT","13:59:23",93.8,-0.2,100,873600,"S"
"FPT","13:59:22",93.7,-0.3,18800,873500,"B"
"FPT","13:59:03",93.8,-0.2,100,854700,"S"
"FPT","13:58:30",93.8,-0.2,100,854600,"S"
"FPT","13:58:30",93.7,-0.3,100,854500,"B"
"FPT","13:58:25",93.8,-0.2,100,854400,"S"
"FPT","13:58:20",93.8,-0.2,200,854300,"S"
"FPT","13:58:20",93.7,-0.3,200,854100,"B"
"FPT","13:58:10",93.8,-0.2,600,853900,"S"
"FPT","13:58:10",93.7,-0.3,600,853300,"B"
"FPT","13:58:00",93.7,-0.3,3000,852700,"B"
"FPT","13:57:54",93.8,-0.2,400,849700,"S"
"FPT","13:57:40",93.8,-0.2,100,849300,"S"
"FPT","13:57:40",93.7,-0.3,100,849200,"B"
"FPT","13:57:39",93.7,-0.3,700,849100,"B"
"FPT","13:57:33",93.7,-0.3,100,848400,"B"
"FPT","13:57:32",93.8,-0.2,100,848300,"S"
"FPT","13:57:21",93.8,-0.2,500,848200,"S"
"FPT","13:57:00",93.7,-0.3,100,847700,"B"
"FPT","13:57:00",93.8,-0.2,100,847600,"S"
"FPT","13:57:00",93.7,-0.3,100,847500,"B"
"FPT","13:56:53",93.8,-0.2,300,847400,"S"
"FPT","13:56:50",93.8,-0.2,100,847100,"S"
"FPT","13:56:50",93.7,-0.3,100,847000,"B"
"FPT","13:56:47",93.8,-0.2,500,846900,"S"
"FPT","13:56:37",93.8,-0.2,200,846400,"S"
"FPT","13:56:30",93.7,-0.3,100,846200,"B"
"FPT","13:56:09",93.8,-0.2,100,846100,"S"
"FPT","13:56:05",93.8,-0.2,300,846000,"S"
"FPT","13:55:40",93.8,-0.2,100,845700,"S"
"FPT","13:55:30",93.9,-0.1,300,845600,"S"
"FPT","13:55:26",93.7,-0.3,700,845000,"B"
"FPT","13:55:20",93.9,-0.1,400,844300,"S"
"FPT","13:55:20",93.7,-0.3,200,843900,"B"
"FPT","13:55:20",93.8,-0.2,200,843700,"B"
"FPT","13:55:18",93.8,-0.2,1800,843500,"S"
"FPT","13:55:16",93.8,-0.2,100,841700,"S"
"FPT","13:55:10",93.8,-0.2,500,841600,"S"
"FPT","13:55:00",93.8,-0.2,100,841100,"S"
"FPT","13:54:50",93.7,-0.3,200,840900,"B"
"FPT","13:54:50",93.8,-0.2,300,840700,"B"
"FPT","13:54:26",93.8,-0.2,100,840400,"B"
"FPT","13:54:00",93.9,-0.1,100,840300,"S"
"FPT","13:54:00",93.8,-0.2,100,840200,"B"
"FPT","13:53:50",93.9,-0.1,300,840100,"S"
"FPT","13:53:50",93.8,-0.2,300,839800,"B"
"FPT","13:53:47",93.8,-0.2,700,839500,"S"
"FPT","13:53:40",93.8,-0.2,500,838800,"S"
"FPT","13:53:35",93.8,-0.2,2500,837800,"S"
"FPT","13:53:05",93.7,-0.3,100,835300,"B"
"FPT","13:52:31",93.7,-0.3,100,835200,"B"
"FPT","13:52:20",93.8,-0.2,200,835100,"S"
"FPT","13:52:20",93.7,-0.3,200,834900,"B"
"FPT","13:52:14",93.7,-0.3,1000,834700,"B"
"FPT","13:52:00",93.8,-0.2,100,833700,"S"
"FPT","13:51:50",93.9,-0.1,200,833600,"S"
"FPT","13:51:50",93.8,-0.2,400,833400,"B"
"FPT","13:51:40",93.9,-0.1,1200,833000,"S"
"FPT","13:51:40",93.8,-0.2,1200,831800,"B"
"FPT","13:51:32",93.8,-0.2,1000,830600,"B"
"FPT","13:51:31",93.8,-0.2,5000,829600,"B"
"FPT","13:50:50",93.8,-0.2,100,824600,"B"
"FPT","13:50:40",93.9,-0.1,400,824400,"S"
"FPT","13:50:40",93.8,-0.2,400,824000,"B"
"FPT","13:50:33",93.8,-0.2,2000,823600,"B"
"FPT","13:50:30",93.9,-0.1,100,821600,"S"
"FPT","13:50:30",93.8,-0.2,100,821500,"B"
"FPT","13:50:25",93.8,-0.2,600,821400,"B"
"FPT","13:49:30",93.8,-0.2,200,820800,"B"
"FPT","13:49:10",93.8,-0.2,400,820600,"B"
"FPT","13:49:01",93.8,-0.2,100,820200,"B"
"FPT","13:48:52",93.8,-0.2,300,820100,"B"
"FPT","13:48:44",93.8,-0.2,400,819800,"B"
"FPT","13:47:20",93.9,-0.1,200,819400,"S"
"FPT","13:47:14",93.9,-0.1,1000,819000,"S"
"FPT","13:47:10",93.9,-0.1,100,818000,"S"
"FPT","13:47:10",93.8,-0.2,100,817900,"B"
"FPT","13:47:01",93.8,-0.2,500,817800,"B"
"FPT","13:46:35",93.9,-0.1,100,817300,"S"
"FPT","13:46:00",93.9,-0.1,100,817200,"S"
"FPT","13:46:00",93.8,-0.2,100,817100,"B"
"FPT","13:45:53",93.9,-0.1,500,817000,"S"
"FPT","13:45:20",93.9,-0.1,200,816500,"S"
"FPT","13:45:20",93.8,-0.2,200,816300,"B"
"FPT","13:45:16",93.9,-0.1,1000,816100,"B"
"FPT","13:45:04",94,0,200,815100,"S"
"FPT","13:43:20",93.9,-0.1,100,814900,"S"
"FPT","13:43:14",94,0,900,814800,"S"
"FPT","13:42:41",94,0,200,813900,"S"
"FPT","13:42:40",93.9,-0.1,200,813700,"B"
"FPT","13:42:36",94,0,1000,813500,"S"
"FPT","13:41:20",94,0,100,812500,"S"
"FPT","13:41:20",93.9,-0.1,100,812400,"B"
"FPT","13:41:14",94,0,700,812300,"S"
"FPT","13:40:25",94,0,100,811600,"S"
"FPT","13:39:00",94,0,200,811500,"S"
"FPT","13:39:00",93.8,-0.2,200,811300,"B"
"FPT","13:38:50",93.9,-0.1,1000,811100,"S"
"FPT","13:38:30",93.9,-0.1,100,810100,"S"
"FPT","13:38:30",93.8,-0.2,100,810000,"B"
"FPT","13:38:20",93.9,-0.1,300,809900,"S"
"FPT","13:38:20",93.8,-0.2,300,809600,"B"
"FPT","13:38:11",93.9,-0.1,1700,809300,"B"
"FPT","13:37:44",94,0,200,807600,"S"
"FPT","13:37:12",94,0,100,807400,"S"
"FPT","13:37:10",94,0,100,807300,"S"
"FPT","13:37:10",93.9,-0.1,100,807200,"B"
"FPT","13:37:00",94,0,400,807100,"S"
"FPT","13:37:00",93.8,-0.2,100,806700,"B"
"FPT","13:37:00",93.9,-0.1,300,806600,"B"
"FPT","13:36:58",93.9,-0.1,2300,806300,"B"
"FPT","13:36:10",94,0,100,804000,"S"
"FPT","13:36:10",93.9,-0.1,100,803900,"B"
"FPT","13:36:00",93.9,-0.1,800,803800,"S"
"FPT","13:35:50",94,0,2000,803000,"S"
"FPT","13:35:50",93.8,-0.2,2000,801000,"B"
"FPT","13:35:49",93.8,-0.2,4800,799000,"B"
"FPT","13:35:27",93.9,-0.1,200,789000,"S"
"FPT","13:35:10",93.9,-0.1,200,788800,"S"
"FPT","13:35:00",94,0,600,788600,"S"
"FPT","13:35:00",93.9,-0.1,800,788000,"B"
"FPT","13:34:50",94,0,2000,787200,"S"
"FPT","13:34:50",93.9,-0.1,2000,785200,"B"
"FPT","13:34:43",93.9,-0.1,10000,783200,"B"
"FPT","13:34:40",94,0,100,773200,"S"
"FPT","13:34:30",94,0,400,773000,"S"
"FPT","13:34:30",93.9,-0.1,400,772600,"B"
"FPT","13:34:20",94,0,1000,772200,"S"
"FPT","13:34:20",94,0,200,770200,"S"
"FPT","13:34:10",93.9,-0.1,5000,770000,"B"
"FPT","13:33:31",94,0,100,765000,"S"
"FPT","13:33:00",94,0,100,764900,"S"
"FPT","13:33:00",93.9,-0.1,100,764800,"B"
"FPT","13:32:51",94,0,500,764700,"S"
"FPT","13:32:10",94,0,100,764200,"S"
"FPT","13:32:10",93.9,-0.1,100,764100,"B"
"FPT","13:32:02",94,0,600,764000,"S"
"FPT","13:31:50",94,0,100,763400,"S"
"FPT","13:31:50",93.9,-0.1,100,763300,"B"
"FPT","13:31:44",94,0,400,763200,"S"
"FPT","13:31:40",94,0,200,762800,"S"
"FPT","13:31:40",93.9,-0.1,200,762600,"B"
"FPT","13:31:35",94,0,1000,762400,"S"
"FPT","13:31:00",94,0,100,761400,"S"
"FPT","13:31:00",93.9,-0.1,100,761300,"B"
"FPT","13:30:56",94,0,500,761200,"S"
"FPT","13:30:00",94,0,100,760700,"S"
"FPT","13:28:40",94,0,100,760600,"S"
"FPT","13:28:40",93.9,-0.1,100,760500,"B"
"FPT","13:28:37",94,0,500,760400,"S"
"FPT","13:27:22",94,0,100,759900,"S"
"FPT","13:25:53",94,0,100,759800,"S"
"FPT","13:25:31",94,0,100,759700,"S"
"FPT","13:25:10",94,0,100,759600,"S"
"FPT","13:25:10",93.9,-0.1,100,759500,"B"
"FPT","13:25:01",93.9,-0.1,600,759400,"B"
"FPT","13:25:00",94,0,100,758800,"S"
"FPT","13:25:00",93.9,-0.1,100,758700,"B"
"FPT","13:24:59",94,0,500,758600,"S"
"FPT","13:24:50",94,0,100,758100,"S"
"FPT","13:24:47",94,0,200,757900,"S"
"FPT","13:24:40",94,0,200,757700,"S"
"FPT","13:24:40",93.9,-0.1,200,757500,"B"
"FPT","13:24:31",94,0,1000,757300,"S"
"FPT","13:24:20",94,0,100,756300,"S"
"FPT","13:23:44",94,0,100,756200,"S"
"FPT","13:23:19",94,0,300,756100,"S"
"FPT","13:22:10",94,0,200,755800,"S"
"FPT","13:22:10",93.9,-0.1,200,755600,"B"
"FPT","13:22:09",93.9,-0.1,1000,755400,"B"
"FPT","13:21:50",93.9,-0.1,300,754400,"B"
"FPT","13:21:20",93.9,-0.1,300,754100,"B"
"FPT","13:21:00",94,0,200,753800,"S"
"FPT","13:21:00",93.9,-0.1,200,753600,"B"
"FPT","13:20:54",93.9,-0.1,200,753400,"B"
"FPT","13:20:50",94,0,400,753200,"S"
"FPT","13:20:50",93.9,-0.1,400,752800,"B"
"FPT","13:20:45",94,0,2000,752400,"S"
"FPT","13:20:30",94,0,200,750400,"S"
"FPT","13:20:20",94,0,700,750000,"S"
"FPT","13:20:20",93.9,-0.1,700,749300,"B"
"FPT","13:20:13",94,0,3000,748600,"S"
"FPT","13:20:10",94,0,400,745600,"S"
"FPT","13:20:10",93.9,-0.1,400,745200,"B"
"FPT","13:20:01",93.9,-0.1,2000,744800,"B"
"FPT","13:19:40",94,0,200,742800,"S"
"FPT","13:19:40",93.9,-0.1,200,742600,"B"
"FPT","13:19:34",94,0,100,742400,"S"
"FPT","13:19:30",94,0,1000,742300,"S"
"FPT","13:19:10",94,0,100,741300,"S"
"FPT","13:18:42",94,0,300,741200,"S"
"FPT","13:17:58",94,0,100,740900,"S"
"FPT","13:17:10",94,0,100,740800,"S"
"FPT","13:17:10",93.9,-0.1,100,740700,"B"
"FPT","13:17:00",94,0,300,740600,"S"
"FPT","13:17:00",93.9,-0.1,300,740300,"B"
"FPT","13:16:57",93.9,-0.1,1000,740000,"B"
"FPT","13:16:50",94,0,300,739000,"S"
"FPT","13:16:50",93.9,-0.1,300,738700,"B"
"FPT","13:16:45",93.9,-0.1,1100,738400,"B"
"FPT","13:16:40",94,0,200,737300,"S"
"FPT","13:16:40",93.9,-0.1,200,737100,"B"
"FPT","13:16:33",94,0,1000,736900,"S"
"FPT","13:16:13",94,0,100,735900,"S"
"FPT","13:15:57",94,0,100,735800,"S"
"FPT","13:15:12",94,0,200,735700,"S"
"FPT","13:14:58",94,0,100,735500,"S"
"FPT","13:14:58",94,0,100,735400,"S"
"FPT","13:14:27",94,0,100,735300,"S"
"FPT","13:14:10",94,0,200,735200,"S"
"FPT","13:14:10",93.9,-0.1,200,735000,"B"
"FPT","13:14:10",94,0,1000,734800,"S"
"FPT","13:14:06",94,0,100,733800,"S"
"FPT","13:13:50",94,0,200,733700,"S"
"FPT","13:13:40",94.1,0.1,300,733500,"S"
"FPT","13:13:40",93.9,-0.1,100,733200,"B"
"FPT","13:13:35",94,0,500,732900,"B"
"FPT","13:13:30",94.1,0.1,500,732400,"S"
"FPT","13:13:26",94,0,2300,731400,"B"
"FPT","13:13:21",94,0,200,729100,"B"
"FPT","13:13:20",94.1,0.1,100,728900,"S"
"FPT","13:13:20",94,0,100,728800,"B"
"FPT","13:13:10",94.1,0.1,300,728700,"S"
"FPT","13:13:00",94.1,0.1,600,728100,"S"
"FPT","13:13:00",94,0,600,727500,"B"
"FPT","13:13:00",94,0,300,726900,"S"
"FPT","13:12:53",93.9,-0.1,2700,726600,"B"
"FPT","13:12:53",94,0,300,723900,"S"
"FPT","13:12:24",93.9,-0.1,100,723600,"B"
"FPT","13:12:20",94,0,100,723500,"S"
"FPT","13:12:20",93.9,-0.1,100,723400,"B"
"FPT","13:12:10",94,0,300,723300,"S"
"FPT","13:12:10",93.9,-0.1,300,723000,"B"
"FPT","13:12:01",94,0,1400,722700,"S"
"FPT","13:12:00",94,0,200,721300,"S"
"FPT","13:12:00",93.9,-0.1,200,721100,"B"
"FPT","13:11:50",94,0,600,720900,"S"
"FPT","13:11:47",94,0,2800,719700,"S"
"FPT","13:11:40",94,0,200,716900,"S"
"FPT","13:11:40",93.9,-0.1,200,716700,"B"
"FPT","13:11:33",94,0,1000,716500,"S"
"FPT","13:11:30",94,0,200,715500,"S"
"FPT","13:11:30",93.9,-0.1,200,715300,"B"
"FPT","13:11:29",94,0,100,715100,"S"
"FPT","13:11:20",94,0,600,715000,"S"
"FPT","13:11:20",93.9,-0.1,600,714400,"B"
"FPT","13:11:15",94,0,2800,713800,"S"
"FPT","13:11:11",94,0,100,711000,"S"
"FPT","13:11:11",93.9,-0.1,100,710900,"B"
"FPT","13:11:06",94,0,100,710800,"S"
"FPT","13:11:00",94,0,200,710700,"S"
"FPT","13:11:00",93.9,-0.1,200,710500,"B"
"FPT","13:10:52",94,0,1400,710300,"S"
"FPT","13:10:30",94,0,200,708900,"S"
"FPT","13:10:30",93.9,-0.1,200,708700,"B"
"FPT","13:10:20",94,0,500,708500,"S"
"FPT","13:10:20",93.9,-0.1,500,708000,"B"
"FPT","13:10:16",94,0,2000,707500,"S"
"FPT","13:10:10",94,0,600,705500,"S"
"FPT","13:10:10",93.9,-0.1,100,704900,"B"
"FPT","13:10:04",94,0,100,704800,"S"
"FPT","13:10:00",94,0,200,704700,"S"
"FPT","13:10:00",93.9,-0.1,200,704500,"B"
"FPT","13:09:57",94,0,1400,704300,"S"
"FPT","13:09:40",94,0,100,702900,"S"
"FPT","13:09:30",94,0,400,702700,"S"
"FPT","13:09:30",93.9,-0.1,400,702300,"B"
"FPT","13:09:23",94,0,1400,701900,"S"
"FPT","13:09:20",94,0,300,700500,"S"
"FPT","13:09:20",93.9,-0.1,300,700200,"B"
"FPT","13:09:19",94,0,1400,699900,"S"
"FPT","13:09:18",93.9,-0.1,200,698500,"B"
"FPT","13:08:54",93.9,-0.1,100,698300,"B"
"FPT","13:08:51",93.9,-0.1,100,698200,"B"
"FPT","13:08:50",94,0,100,698100,"S"
"FPT","13:08:43",93.9,-0.1,400,697900,"B"
"FPT","13:08:40",94,0,100,697500,"S"
"FPT","13:07:00",94,0,200,697400,"S"
"FPT","13:06:58",94,0,1400,697000,"S"
"FPT","13:06:20",94,0,100,695600,"S"
"FPT","13:06:20",93.9,-0.1,100,695500,"B"
"FPT","13:06:15",93.9,-0.1,100,695400,"B"
"FPT","13:06:10",94,0,200,695300,"S"
"FPT","13:06:10",93.9,-0.1,200,695100,"B"
"FPT","13:06:04",93.9,-0.1,1000,694900,"B"
"FPT","13:05:50",94,0,200,693900,"S"
"FPT","13:05:50",93.9,-0.1,200,693700,"B"
"FPT","13:05:48",93.9,-0.1,1000,693500,"B"
"FPT","13:04:20",94,0,200,692500,"S"
"FPT","13:04:20",93.9,-0.1,200,692300,"B"
"FPT","13:04:15",94,0,1000,692100,"S"
"FPT","13:03:50",94,0,100,691100,"S"
"FPT","13:03:50",93.9,-0.1,100,691000,"B"
"FPT","13:03:40",94,0,300,690900,"S"
"FPT","13:03:40",93.9,-0.1,100,690600,"S"
"FPT","13:03:33",93.9,-0.1,2000,690100,"S"
"FPT","13:03:30",93.9,-0.1,100,688100,"S"
"FPT","13:03:30",93.8,-0.2,100,688000,"B"
"FPT","13:03:20",93.9,-0.1,400,687900,"S"
"FPT","13:03:11",93.9,-0.1,1200,687100,"S"
"FPT","13:03:11",93.8,-0.2,1200,685900,"B"
"FPT","13:03:09",93.9,-0.1,6300,684700,"S"
"FPT","13:03:08",93.9,-0.1,100,678400,"B"
"FPT","13:01:40",94,0,200,678300,"S"
"FPT","13:01:40",93.9,-0.1,200,678100,"B"
"FPT","13:01:30",94,0,500,677900,"S"
"FPT","13:01:30",93.9,-0.1,500,677400,"B"
"FPT","13:01:25",93.9,-0.1,700,676900,"S"
"FPT","13:01:22",93.9,-0.1,1800,676200,"B"
"FPT","13:00:30",94,0,200,674400,"S"
"FPT","13:00:30",93.9,-0.1,200,674200,"B"
"FPT","13:00:28",94,0,200,674000,"S"
"FPT","13:00:21",94,0,600,673800,"S"
"FPT","13:00:21",93.9,-0.1,600,673200,"B"
"FPT","13:00:10",94,0,1500,672600,"S"
"FPT","13:00:10",93.9,-0.1,1700,671100,"B"
"FPT","13:00:09",94,0,500,669400,"S"
"FPT","13:00:08",94,0,300,668900,"S"
"FPT","13:00:07",93.9,-0.1,400,668600,"S"
"FPT","13:00:06",93.9,-0.1,100,668200,"S"
"FPT","13:00:05",93.9,-0.1,100,668100,"S"
"FPT","13:00:04",93.9,-0.1,600,668000,"S"
"FPT","13:00:02",93.9,-0.1,100,667400,"S"
"FPT","13:00:01",93.8,-0.2,2300,667300,"B"
"FPT","13:00:01",93.9,-0.1,100,665000,"S"
"FPT","13:00:01",93.9,-0.1,200,664900,"S"
"FPT","13:00:00",93.8,-0.2,500,664700,"B"
"FPT","11:29:18",93.9,-0.1,100,660800,"B"
"FPT","11:28:33",94,0,300,660700,"S"
"FPT","11:27:33",94,0,300,660400,"S"
"FPT","11:27:14",94,0,100,660100,"S"
"FPT","11:26:40",94,0,100,660000,"S"
"FPT","11:26:30",93.9,-0.1,500,659800,"S"
"FPT","11:26:20",94,0,1400,659300,"S"
"FPT","11:26:20",93.8,-0.2,1100,657900,"B"
"FPT","11:26:20",93.9,-0.1,300,656800,"B"
"FPT","11:26:18",93.9,-0.1,4000,656500,"B"
"FPT","11:26:10",93.9,-0.1,3000,652500,"B"
"FPT","11:24:49",94,0,100,649500,"S"
"FPT","11:24:18",94,0,300,649400,"S"
"FPT","11:21:10",94,0,200,649100,"S"
"FPT","11:21:10",93.9,-0.1,200,648900,"B"
"FPT","11:21:00",94,0,600,648700,"S"
"FPT","11:20:59",93.9,-0.1,1000,648100,"S"
"FPT","11:20:58",93.9,-0.1,2600,647100,"B"
"FPT","11:20:50",94,0,100,644500,"S"
"FPT","11:20:50",93.9,-0.1,100,644400,"B"
"FPT","11:20:39",94,0,400,644300,"S"
"FPT","11:20:34",93.9,-0.1,2000,643500,"B"
"FPT","11:20:30",94,0,200,641500,"S"
"FPT","11:20:30",93.9,-0.1,200,641300,"B"
"FPT","11:20:21",93.9,-0.1,1000,641100,"B"
"FPT","11:18:43",94,0,100,640100,"S"
"FPT","11:18:00",94,0,200,640000,"S"
"FPT","11:18:00",93.9,-0.1,200,639800,"B"
"FPT","11:17:53",93.9,-0.1,500,639600,"S"
"FPT","11:17:50",93.9,-0.1,800,639100,"S"
"FPT","11:17:40",94,0,2000,638300,"S"
"FPT","11:17:39",93.8,-0.2,900,636300,"B"
"FPT","11:17:39",93.9,-0.1,1100,635400,"B"
"FPT","11:17:34",93.9,-0.1,10000,634300,"B"
"FPT","11:12:48",94,0,100,624300,"S"
"FPT","11:12:30",94,0,100,624200,"S"
"FPT","11:12:30",93.9,-0.1,100,624100,"B"
"FPT","11:12:23",93.9,-0.1,100,624000,"B"
"FPT","11:12:20",94,0,200,623900,"S"
"FPT","11:12:20",93.9,-0.1,200,623700,"B"
"FPT","11:12:10",94,0,500,623500,"S"
"FPT","11:12:10",93.9,-0.1,500,623000,"B"
"FPT","11:12:00",94,0,1400,622500,"S"
"FPT","11:12:00",93.9,-0.1,1400,621100,"B"
"FPT","11:11:52",94,0,7100,619700,"S"
"FPT","11:10:30",94,0,100,612600,"S"
"FPT","11:10:30",93.9,-0.1,100,612500,"B"
"FPT","11:10:28",94,0,500,612400,"S"
"FPT","11:10:07",94,0,100,611900,"S"
"FPT","11:08:30",94,0,200,611800,"S"
"FPT","11:08:30",93.9,-0.1,200,611600,"B"
"FPT","11:08:29",94,0,500,611400,"S"
"FPT","11:08:25",94,0,500,610900,"S"
"FPT","11:08:20",94,0,100,610400,"S"
"FPT","11:08:20",93.9,-0.1,100,610300,"B"
"FPT","11:08:13",94,0,700,610200,"S"
"FPT","11:08:09",94,0,100,609500,"S"
"FPT","11:08:05",94,0,100,609400,"S"
"FPT","11:07:52",94,0,100,609300,"S"
"FPT","11:07:10",94,0,300,609200,"S"
"FPT","11:07:00",94.1,0.1,200,608900,"S"
"FPT","11:07:00",93.9,-0.1,800,608100,"B"
"FPT","11:06:57",94,0,4300,607300,"B"
"FPT","11:04:30",94.1,0.1,100,603000,"S"
"FPT","11:04:20",94.1,0.1,400,602800,"S"
"FPT","11:04:19",94,0,400,602400,"B"
"FPT","11:04:17",94.1,0.1,1800,602000,"S"
"FPT","11:04:10",94.1,0.1,200,600200,"S"
"FPT","11:04:10",94,0,200,600000,"B"
"FPT","11:04:06",94.1,0.1,300,599800,"S"
"FPT","11:04:00",94.1,0.1,600,599500,"S"
"FPT","11:04:00",94,0,100,598900,"B"
"FPT","11:03:57",94.1,0.1,100,598800,"S"
"FPT","11:03:49",94.1,0.1,400,598700,"S"
"FPT","11:03:49",94,0,400,598300,"B"
"FPT","11:03:45",94.1,0.1,1800,597900,"S"
"FPT","11:03:40",94.1,0.1,100,596100,"S"
"FPT","11:03:39",94,0,100,596000,"B"
"FPT","11:03:34",94,0,300,595900,"B"
"FPT","11:03:30",94.1,0.1,200,595600,"S"
"FPT","11:03:29",94,0,100,595200,"B"
"FPT","11:03:29",94,0,300,595100,"S"
"FPT","11:03:26",94,0,100,594800,"S"
"FPT","11:03:25",94,0,100,594700,"S"
"FPT","11:03:20",94,0,700,594600,"S"
"FPT","11:03:18",94.1,0.1,1800,593900,"S"
"FPT","11:03:11",94.1,0.1,700,592100,"S"
"FPT","11:03:00",94.1,0.1,100,590300,"S"
"FPT","11:02:59",93.9,-0.1,100,590200,"B"
"FPT","11:02:54",93.9,-0.1,100,590100,"B"
"FPT","11:02:50",94,0,700,590000,"S"
"FPT","11:02:46",94.1,0.1,1800,589300,"S"
"FPT","11:02:45",93.9,-0.1,1000,587500,"B"
"FPT","11:02:40",94,0,800,586500,"S"
"FPT","11:02:37",94.1,0.1,1500,585700,"S"
"FPT","11:02:35",93.9,-0.1,700,583900,"S"
"FPT","11:02:29",94.1,0.1,200,583200,"S"
"FPT","11:02:29",93.9,-0.1,600,583000,"S"
"FPT","11:02:29",93.8,-0.2,800,582400,"B"
"FPT","11:02:27",93.9,-0.1,1800,581600,"S"
"FPT","11:02:25",93.9,-0.1,600,579800,"B"
"FPT","11:02:24",93.9,-0.1,400,579200,"S"
"FPT","11:02:23",93.9,-0.1,100,578800,"S"
"FPT","11:02:20",93.9,-0.1,600,578700,"S"
"FPT","11:02:20",93.8,-0.2,600,578100,"B"
"FPT","11:02:16",93.9,-0.1,1800,577500,"S"
"FPT","11:02:10",93.9,-0.1,600,575700,"S"
"FPT","11:02:10",93.8,-0.2,600,575100,"B"
"FPT","11:02:07",93.9,-0.1,200,574500,"B"
"FPT","11:02:05",94.1,0.1,600,574300,"S"
"FPT","11:02:04",94,0,1200,573700,"S"
"FPT","11:02:00",94,0,700,572500,"S"
"FPT","11:02:00",93.9,-0.1,700,571800,"S"
"FPT","11:01:51",94.1,0.1,1800,571100,"S"
"FPT","11:01:50",94.1,0.1,1200,569300,"S"
"FPT","11:01:50",94,0,1500,568100,"S"
"FPT","11:01:50",93.8,-0.2,2700,566600,"B"
"FPT","11:01:47",93.9,-0.1,1700,563900,"B"
"FPT","11:01:46",94,0,11400,562200,"S"
"FPT","11:01:40",94,0,400,550800,"S"
"FPT","11:01:39",93.9,-0.1,400,550400,"B"
"FPT","11:01:36",93.9,-0.1,1500,550000,"B"
"FPT","11:01:30",94,0,400,548500,"S"
"FPT","11:01:30",93.9,-0.1,400,548100,"B"
"FPT","11:01:24",93.9,-0.1,1100,547700,"B"
"FPT","11:01:20",93.9,-0.1,600,546600,"B"
"FPT","11:01:20",94,0,600,546000,"S"
"FPT","11:01:12",93.9,-0.1,1000,545400,"B"
"FPT","11:01:09",94,0,1100,544400,"S"
"FPT","11:01:06",93.9,-0.1,2500,542100,"S"
"FPT","11:01:06",93.9,-0.1,1800,539600,"S"
"FPT","11:01:01",93.8,-0.2,300,537800,"B"
"FPT","11:01:01",93.8,-0.2,1000,537200,"B"
"FPT","11:01:00",93.8,-0.2,200,536200,"B"
"FPT","11:00:50",93.9,-0.1,700,536000,"S"
"FPT","11:00:50",93.8,-0.2,700,535300,"B"
"FPT","11:00:48",93.8,-0.2,500,534600,"B"
"FPT","11:00:44",93.9,-0.1,1800,534100,"S"
"FPT","11:00:40",93.9,-0.1,700,532300,"S"
"FPT","11:00:40",93.8,-0.2,700,531600,"B"
"FPT","11:00:38",93.9,-0.1,500,530900,"S"
"FPT","11:00:37",93.8,-0.2,500,530400,"B"
"FPT","11:00:32",93.9,-0.1,1800,529900,"S"
"FPT","11:00:30",93.9,-0.1,400,528100,"S"
"FPT","11:00:27",93.8,-0.2,100,527300,"B"
"FPT","11:00:25",93.8,-0.2,200,527200,"S"
"FPT","11:00:24",93.8,-0.2,200,527000,"B"
"FPT","11:00:20",93.9,-0.1,1800,526800,"S"
"FPT","11:00:11",93.8,-0.2,400,525000,"B"
"FPT","11:00:00",93.8,-0.2,400,524600,"S"
"FPT","10:59:59",93.9,-0.1,700,524200,"S"
"FPT","10:59:59",93.8,-0.2,1100,523500,"S"
"FPT","10:59:57",93.8,-0.2,100,522400,"S"
"FPT","10:59:52",93.8,-0.2,200,522300,"S"
"FPT","10:59:42",93.8,-0.2,100,522100,"S"
"FPT","10:59:20",93.8,-0.2,100,522000,"S"
"FPT","10:59:20",93.7,-0.3,100,521900,"B"
"FPT","10:59:11",93.8,-0.2,300,521800,"B"
"FPT","10:59:10",93.9,-0.1,200,521500,"S"
"FPT","10:59:07",93.8,-0.2,1000,521100,"B"
"FPT","10:58:50",93.9,-0.1,100,520100,"S"
"FPT","10:58:49",93.8,-0.2,100,520000,"B"
"FPT","10:58:40",93.9,-0.1,300,519900,"S"
"FPT","10:58:40",93.8,-0.2,300,519600,"B"
"FPT","10:58:32",93.9,-0.1,1800,519300,"S"
"FPT","10:57:54",93.9,-0.1,100,517500,"S"
"FPT","10:57:39",93.8,-0.2,100,517400,"B"
"FPT","10:56:30",93.9,-0.1,200,517300,"S"
"FPT","10:56:25",93.8,-0.2,500,516900,"B"
"FPT","10:56:21",93.8,-0.2,500,516400,"B"
"FPT","10:55:30",93.8,-0.2,400,515900,"S"
"FPT","10:55:20",93.9,-0.1,1000,515500,"S"
"FPT","10:55:20",93.7,-0.3,1000,514500,"B"
"FPT","10:55:13",93.7,-0.3,4900,513500,"B"
"FPT","10:54:53",93.7,-0.3,100,508100,"B"
"FPT","10:54:40",93.9,-0.1,100,508000,"S"
"FPT","10:54:36",93.8,-0.2,100,507800,"B"
"FPT","10:54:33",93.8,-0.2,800,507700,"S"
"FPT","10:54:24",93.8,-0.2,300,506900,"S"
"FPT","10:54:22",93.7,-0.3,100,506600,"B"
"FPT","10:53:00",93.8,-0.2,100,506500,"S"
"FPT","10:52:50",93.9,-0.1,100,506400,"S"
"FPT","10:52:50",93.8,-0.2,500,506300,"B"
"FPT","10:52:41",93.9,-0.1,1000,505800,"S"
"FPT","10:52:40",93.8,-0.2,1500,504800,"S"
"FPT","10:52:30",93.9,-0.1,3400,503300,"S"
"FPT","10:52:30",93.8,-0.2,500,499900,"S"
"FPT","10:52:30",93.7,-0.3,3900,499400,"B"
"FPT","10:52:27",93.8,-0.2,19500,495500,"B"
"FPT","10:52:19",93.9,-0.1,200,476000,"S"
"FPT","10:52:19",93.8,-0.2,200,475800,"B"
"FPT","10:52:14",93.8,-0.2,1000,475600,"B"
"FPT","10:52:09",93.9,-0.1,200,474600,"S"
"FPT","10:51:40",93.9,-0.1,100,474400,"S"
"FPT","10:51:40",93.8,-0.2,100,474300,"B"
"FPT","10:51:36",93.9,-0.1,500,474200,"S"
"FPT","10:51:30",93.9,-0.1,100,473700,"S"
"FPT","10:51:30",93.8,-0.2,100,473600,"B"
"FPT","10:51:26",93.9,-0.1,100,473500,"S"
"FPT","10:51:20",93.9,-0.1,400,473400,"S"
"FPT","10:51:20",93.8,-0.2,400,473000,"B"
"FPT","10:51:10",93.9,-0.1,1000,472600,"S"
"FPT","10:51:10",93.8,-0.2,1000,471600,"B"
"FPT","10:51:01",93.8,-0.2,5400,470600,"B"
"FPT","10:50:55",93.8,-0.2,300,465200,"B"
"FPT","10:49:52",93.8,-0.2,100,464900,"B"
"FPT","10:49:30",93.8,-0.2,200,464800,"B"
"FPT","10:49:19",93.8,-0.2,100,464600,"B"
"FPT","10:49:15",93.9,-0.1,200,464500,"S"
"FPT","10:48:56",93.8,-0.2,200,464300,"B"
"FPT","10:48:41",93.9,-0.1,100,464100,"S"
"FPT","10:48:16",93.9,-0.1,100,464000,"S"
"FPT","10:48:06",93.8,-0.2,100,463900,"B"
"FPT","10:47:57",93.9,-0.1,100,463800,"S"
"FPT","10:47:46",93.9,-0.1,100,463700,"S"
"FPT","10:47:30",93.9,-0.1,100,463600,"B"
"FPT","10:47:23",93.8,-0.2,100,463500,"B"
"FPT","10:47:19",93.9,-0.1,300,463400,"S"
"FPT","10:47:10",94,0,800,463100,"S"
"FPT","10:47:10",93.8,-0.2,900,462200,"B"
"FPT","10:47:07",93.9,-0.1,4900,461300,"B"
"FPT","10:45:20",94,0,200,456400,"S"
"FPT","10:45:19",93.9,-0.1,200,456200,"B"
"FPT","10:45:17",93.9,-0.1,1400,456000,"B"
"FPT","10:44:16",94,0,100,454600,"S"
"FPT","10:43:50",94,0,100,454500,"S"
"FPT","10:43:50",93.9,-0.1,100,454400,"B"
"FPT","10:43:46",93.9,-0.1,100,454300,"S"
"FPT","10:43:40",94,0,300,454200,"S"
"FPT","10:43:40",93.8,-0.2,300,453900,"B"
"FPT","10:43:37",93.8,-0.2,100,453600,"B"
"FPT","10:43:31",94,0,1700,453500,"S"
"FPT","10:43:15",93.9,-0.1,200,451800,"B"
"FPT","10:41:59",94,0,200,451600,"S"
"FPT","10:40:20",94,0,100,451400,"S"
"FPT","10:40:20",93.8,-0.2,100,451300,"B"
"FPT","10:40:10",93.9,-0.1,800,451200,"S"
"FPT","10:40:00",94,0,2000,450400,"S"
"FPT","10:40:00",93.8,-0.2,1200,448400,"B"
"FPT","10:40:00",93.9,-0.1,800,447200,"B"
"FPT","10:39:53",93.9,-0.1,10000,446400,"B"
"FPT","10:37:11",94,0,100,436400,"S"
"FPT","10:36:47",94,0,200,436300,"S"
"FPT","10:34:45",94,0,100,436100,"S"
"FPT","10:33:59",94,0,200,436000,"S"
"FPT","10:32:30",94,0,100,435800,"S"
"FPT","10:32:24",94,0,200,435600,"S"
"FPT","10:32:20",94,0,200,435400,"S"
"FPT","10:32:20",93.9,-0.1,200,435200,"B"
"FPT","10:32:17",94,0,100,435000,"S"
"FPT","10:32:12",94,0,100,434900,"S"
"FPT","10:32:10",94,0,600,434800,"S"
"FPT","10:32:01",93.9,-0.1,3400,433600,"B"
"FPT","10:29:25",93.9,-0.1,200,430200,"B"
"FPT","10:29:01",93.9,-0.1,200,430000,"B"
"FPT","10:28:12",93.9,-0.1,100,429800,"B"
"FPT","10:28:05",94,0,300,429700,"S"
"FPT","10:26:41",94,0,100,429400,"S"
"FPT","10:26:10",94,0,200,429300,"S"
"FPT","10:26:10",93.9,-0.1,200,429100,"B"
"FPT","10:26:03",93.9,-0.1,1000,428900,"B"
"FPT","10:26:02",93.9,-0.1,200,427900,"B"
"FPT","10:24:11",93.9,-0.1,300,427700,"B"
"FPT","10:23:39",94,0,100,427400,"S"
"FPT","10:23:39",93.9,-0.1,100,427300,"B"
"FPT","10:23:34",93.9,-0.1,100,427200,"B"
"FPT","10:23:30",94,0,400,427100,"S"
"FPT","10:23:30",93.9,-0.1,400,426700,"B"
"FPT","10:23:29",94,0,100,426300,"S"
"FPT","10:23:27",94,0,300,426200,"S"
"FPT","10:23:20",94,0,1000,425900,"S"
"FPT","10:23:20",93.9,-0.1,1000,424900,"B"
"FPT","10:23:17",94,0,5000,423900,"B"
"FPT","10:22:57",93.9,-0.1,100,418900,"B"
"FPT","10:22:57",94,0,100,418800,"B"
"FPT","10:22:34",94,0,300,418700,"B"
"FPT","10:21:30",94,0,100,418400,"S"
"FPT","10:21:20",94.1,0.1,100,418300,"S"
"FPT","10:21:20",94,0,200,418200,"S"
"FPT","10:21:19",93.9,-0.1,300,418000,"B"
"FPT","10:21:10",94,0,800,417700,"S"
"FPT","10:21:10",93.9,-0.1,800,416900,"B"
"FPT","10:21:02",94,0,4000,416100,"B"
"FPT","10:20:20",94.1,0.1,100,412100,"S"
"FPT","10:20:20",94,0,100,412000,"B"
"FPT","10:20:17",94,0,100,411900,"B"
"FPT","10:20:10",94.1,0.1,300,411800,"S"
"FPT","10:20:10",94,0,300,411500,"B"
"FPT","10:20:07",94,0,100,411200,"B"
"FPT","10:20:03",94,0,1700,411100,"S"
"FPT","10:20:02",94,0,100,409400,"B"
"FPT","10:19:40",94.1,0.1,200,409300,"S"
"FPT","10:19:40",94,0,200,409100,"B"
"FPT","10:19:38",94,0,1300,408900,"B"
"FPT","10:19:00",94.1,0.1,200,407600,"S"
"FPT","10:19:00",94,0,200,407400,"B"
"FPT","10:18:58",94,0,100,407200,"B"
"FPT","10:18:52",94,0,1200,407100,"B"
"FPT","10:18:30",94.1,0.1,200,405900,"S"
"FPT","10:18:26",94,0,200,405500,"B"
"FPT","10:18:24",94,0,1100,405300,"B"
"FPT","10:15:49",94.1,0.1,100,404200,"B"
"FPT","10:14:39",94.1,0.1,400,404100,"S"
"FPT","10:14:30",94.2,0.2,1000,403700,"S"
"FPT","10:14:30",93.9,-0.1,700,402700,"B"
"FPT","10:14:30",94,0,300,402000,"B"
"FPT","10:14:25",94,0,100,401700,"B"
"FPT","10:14:22",94.2,0.2,4700,401600,"S"
"FPT","10:14:22",94.1,0.1,300,396900,"S"
"FPT","10:14:17",94,0,100,396600,"B"
"FPT","10:13:56",94,0,100,396500,"B"
"FPT","10:13:10",94,0,100,396400,"S"
"FPT","10:13:00",94.1,0.1,500,396300,"S"
"FPT","10:12:50",94.2,0.2,1300,395800,"S"
"FPT","10:12:50",93.8,-0.2,100,394500,"B"
"FPT","10:12:50",93.9,-0.1,1200,394400,"B"
"FPT","10:12:49",93.9,-0.1,100,393200,"B"
"FPT","10:12:40",94.2,0.2,800,393100,"S"
"FPT","10:12:40",94,0,2500,392300,"S"
"FPT","10:12:40",93.9,-0.1,3300,389800,"B"
"FPT","10:12:30",94,0,8300,386500,"S"
"FPT","10:12:30",93.9,-0.1,8300,378200,"B"
"FPT","10:12:22",94,0,39000,369900,"B"
"FPT","10:12:22",94.1,0.1,1600,330900,"B"
"FPT","10:12:20",94.2,0.2,600,329300,"S"
"FPT","10:12:19",94.1,0.1,600,328700,"B"
"FPT","10:12:14",94.1,0.1,3000,328100,"B"
"FPT","10:12:10",94.2,0.2,200,325100,"S"
"FPT","10:12:10",94.1,0.1,200,324900,"B"
"FPT","10:12:02",94.1,0.1,1000,324700,"B"
"FPT","10:10:50",94.2,0.2,200,323700,"S"
"FPT","10:10:50",94.1,0.1,200,323500,"B"
"FPT","10:10:47",94.1,0.1,500,323300,"B"
"FPT","10:10:41",94.1,0.1,700,322800,"B"
"FPT","10:10:36",94.1,0.1,300,322100,"B"
"FPT","10:10:33",94.1,0.1,100,321800,"B"
"FPT","10:09:50",94.3,0.3,200,321700,"S"
"FPT","10:09:50",94.2,0.2,200,321500,"B"
"FPT","10:09:40",94.3,0.3,500,321300,"S"
"FPT","10:09:39",94.2,0.2,500,320800,"B"
"FPT","10:09:33",94.2,0.2,2000,320300,"B"
"FPT","10:09:29",94.3,0.3,300,318300,"S"
"FPT","10:09:29",94.2,0.2,300,318000,"B"
"FPT","10:09:20",94.3,0.3,900,317700,"S"
"FPT","10:09:20",94.2,0.2,900,316800,"B"
"FPT","10:09:13",94.2,0.2,1200,315900,"S"
"FPT","10:09:12",94.2,0.2,800,314700,"B"
"FPT","10:09:09",94.3,0.3,1300,313900,"S"
"FPT","10:09:09",94.2,0.2,1300,312600,"B"
"FPT","10:09:01",94.2,0.2,5000,311300,"B"
"FPT","10:09:00",94.3,0.3,800,306300,"S"
"FPT","10:08:59",94.2,0.2,800,305500,"B"
"FPT","10:08:51",94.2,0.2,2000,304700,"B"
"FPT","10:08:50",94.3,0.3,1000,302700,"S"
"FPT","10:08:50",94.2,0.2,1000,301700,"B"
"FPT","10:08:48",94.2,0.2,5000,300700,"B"
"FPT","10:08:01",94.2,0.2,100,295700,"B"
"FPT","10:06:30",94.3,0.3,100,295600,"S"
"FPT","10:06:30",94.2,0.2,100,295500,"B"
"FPT","10:06:24",94.3,0.3,900,295400,"B"
"FPT","10:05:57",94.3,0.3,100,294500,"B"
"FPT","10:05:33",94.4,0.4,200,294400,"S"
"FPT","10:05:20",94.4,0.4,100,294200,"S"
"FPT","10:05:14",94.4,0.4,100,294000,"S"
"FPT","10:05:12",94.3,0.3,500,293900,"B"
"FPT","10:04:10",94.4,0.4,100,293400,"S"
"FPT","10:04:10",94.3,0.3,100,293300,"B"
"FPT","10:04:05",94.4,0.4,400,293200,"S"
"FPT","10:04:01",94.3,0.3,300,292800,"B"
"FPT","10:03:20",94.4,0.4,100,292500,"S"
"FPT","10:03:20",94.3,0.3,100,292400,"B"
"FPT","10:03:14",94.3,0.3,500,292300,"B"
"FPT","10:01:51",94.3,0.3,200,291800,"S"
"FPT","10:01:46",94.4,0.4,1000,291600,"S"
"FPT","10:01:15",94.4,0.4,200,290600,"S"
"FPT","10:01:00",94.4,0.4,100,290400,"S"
"FPT","10:01:00",94.2,0.2,100,290300,"B"
"FPT","10:00:56",94.2,0.2,500,290200,"B"
"FPT","10:00:00",94.4,0.4,100,289700,"S"
"FPT","10:00:00",94.2,0.2,100,289600,"B"
"FPT","09:59:50",94.3,0.3,700,289500,"S"
"FPT","09:59:40",94.4,0.4,1800,288800,"S"
"FPT","09:59:39",94.2,0.2,1700,287000,"B"
"FPT","09:59:37",94.3,0.3,7900,285200,"S"
"FPT","09:59:30",94.3,0.3,600,277300,"S"
"FPT","09:59:29",94.2,0.2,600,276700,"B"
"FPT","09:59:21",94.3,0.3,100,276100,"S"
"FPT","09:59:21",94.2,0.2,3000,276000,"B"
"FPT","09:59:01",94.3,0.3,100,273000,"S"
"FPT","09:58:54",94.3,0.3,100,272900,"S"
"FPT","09:58:30",94.2,0.2,300,272800,"S"
"FPT","09:58:28",94.3,0.3,1000,272500,"B"
"FPT","09:58:19",94.4,0.4,300,271500,"S"
"FPT","09:58:19",94.3,0.3,300,271200,"B"
"FPT","09:58:10",94.4,0.4,900,270900,"S"
"FPT","09:58:10",94.3,0.3,900,270000,"B"
"FPT","09:58:04",94.3,0.3,500,269100,"S"
"FPT","09:58:00",94.2,0.2,4000,268600,"S"
"FPT","09:57:58",94.3,0.3,20000,264600,"S"
"FPT","09:57:39",94.3,0.3,100,244600,"S"
"FPT","09:57:36",94.2,0.2,500,244400,"B"
"FPT","09:56:40",94.3,0.3,100,243900,"S"
"FPT","09:56:40",94.2,0.2,100,243800,"B"
"FPT","09:56:34",94.2,0.2,600,243700,"B"
"FPT","09:56:20",94.2,0.2,200,243100,"B"
"FPT","09:56:07",94.3,0.3,100,242900,"S"
"FPT","09:55:10",94.3,0.3,100,242800,"S"
"FPT","09:55:10",94.2,0.2,100,242700,"B"
"FPT","09:54:59",94.3,0.3,300,242600,"S"
"FPT","09:54:58",94.3,0.3,100,242000,"S"
"FPT","09:54:57",94.2,0.2,1000,241900,"B"
"FPT","09:54:50",94.3,0.3,200,240900,"S"
"FPT","09:54:50",94.2,0.2,200,240700,"B"
"FPT","09:54:39",94.3,0.3,600,240500,"S"
"FPT","09:54:39",94.2,0.2,600,239900,"B"
"FPT","09:54:29",94.3,0.3,1600,239300,"S"
"FPT","09:54:29",94.2,0.2,1600,237700,"B"
"FPT","09:54:20",94.3,0.3,8400,236100,"S"
"FPT","09:54:03",94.2,0.2,200,227700,"B"
"FPT","09:53:36",94.2,0.2,100,227500,"B"
"FPT","09:53:35",94.2,0.2,100,227400,"B"
"FPT","09:53:26",94.2,0.2,200,227300,"B"
"FPT","09:52:30",94.3,0.3,100,227100,"S"
"FPT","09:52:30",94.2,0.2,100,227000,"B"
"FPT","09:52:23",94.2,0.2,500,226900,"B"
"FPT","09:52:03",94.3,0.3,200,226400,"S"
"FPT","09:51:20",94.3,0.3,100,226200,"S"
"FPT","09:51:20",94.2,0.2,100,226100,"B"
"FPT","09:51:17",94.2,0.2,800,226000,"S"
"FPT","09:51:13",94.2,0.2,100,225200,"S"
"FPT","09:50:22",94.2,0.2,100,225100,"B"
"FPT","09:50:00",94.2,0.2,100,225000,"S"
"FPT","09:49:50",94.3,0.3,300,224900,"S"
"FPT","09:49:42",94.2,0.2,1700,224300,"S"
"FPT","09:47:10",94,0,200,222600,"B"
"FPT","09:47:06",94,0,700,222400,"B"
"FPT","09:47:06",94.1,0.1,300,221700,"B"
"FPT","09:46:45",94.1,0.1,200,221400,"S"
"FPT","09:46:40",94.1,0.1,100,221200,"S"
"FPT","09:46:29",94.1,0.1,300,221100,"S"
"FPT","09:46:26",94.1,0.1,100,220800,"S"
"FPT","09:46:12",94.2,0.2,1400,220700,"S"
"FPT","09:46:12",94.1,0.1,600,219300,"S"
"FPT","09:46:10",94.1,0.1,200,218700,"B"
"FPT","09:46:10",94.1,0.1,1600,218500,"B"
"FPT","09:46:04",94.2,0.2,7900,216900,"S"
"FPT","09:46:03",94.1,0.1,100,209000,"B"
"FPT","09:45:20",94.1,0.1,100,208900,"B"
"FPT","09:45:15",94.1,0.1,300,208800,"S"
"FPT","09:45:10",94,0,200,208500,"B"
"FPT","09:45:02",94.1,0.1,1000,208300,"S"
"FPT","09:44:52",94.1,0.1,100,207300,"S"
"FPT","09:44:42",94.1,0.1,200,207200,"S"
"FPT","09:44:25",94.1,0.1,100,207000,"S"
"FPT","09:44:17",94,0,100,206900,"B"
"FPT","09:43:50",94,0,400,206800,"B"
"FPT","09:43:48",94.1,0.1,2000,206400,"S"
"FPT","09:43:40",94,0,300,204400,"B"
"FPT","09:43:30",94,0,1900,204100,"B"
"FPT","09:43:26",94,0,7500,202200,"S"
"FPT","09:43:20",94,0,700,194700,"S"
"FPT","09:43:19",93.9,-0.1,1700,194000,"B"
"FPT","09:43:16",94,0,500,192300,"S"
"FPT","09:43:14",94,0,8000,191800,"S"
"FPT","09:43:10",93.9,-0.1,200,183800,"B"
"FPT","09:43:02",94,0,1100,183600,"S"
"FPT","09:42:56",94,0,100,182500,"S"
"FPT","09:42:41",94,0,100,182400,"S"
"FPT","09:42:02",94,0,300,182300,"S"
"FPT","09:41:52",94,0,100,182000,"S"
"FPT","09:41:44",93.9,-0.1,200,181900,"B"
"FPT","09:41:18",93.9,-0.1,100,181700,"S"
"FPT","09:41:00",94,0,100,181600,"S"
"FPT","09:41:00",93.8,-0.2,400,181500,"B"
"FPT","09:40:49",93.8,-0.2,1600,181100,"B"
"FPT","09:40:49",93.9,-0.1,400,179500,"B"
"FPT","09:40:43",93.9,-0.1,10000,179100,"B"
"FPT","09:40:34",94,0,100,169100,"S"
"FPT","09:40:30",93.9,-0.1,100,169000,"B"
"FPT","09:40:20",94,0,500,168900,"S"
"FPT","09:40:03",94,0,100,168400,"S"
"FPT","09:39:40",93.9,-0.1,200,168300,"B"
"FPT","09:39:30",93.9,-0.1,1000,168100,"B"
"FPT","09:39:25",93.9,-0.1,5400,167100,"B"
"FPT","09:38:40",93.9,-0.1,100,161700,"B"
"FPT","09:38:30",93.9,-0.1,900,161600,"B"
"FPT","09:38:27",94,0,4800,160700,"B"
"FPT","09:38:20",94,0,100,155900,"B"
"FPT","09:38:12",94,0,500,155800,"B"
"FPT","09:37:00",93.9,-0.1,100,155300,"B"
"FPT","09:36:52",94,0,300,155000,"S"
"FPT","09:36:50",94,0,1000,154700,"S"
"FPT","09:36:50",93.9,-0.1,200,153700,"B"
"FPT","09:36:46",94,0,200,153500,"S"
"FPT","09:36:41",94.1,0.1,100,153300,"S"
"FPT","09:36:40",94,0,1000,153200,"B"
"FPT","09:36:36",93.9,-0.1,2000,152200,"B"
"FPT","09:36:36",94,0,3400,150200,"B"
"FPT","09:36:20",94,0,100,146800,"B"
"FPT","09:36:10",94,0,700,146700,"B"
"FPT","09:36:09",94,0,3500,146000,"B"
"FPT","09:36:00",94,0,100,142500,"B"
"FPT","09:35:57",94.1,0.1,100,142400,"S"
"FPT","09:35:54",94.1,0.1,500,142300,"S"
"FPT","09:35:30",94,0,300,141800,"B"
"FPT","09:35:25",94.1,0.1,1000,141500,"S"
"FPT","09:35:21",94.1,0.1,500,140500,"S"
"FPT","09:35:19",94,0,100,140000,"B"
"FPT","09:35:15",94.1,0.1,600,139900,"S"
"FPT","09:35:00",94,0,100,139300,"B"
"FPT","09:34:58",94,0,500,139200,"B"
"FPT","09:34:19",94,0,200,138700,"B"
"FPT","09:33:20",93.9,-0.1,300,138500,"B"
"FPT","09:33:10",93.9,-0.1,100,138200,"B"
"FPT","09:32:59",94,0,500,138100,"S"
"FPT","09:32:39",93.9,-0.1,200,137600,"B"
"FPT","09:32:39",94,0,100,137400,"S"
"FPT","09:32:39",93.9,-0.1,1000,137300,"B"
"FPT","09:32:20",93.9,-0.1,200,136300,"B"
"FPT","09:32:09",94,0,1000,136100,"S"
"FPT","09:32:00",93.9,-0.1,100,135100,"B"
"FPT","09:31:50",93.9,-0.1,700,135000,"B"
"FPT","09:31:46",94,0,2800,134300,"B"
"FPT","09:31:46",94.1,0.1,1000,131500,"B"
"FPT","09:30:40",94.1,0.1,200,130500,"B"
"FPT","09:30:30",94.1,0.1,1300,130300,"B"
"FPT","09:30:27",94.1,0.1,6900,129000,"S"
"FPT","09:29:40",93.9,-0.1,300,122100,"B"
"FPT","09:29:37",93.9,-0.1,800,121800,"B"
"FPT","09:29:33",93.9,-0.1,800,121000,"B"
"FPT","09:29:30",93.9,-0.1,300,120200,"B"
"FPT","09:29:27",93.9,-0.1,800,119900,"B"
"FPT","09:29:21",93.9,-0.1,800,119100,"B"
"FPT","09:29:19",93.9,-0.1,200,118300,"B"
"FPT","09:29:17",93.9,-0.1,1000,118100,"B"
"FPT","09:29:10",93.9,-0.1,100,117100,"B"
"FPT","09:29:00",93.9,-0.1,600,117000,"B"
"FPT","09:28:57",93.9,-0.1,800,116400,"B"
"FPT","09:28:50",93.9,-0.1,2600,115600,"B"
"FPT","09:28:47",93.9,-0.1,800,113000,"B"
"FPT","09:28:43",93.9,-0.1,2400,112200,"S"
"FPT","09:28:42",93.9,-0.1,100,109800,"B"
"FPT","09:28:40",93.8,-0.2,300,109700,"B"
"FPT","09:28:39",93.8,-0.2,600,109400,"B"
"FPT","09:28:39",93.9,-0.1,4800,108800,"B"
"FPT","09:28:39",93.9,-0.1,800,104000,"B"
"FPT","09:28:34",93.9,-0.1,800,103200,"B"
"FPT","09:28:30",93.9,-0.1,300,102400,"B"
"FPT","09:28:27",93.9,-0.1,800,102100,"B"
"FPT","09:28:21",93.9,-0.1,800,101300,"B"
"FPT","09:28:20",93.9,-0.1,100,100500,"B"
"FPT","09:28:20",94,0,200,100400,"B"
"FPT","09:28:15",93.9,-0.1,800,100200,"B"
"FPT","09:28:11",93.9,-0.1,800,99400,"B"
"FPT","09:28:00",93.9,-0.1,100,98600,"B"
"FPT","09:27:54",93.9,-0.1,800,98500,"B"
"FPT","09:27:50",94,0,100,97700,"B"
"FPT","09:27:48",93.9,-0.1,800,97600,"B"
"FPT","09:27:20",93.9,-0.1,100,96800,"B"
"FPT","09:27:11",93.9,-0.1,800,96700,"B"
"FPT","09:27:05",94.1,0.1,100,95900,"S"
"FPT","09:27:00",93.9,-0.1,300,95800,"B"
"FPT","09:26:58",93.9,-0.1,800,95500,"B"
"FPT","09:26:50",93.9,-0.1,800,94700,"B"
"FPT","09:26:50",93.9,-0.1,100,93900,"B"
"FPT","09:26:50",94,0,100,93800,"B"
"FPT","09:26:45",93.9,-0.1,800,93700,"B"
"FPT","09:26:40",93.9,-0.1,200,92900,"B"
"FPT","09:26:33",93.9,-0.1,800,92700,"B"
"FPT","09:26:30",93.9,-0.1,300,91900,"B"
"FPT","09:26:26",93.9,-0.1,300,91600,"B"
"FPT","09:26:26",94,0,500,91300,"B"
"FPT","09:26:21",93.9,-0.1,800,90800,"B"
"FPT","09:26:20",93.9,-0.1,300,90000,"B"
"FPT","09:26:18",94,0,200,89700,"S"
"FPT","09:26:15",93.9,-0.1,800,89500,"B"
"FPT","09:26:12",94,0,600,88700,"B"
"FPT","09:26:10",94,0,300,88100,"B"
"FPT","09:26:07",94,0,800,87800,"B"
"FPT","09:26:00",94,0,800,87000,"B"
"FPT","09:25:59",94.1,0.1,200,86200,"S"
"FPT","09:25:40",94,0,100,86000,"B"
"FPT","09:25:30",94,0,700,85900,"B"
"FPT","09:25:27",94,0,3500,85200,"B"
"FPT","09:24:59",94,0,300,81700,"B"
"FPT","09:24:59",94,0,1500,81400,"B"
"FPT","09:24:45",94.1,0.1,100,79900,"S"
"FPT","09:24:40",94,0,100,79800,"B"
"FPT","09:24:29",94,0,800,79700,"B"
"FPT","09:24:27",94.1,0.1,4000,78900,"S"
"FPT","09:23:50",94,0,100,74900,"B"
"FPT","09:23:40",94,0,600,74800,"B"
"FPT","09:23:37",94,0,3000,74200,"B"
"FPT","09:23:20",94,0,400,71200,"B"
"FPT","09:23:16",94,0,2000,70800,"B"
"FPT","09:23:00",94,0,100,68800,"B"
"FPT","09:22:53",94,0,900,68700,"B"
"FPT","09:22:40",94,0,300,67800,"B"
"FPT","09:22:12",94,0,300,67500,"B"
"FPT","09:22:01",94,0,100,67200,"B"
"FPT","09:21:30",94,0,400,67100,"B"
"FPT","09:21:27",94,0,2000,66700,"B"
"FPT","09:19:45",94,0,100,64700,"B"
"FPT","09:19:44",94,0,1000,64600,"S"
"FPT","09:19:33",94,0,900,63600,"S"
"FPT","09:19:21",93.9,-0.1,300,62700,"B"
"FPT","09:19:16",93.9,-0.1,500,62400,"B"
"FPT","09:19:16",94,0,800,61900,"S"
"FPT","09:19:07",94,0,200,61100,"S"
"FPT","09:18:46",94,0,500,60900,"S"
"FPT","09:18:27",94,0,2000,60400,"S"
"FPT","09:18:25",93.9,-0.1,800,58400,"B"
"FPT","09:18:22",93.9,-0.1,600,57600,"B"
"FPT","09:18:18",93.9,-0.1,4500,57000,"S"
"FPT","09:17:53",93.9,-0.1,100,52500,"S"
"FPT","09:17:47",93.8,-0.2,800,52400,"B"
"FPT","09:17:43",93.8,-0.2,800,51600,"B"
"FPT","09:17:37",93.8,-0.2,800,50800,"B"
"FPT","09:17:31",93.9,-0.1,1900,50000,"B"
"FPT","09:17:27",93.9,-0.1,800,48100,"B"
"FPT","09:17:24",93.9,-0.1,200,47300,"B"
"FPT","09:17:22",93.9,-0.1,1300,47100,"B"
"FPT","09:17:10",93.9,-0.1,100,45800,"B"
"FPT","09:17:09",93.9,-0.1,1000,45700,"B"
"FPT","09:17:05",93.9,-0.1,800,44700,"B"
"FPT","09:16:54",93.9,-0.1,100,43900,"B"
"FPT","09:16:44",93.9,-0.1,5200,43800,"S"
"FPT","09:16:39",93.9,-0.1,100,38600,"S"
"FPT","09:16:21",93.9,-0.1,100,38500,"S"
"FPT","09:16:10",94,0,500,38400,"S"
"FPT","09:16:05",94,0,2000,37900,"B"
"FPT","09:16:05",94.1,0.1,200,35900,"B"
"FPT","09:15:45",94.1,0.1,100,35700,"S"
"FPT","09:15:30",94.1,0.1,100,35600,"S"
"FPT","09:15:14",94,0,400,35500,"S"
"FPT","09:15:01",93.9,-0.1,35100,35100,
