"symbol","time","price","change","vol","total","side"
"HPG","14:45:01",27.2,0.6,1110600,20496200,
"HPG","14:29:58",27.15,0.55,24000,19385600,"S"
"HPG","14:29:55",27.1,0.5,100,19361600,"B"
"HPG","14:29:55",27.15,0.55,4500,19361500,"S"
"HPG","14:29:54",27.1,0.5,100,19357000,"B"
"HPG","14:29:53",27.1,0.5,5000,19356900,"B"
"HPG","14:29:53",27.15,0.55,1300,19351900,"S"
"HPG","14:29:52",27.1,0.5,4000,19350600,"B"
"HPG","14:29:52",27.15,0.55,3000,19346600,"S"
"HPG","14:29:50",27.15,0.55,600,19343600,"S"
"HPG","14:29:49",27.1,0.5,800,19343000,"B"
"HPG","14:29:48",27.1,0.5,1000,19342200,"B"
"HPG","14:29:47",27.1,0.5,100,19341200,"B"
"HPG","14:29:47",27.15,0.55,20000,19341100,"S"
"HPG","14:29:46",27.1,0.5,10000,19321100,"B"
"HPG","14:29:46",27.15,0.55,200,19311100,"S"
"HPG","14:29:45",27.15,0.55,2700,19310900,"S"
"HPG","14:29:42",27.1,0.5,200,19308200,"B"
"HPG","14:29:33",27.15,0.55,200,19308000,"S"
"HPG","14:29:32",27.1,0.5,1000,19307800,"B"
"HPG","14:29:32",27.15,0.55,25000,19306800,"S"
"HPG","14:29:31",27.1,0.5,2500,19281800,"B"
"HPG","14:29:28",27.15,0.55,1100,19279300,"S"
"HPG","14:29:28",27.15,0.55,100,19278200,"S"
"HPG","14:29:27",27.15,0.55,500,19278100,"S"
"HPG","14:29:26",27.15,0.55,500,19277600,"S"
"HPG","14:29:25",27.15,0.55,1000,19277100,"S"
"HPG","14:29:24",27.1,0.5,100,19276100,"B"
"HPG","14:29:22",27.1,0.5,200,19276000,"B"
"HPG","14:29:21",27.15,0.55,1000,19275800,"S"
"HPG","14:29:18",27.15,0.55,5200,19274800,"S"
"HPG","14:29:17",27.15,0.55,23000,19269600,"S"
"HPG","14:29:16",27.1,0.5,30000,19246600,"B"
"HPG","14:29:16",27.15,0.55,100,19216600,"S"
"HPG","14:29:16",27.15,0.55,2000,19216500,"S"
"HPG","14:29:14",27.1,0.5,200,19214500,"B"
"HPG","14:29:12",27.1,0.5,3100,19214300,"B"
"HPG","14:29:09",27.15,0.55,10000,19211200,"S"
"HPG","14:29:08",27.15,0.55,5300,19201200,"S"
"HPG","14:29:06",27.1,0.5,100,19195900,"B"
"HPG","14:29:06",27.15,0.55,5000,19195800,"S"
"HPG","14:29:04",27.15,0.55,600,19190800,"S"
"HPG","14:29:01",27.15,0.55,40000,19190200,"S"
"HPG","14:29:00",27.15,0.55,5700,19150200,"S"
"HPG","14:28:54",27.15,0.55,600,19144500,"S"
"HPG","14:28:53",27.1,0.5,9600,19143900,"B"
"HPG","14:28:52",27.1,0.5,100,19134300,"B"
"HPG","14:28:51",27.15,0.55,1400,19134200,"S"
"HPG","14:28:50",27.1,0.5,8400,19132800,"S"
"HPG","14:28:49",27.1,0.5,7000,19124400,"S"
"HPG","14:28:48",27.1,0.5,1000,19117400,"S"
"HPG","14:28:44",27.1,0.5,1000,19116400,"S"
"HPG","14:28:44",27.1,0.5,1000,19115400,"S"
"HPG","14:28:42",27.1,0.5,5300,19114400,"B"
"HPG","14:28:40",27.1,0.5,600,19109100,"B"
"HPG","14:28:37",27.15,0.55,20000,19108500,"S"
"HPG","14:28:35",27.15,0.55,900,19088500,"S"
"HPG","14:28:34",27.1,0.5,40000,19087600,"B"
"HPG","14:28:34",27.15,0.55,2000,19047600,"S"
"HPG","14:28:34",27.1,0.5,22000,19045600,"B"
"HPG","14:28:34",27.15,0.55,5300,19023600,"S"
"HPG","14:28:31",27.15,0.55,5000,19018300,"S"
"HPG","14:28:29",27.1,0.5,6000,19013300,"B"
"HPG","14:28:28",27.1,0.5,300,19007300,"B"
"HPG","14:28:26",27.15,0.55,5300,19007000,"S"
"HPG","14:28:23",27.1,0.5,50000,19001700,"B"
"HPG","14:28:20",27.15,0.55,8000,18951700,"S"
"HPG","14:28:16",27.1,0.5,500,18943700,"B"
"HPG","14:28:14",27.15,0.55,5500,18943200,"S"
"HPG","14:28:11",27.15,0.55,10000,18937700,"S"
"HPG","14:28:10",27.15,0.55,5300,18927700,"S"
"HPG","14:28:06",27.1,0.5,42300,18922400,"S"
"HPG","14:28:03",27.1,0.5,3000,18880100,"S"
"HPG","14:28:01",27.1,0.5,100,18877100,"S"
"HPG","14:28:00",27.1,0.5,100,18877000,"S"
"HPG","14:27:58",27.05,0.45,2000,18876900,"B"
"HPG","14:27:58",27.1,0.5,1000,18874900,"S"
"HPG","14:27:58",27.1,0.5,53500,18873900,"B"
"HPG","14:27:58",27.15,0.55,3500,18820400,"S"
"HPG","14:27:57",27.15,0.55,7800,18816900,"B"
"HPG","14:27:56",27.15,0.55,200,18809100,"B"
"HPG","14:27:55",27.15,0.55,2000,18808900,"B"
"HPG","14:27:54",27.15,0.55,100,18806900,"B"
"HPG","14:27:51",27.15,0.55,43100,18806800,"S"
"HPG","14:27:50",27.1,0.5,100,18763700,"B"
"HPG","14:27:50",27.15,0.55,100,18763600,"S"
"HPG","14:27:47",27.15,0.55,5000,18763500,"S"
"HPG","14:27:44",27.15,0.55,100,18758500,"S"
"HPG","14:27:41",27.2,0.6,1100,18758400,"S"
"HPG","14:27:41",27.15,0.55,14200,18757300,"S"
"HPG","14:27:41",27.15,0.55,5800,18743100,"B"
"HPG","14:27:40",27.15,0.55,600,18737300,"S"
"HPG","14:27:39",27.15,0.55,300,18736700,"S"
"HPG","14:27:37",27.15,0.55,300,18736400,"S"
"HPG","14:27:36",27.15,0.55,500,18736100,"S"
"HPG","14:27:36",27.15,0.55,2000,18735600,"S"
"HPG","14:27:33",27.15,0.55,6100,18733600,"B"
"HPG","14:27:32",27.2,0.6,1000,18727500,"S"
"HPG","14:27:32",27.15,0.55,500,18726100,"S"
"HPG","14:27:29",27.15,0.55,100,18725600,"S"
"HPG","14:27:29",27.2,0.6,4100,18725500,"S"
"HPG","14:27:29",27.15,0.55,3300,18721400,"S"
"HPG","14:27:28",27.15,0.55,37000,18718100,"S"
"HPG","14:27:27",27.15,0.55,5300,18681100,"S"
"HPG","14:27:26",27.1,0.5,600,18675800,"B"
"HPG","14:27:23",27.15,0.55,6000,18675200,"S"
"HPG","14:27:22",27.15,0.55,48400,18669200,"B"
"HPG","14:27:19",27.2,0.6,5300,18620800,"S"
"HPG","14:27:18",27.2,0.6,8200,18615500,"S"
"HPG","14:27:15",27.15,0.55,5000,18607300,"B"
"HPG","14:27:14",27.2,0.6,1700,18602300,"S"
"HPG","14:27:13",27.15,0.55,200,18600600,"B"
"HPG","14:27:11",27.15,0.55,300,18600400,"B"
"HPG","14:27:11",27.2,0.6,1000,18600100,"S"
"HPG","14:27:11",27.2,0.6,5300,18599100,"S"
"HPG","14:27:11",27.15,0.55,500,18593800,"B"
"HPG","14:27:10",27.15,0.55,3000,18593300,"B"
"HPG","14:27:09",27.2,0.6,700,18590300,"S"
"HPG","14:27:04",27.2,0.6,3000,18589600,"S"
"HPG","14:27:04",27.15,0.55,100,18586600,"B"
"HPG","14:27:02",27.15,0.55,300,18586500,"B"
"HPG","14:27:02",27.15,0.55,100,18586200,"B"
"HPG","14:27:01",27.15,0.55,1000,18586100,"B"
"HPG","14:27:01",27.2,0.6,5300,18585100,"S"
"HPG","14:27:01",27.15,0.55,2800,18579800,"S"
"HPG","14:27:00",27.1,0.5,1200,18577000,"B"
"HPG","14:26:58",27.15,0.55,100000,18575800,"S"
"HPG","14:26:57",27.1,0.5,100000,18475800,"B"
"HPG","14:26:57",27.15,0.55,20000,18375800,"S"
"HPG","14:26:55",27.15,0.55,5300,18355800,"S"
"HPG","14:26:51",27.1,0.5,100,18350500,"B"
"HPG","14:26:50",27.15,0.55,300,18350400,"S"
"HPG","14:26:49",27.15,0.55,5300,18350100,"S"
"HPG","14:26:45",27.1,0.5,10100,18344800,"B"
"HPG","14:26:43",27.15,0.55,5300,18334700,"S"
"HPG","14:26:43",27.1,0.5,1100,18329400,"B"
"HPG","14:26:37",27.1,0.5,100,18328300,"B"
"HPG","14:26:36",27.1,0.5,1100,18328200,"B"
"HPG","14:26:35",27.1,0.5,71600,18327100,"S"
"HPG","14:26:35",27.05,0.45,100,18255500,"B"
"HPG","14:26:33",27.05,0.45,100,18255400,"B"
"HPG","14:26:31",27.05,0.45,500,18255300,"B"
"HPG","14:26:30",27.1,0.5,5300,18254800,"S"
"HPG","14:26:29",27.05,0.45,200,18249500,"B"
"HPG","14:26:27",27.1,0.5,5000,18249300,"S"
"HPG","14:26:25",27.1,0.5,1000,18244300,"S"
"HPG","14:26:24",27.1,0.5,100,18243300,"S"
"HPG","14:26:23",27.05,0.45,4000,18243200,"B"
"HPG","14:26:20",27.1,0.5,5000,18239200,"S"
"HPG","14:26:16",27.1,0.5,10600,18234200,"S"
"HPG","14:26:15",27.05,0.45,100,18223600,"B"
"HPG","14:26:10",27.05,0.45,53600,18223500,"S"
"HPG","14:26:09",27,0.4,600,18169900,"B"
"HPG","14:26:07",27.05,0.45,2000,18169300,"S"
"HPG","14:26:05",27.05,0.45,300,18167300,"S"
"HPG","14:26:04",27.05,0.45,300,18167000,"S"
"HPG","14:26:00",27.05,0.45,5300,18166700,"S"
"HPG","14:25:59",27.05,0.45,5000,18161400,"S"
"HPG","14:25:58",27.05,0.45,3000,18156400,"S"
"HPG","14:25:58",27.05,0.45,200,18153400,"S"
"HPG","14:25:56",27.05,0.45,23300,18153200,"B"
"HPG","14:25:53",27.1,0.5,300,18129900,"S"
"HPG","14:25:48",27.1,0.5,20000,18129600,"S"
"HPG","14:25:45",27.1,0.5,100,18109600,"S"
"HPG","14:25:43",27.1,0.5,15900,18109500,"S"
"HPG","14:25:42",27.05,0.45,100,18093600,"B"
"HPG","14:25:39",27.1,0.5,5300,18093500,"S"
"HPG","14:25:37",27.05,0.45,400,18088200,"S"
"HPG","14:25:35",27.1,0.5,4200,18087800,"S"
"HPG","14:25:35",27,0.4,100,18083600,"B"
"HPG","14:25:35",27,0.4,10200,18083500,"B"
"HPG","14:25:35",27.1,0.5,37700,18073300,"S"
"HPG","14:25:34",27.1,0.5,69800,18035600,"S"
"HPG","14:25:34",27.05,0.45,7500,17965800,"S"
"HPG","14:25:34",27.05,0.45,22500,17958300,"B"
"HPG","14:25:33",27.1,0.5,5300,17935800,"S"
"HPG","14:25:31",27.05,0.45,200,17930500,"B"
"HPG","14:25:30",27.05,0.45,100,17930300,"B"
"HPG","14:25:28",27.1,0.5,5300,17930200,"S"
"HPG","14:25:27",27.05,0.45,9700,17924900,"S"
"HPG","14:25:26",27,0.4,4000,17915200,"B"
"HPG","14:25:26",27.05,0.45,10400,17911200,"S"
"HPG","14:25:25",27.05,0.45,29600,17900800,"S"
"HPG","14:25:24",27.05,0.45,5100,17871200,"S"
"HPG","14:25:22",27.05,0.45,5300,17866100,"S"
"HPG","14:25:21",27.05,0.45,5100,17860800,"S"
"HPG","14:25:20",27.05,0.45,100,17855700,"S"
"HPG","14:25:17",27.05,0.45,5300,17855600,"S"
"HPG","14:25:16",27.05,0.45,24000,17850300,"S"
"HPG","14:25:13",27.05,0.45,28800,17826300,"S"
"HPG","14:25:12",27,0.4,21400,17797500,"S"
"HPG","14:25:10",27,0.4,300,17776100,"S"
"HPG","14:25:09",27,0.4,200000,17775800,"S"
"HPG","14:25:07",27,0.4,700,17575800,"S"
"HPG","14:25:01",27,0.4,100,17575100,"S"
"HPG","14:25:00",27,0.4,25200,17575000,"S"
"HPG","14:24:59",27,0.4,2400,17549800,"S"
"HPG","14:24:57",27,0.4,5000,17547400,"S"
"HPG","14:24:55",27,0.4,5300,17542400,"S"
"HPG","14:24:53",27,0.4,100000,17537100,"S"
"HPG","14:24:52",26.95,0.35,1300,17437100,"B"
"HPG","14:24:52",27,0.4,29700,17365500,"S"
"HPG","14:24:51",26.95,0.35,32400,17335800,"S"
"HPG","14:24:50",26.95,0.35,4200,17303400,"S"
"HPG","14:24:48",26.95,0.35,2800,17299200,"S"
"HPG","14:24:47",26.95,0.35,4000,17296400,"S"
"HPG","14:24:46",26.95,0.35,100,17292400,"S"
"HPG","14:24:45",26.95,0.35,40300,17292300,"S"
"HPG","14:24:44",26.95,0.35,1500,17252000,"S"
"HPG","14:24:43",26.9,0.3,500,17250500,"B"
"HPG","14:24:42",26.95,0.35,2000,17250000,"S"
"HPG","14:24:41",26.95,0.35,4000,17248000,"S"
"HPG","14:24:40",26.95,0.35,2000,17244000,"S"
"HPG","14:24:40",26.95,0.35,5300,17242000,"S"
"HPG","14:24:39",26.95,0.35,2000,17236700,"S"
"HPG","14:24:32",26.95,0.35,5300,17234700,"S"
"HPG","14:24:27",26.95,0.35,35000,17229400,"S"
"HPG","14:24:21",26.95,0.35,5300,17194400,"S"
"HPG","14:24:20",26.95,0.35,500,17189100,"S"
"HPG","14:24:19",26.9,0.3,2000,17188600,"B"
"HPG","14:24:17",26.95,0.35,50000,17186600,"S"
"HPG","14:24:10",26.9,0.3,1300,17136600,"B"
"HPG","14:24:09",26.9,0.3,11700,17135300,"S"
"HPG","14:24:08",26.9,0.3,1000,17123600,"S"
"HPG","14:24:08",26.9,0.3,5000,17122600,"S"
"HPG","14:24:07",26.9,0.3,10000,17117600,"S"
"HPG","14:24:05",26.9,0.3,10000,17107600,"S"
"HPG","14:24:03",26.9,0.3,12000,17097600,"S"
"HPG","14:24:02",26.9,0.3,100,17085600,"S"
"HPG","14:23:59",26.9,0.3,27900,17085500,"S"
"HPG","14:23:58",26.9,0.3,92100,17057600,"S"
"HPG","14:23:56",26.9,0.3,10600,16965500,"S"
"HPG","14:23:54",26.9,0.3,500,16954900,"S"
"HPG","14:23:49",26.9,0.3,10600,16954400,"S"
"HPG","14:23:47",26.85,0.25,11000,16943800,"B"
"HPG","14:23:43",26.9,0.3,3000,16932800,"S"
"HPG","14:23:42",26.9,0.3,10600,16929800,"S"
"HPG","14:23:41",26.9,0.3,300,16919200,"S"
"HPG","14:23:41",26.85,0.25,3000,16918900,"B"
"HPG","14:23:37",26.9,0.3,2200,16915900,"S"
"HPG","14:23:36",26.9,0.3,10600,16913700,"S"
"HPG","14:23:32",26.9,0.3,1400,16903100,"S"
"HPG","14:23:29",26.9,0.3,3000,16901700,"S"
"HPG","14:23:27",26.9,0.3,10600,16898700,"S"
"HPG","14:23:24",26.85,0.25,100,16888100,"B"
"HPG","14:23:23",26.85,0.25,3200,16888000,"S"
"HPG","14:23:21",26.85,0.25,100,16884800,"S"
"HPG","14:23:18",26.85,0.25,100,16884700,"S"
"HPG","14:23:17",26.85,0.25,10600,16884600,"S"
"HPG","14:23:14",26.85,0.25,100,16874000,"S"
"HPG","14:23:13",26.85,0.25,300,16873900,"S"
"HPG","14:23:11",26.85,0.25,7400,16873600,"S"
"HPG","14:23:09",26.85,0.25,300,16866200,"S"
"HPG","14:23:08",26.85,0.25,5300,16865900,"S"
"HPG","14:23:06",26.85,0.25,10700,16860600,"S"
"HPG","14:23:05",26.85,0.25,6500,16849900,"S"
"HPG","14:23:04",26.85,0.25,200,16843400,"S"
"HPG","14:23:02",26.8,0.2,500,16843200,"B"
"HPG","14:23:01",26.85,0.25,2400,16842700,"S"
"HPG","14:22:58",26.85,0.25,200,16840300,"S"
"HPG","14:22:57",26.85,0.25,400,16840100,"S"
"HPG","14:22:56",26.85,0.25,200,16839700,"S"
"HPG","14:22:55",26.85,0.25,500,16839500,"S"
"HPG","14:22:54",26.85,0.25,10600,16839000,"S"
"HPG","14:22:53",26.85,0.25,10500,16828400,"S"
"HPG","14:22:45",26.8,0.2,15900,16817900,"B"
"HPG","14:22:45",26.85,0.25,1600,16802000,"S"
"HPG","14:22:43",26.85,0.25,2000,16800400,"S"
"HPG","14:22:42",26.8,0.2,100,16798400,"B"
"HPG","14:22:42",26.85,0.25,100,16798300,"S"
"HPG","14:22:38",26.85,0.25,20000,16798200,"S"
"HPG","14:22:37",26.85,0.25,10000,16778200,"S"
"HPG","14:22:34",26.85,0.25,11600,16768200,"S"
"HPG","14:22:33",26.85,0.25,10000,16756600,"S"
"HPG","14:22:31",26.85,0.25,800,16746600,"S"
"HPG","14:22:30",26.85,0.25,1400,16745800,"S"
"HPG","14:22:30",26.85,0.25,1000,16744400,"S"
"HPG","14:22:29",26.85,0.25,2000,16743400,"S"
"HPG","14:22:28",26.85,0.25,10600,16741400,"S"
"HPG","14:22:27",26.85,0.25,500,16730800,"S"
"HPG","14:22:26",26.85,0.25,30700,16730300,"S"
"HPG","14:22:24",26.85,0.25,4000,16699600,"S"
"HPG","14:22:23",26.85,0.25,5000,16695600,"S"
"HPG","14:22:23",26.85,0.25,300,16690600,"S"
"HPG","14:22:22",26.85,0.25,4000,16690300,"S"
"HPG","14:22:20",26.85,0.25,5000,16686300,"S"
"HPG","14:22:16",26.8,0.2,3500,16681300,"B"
"HPG","14:22:15",26.85,0.25,1000,16677800,"S"
"HPG","14:22:14",26.85,0.25,300,16676800,"S"
"HPG","14:22:07",26.8,0.2,1500,16676500,"B"
"HPG","14:22:07",26.85,0.25,5300,16675000,"S"
"HPG","14:22:02",26.85,0.25,100,16669700,"S"
"HPG","14:22:01",26.85,0.25,10000,16669600,"S"
"HPG","14:22:01",26.85,0.25,100,16659600,"S"
"HPG","14:22:00",26.85,0.25,1300,16654200,"S"
"HPG","14:21:59",26.85,0.25,200,16652900,"S"
"HPG","14:21:57",26.85,0.25,900,16652700,"S"
"HPG","14:21:54",26.85,0.25,3000,16651800,"S"
"HPG","14:21:53",26.85,0.25,5300,16648800,"S"
"HPG","14:21:51",26.8,0.2,100000,16643500,"B"
"HPG","14:21:50",26.85,0.25,100,16543500,"S"
"HPG","14:21:47",26.85,0.25,5300,16543400,"S"
"HPG","14:21:45",26.85,0.25,10500,16538100,"S"
"HPG","14:21:43",26.85,0.25,500,16527600,"S"
"HPG","14:21:43",26.85,0.25,500,16527100,"S"
"HPG","14:21:41",26.85,0.25,5300,16526600,"S"
"HPG","14:21:33",26.85,0.25,5300,16521300,"S"
"HPG","14:21:29",26.85,0.25,1300,16516000,"S"
"HPG","14:21:28",26.85,0.25,200,16514700,"S"
"HPG","14:21:24",26.8,0.2,100,16514500,"B"
"HPG","14:21:24",26.85,0.25,700,16514400,"S"
"HPG","14:21:23",26.85,0.25,100,16513700,"S"
"HPG","14:21:22",26.85,0.25,5300,16513600,"S"
"HPG","14:21:20",26.8,0.2,2000,16508300,"B"
"HPG","14:21:19",26.8,0.2,5000,16506300,"B"
"HPG","14:21:17",26.85,0.25,200,16501300,"S"
"HPG","14:21:15",26.85,0.25,5300,16501100,"S"
"HPG","14:21:14",26.85,0.25,800,16495800,"S"
"HPG","14:21:13",26.85,0.25,800,16495000,"S"
"HPG","14:21:11",26.8,0.2,1000,16494200,"B"
"HPG","14:21:10",26.85,0.25,10000,16493200,"S"
"HPG","14:21:06",26.85,0.25,8000,16483200,"S"
"HPG","14:21:04",26.85,0.25,7300,16475200,"S"
"HPG","14:21:02",26.85,0.25,8200,16467900,"S"
"HPG","14:21:00",26.85,0.25,600,16459700,"S"
"HPG","14:20:58",26.85,0.25,1300,16459100,"S"
"HPG","14:20:58",26.85,0.25,27000,16457800,"S"
"HPG","14:20:57",26.8,0.2,400,16430800,"B"
"HPG","14:20:56",26.85,0.25,5300,16430400,"S"
"HPG","14:20:53",26.8,0.2,100,16425100,"B"
"HPG","14:20:50",26.85,0.25,1000,16425000,"S"
"HPG","14:20:50",26.85,0.25,5300,16424000,"S"
"HPG","14:20:49",26.85,0.25,2000,16418700,"S"
"HPG","14:20:49",26.8,0.2,100,16416700,"B"
"HPG","14:20:47",26.8,0.2,20000,16416600,"B"
"HPG","14:20:46",26.8,0.2,500,16396600,"B"
"HPG","14:20:44",26.85,0.25,5300,16396100,"S"
"HPG","14:20:43",26.85,0.25,100,16390800,"S"
"HPG","14:20:42",26.85,0.25,1000,16390700,"S"
"HPG","14:20:38",26.85,0.25,5200,16389700,"S"
"HPG","14:20:38",26.85,0.25,700,16384500,"S"
"HPG","14:20:37",26.85,0.25,5400,16383800,"S"
"HPG","14:20:36",26.85,0.25,400,16378400,"S"
"HPG","14:20:31",26.85,0.25,4600,16378000,"S"
"HPG","14:20:27",26.85,0.25,15300,16373400,"S"
"HPG","14:20:27",26.85,0.25,1300,16358100,"S"
"HPG","14:20:25",26.85,0.25,2000,16356800,"S"
"HPG","14:20:23",26.85,0.25,100,16354800,"S"
"HPG","14:20:21",26.85,0.25,500,16354700,"S"
"HPG","14:20:15",26.85,0.25,100,16354200,"S"
"HPG","14:20:14",26.85,0.25,5300,16354100,"S"
"HPG","14:20:14",26.85,0.25,4000,16348800,"S"
"HPG","14:20:11",26.85,0.25,4000,16344800,"S"
"HPG","14:20:09",26.85,0.25,400,16340800,"S"
"HPG","14:20:08",26.85,0.25,2000,16340400,"S"
"HPG","14:20:07",26.85,0.25,5300,16338400,"S"
"HPG","14:20:02",26.8,0.2,1000,16333100,"B"
"HPG","14:20:01",26.85,0.25,2300,16332100,"S"
"HPG","14:19:59",26.85,0.25,5400,16329800,"S"
"HPG","14:19:56",26.85,0.25,1300,16324400,"S"
"HPG","14:19:55",26.8,0.2,3000,16323100,"B"
"HPG","14:19:54",26.8,0.2,800,16320100,"B"
"HPG","14:19:53",26.85,0.25,5300,16319300,"S"
"HPG","14:19:52",26.85,0.25,100,16314000,"S"
"HPG","14:19:52",26.8,0.2,14300,16313900,"B"
"HPG","14:19:50",26.85,0.25,900,16299600,"S"
"HPG","14:19:46",26.85,0.25,5300,16298700,"S"
"HPG","14:19:42",26.8,0.2,400,16293400,"B"
"HPG","14:19:40",26.8,0.2,171100,16293000,"S"
"HPG","14:19:37",26.8,0.2,1000,16121900,"S"
"HPG","14:19:33",26.8,0.2,2000,16120900,"S"
"HPG","14:19:32",26.75,0.15,300,16118900,"B"
"HPG","14:19:32",26.8,0.2,500,16118600,"S"
"HPG","14:19:31",26.8,0.2,5300,16118100,"S"
"HPG","14:19:26",26.8,0.2,200,16112800,"S"
"HPG","14:19:25",26.8,0.2,4000,16112600,"S"
"HPG","14:19:24",26.8,0.2,1300,16108600,"S"
"HPG","14:19:19",26.8,0.2,1000,16107300,"S"
"HPG","14:19:14",26.75,0.15,10000,16106300,"B"
"HPG","14:19:13",26.75,0.15,1000,16096300,"B"
"HPG","14:19:12",26.75,0.15,100,16095300,"B"
"HPG","14:19:11",26.8,0.2,1000,16095200,"S"
"HPG","14:19:09",26.8,0.2,5300,16094200,"S"
"HPG","14:19:06",26.75,0.15,6400,16088900,"B"
"HPG","14:19:06",26.75,0.15,13600,16082500,"B"
"HPG","14:19:02",26.8,0.2,1000,16068900,"S"
"HPG","14:19:00",26.8,0.2,5300,16067900,"S"
"HPG","14:18:55",26.75,0.15,1000,16062600,"B"
"HPG","14:18:53",26.8,0.2,1300,16061600,"S"
"HPG","14:18:52",26.75,0.15,10000,16060300,"B"
"HPG","14:18:48",26.8,0.2,6200,16050300,"S"
"HPG","14:18:43",26.8,0.2,200,16044100,"S"
"HPG","14:18:42",26.75,0.15,400,16043900,"B"
"HPG","14:18:40",26.75,0.15,3100,16043500,"B"
"HPG","14:18:37",26.75,0.15,400,16040400,"B"
"HPG","14:18:36",26.8,0.2,5300,16040000,"S"
"HPG","14:18:35",26.75,0.15,3100,16034700,"B"
"HPG","14:18:34",26.75,0.15,300,16031600,"B"
"HPG","14:18:33",26.75,0.15,500,16031300,"B"
"HPG","14:18:33",26.75,0.15,700,16030800,"B"
"HPG","14:18:26",26.8,0.2,600,16030100,"S"
"HPG","14:18:25",26.8,0.2,1000,16029500,"S"
"HPG","14:18:22",26.8,0.2,1300,16028500,"S"
"HPG","14:18:22",26.75,0.15,1000,16027200,"B"
"HPG","14:18:17",26.8,0.2,900,16026200,"S"
"HPG","14:18:14",26.75,0.15,500,16025300,"B"
"HPG","14:18:13",26.75,0.15,400,16024800,"B"
"HPG","14:18:09",26.75,0.15,700,16024400,"B"
"HPG","14:18:07",26.8,0.2,5300,16023700,"S"
"HPG","14:18:06",26.75,0.15,3400,16018400,"B"
"HPG","14:18:05",26.8,0.2,1000,16015000,"S"
"HPG","14:18:05",26.75,0.15,500,16014000,"B"
"HPG","14:17:58",26.75,0.15,2000,16013500,"B"
"HPG","14:17:57",26.75,0.15,10000,16011500,"B"
"HPG","14:17:55",26.75,0.15,2400,16001500,"B"
"HPG","14:17:53",26.75,0.15,900,15999100,"B"
"HPG","14:17:52",26.8,0.2,1300,15998200,"S"
"HPG","14:17:52",26.75,0.15,5000,15996900,"B"
"HPG","14:17:49",26.75,0.15,5100,15991900,"B"
"HPG","14:17:48",26.75,0.15,18900,15986800,"S"
"HPG","14:17:46",26.7,0.1,3000,15967900,"B"
"HPG","14:17:44",26.75,0.15,1000,15964900,"S"
"HPG","14:17:40",26.7,0.1,14000,15963900,"B"
"HPG","14:17:39",26.75,0.15,100,15949900,"S"
"HPG","14:17:37",26.75,0.15,300,15949800,"S"
"HPG","14:17:35",26.75,0.15,100,15949500,"S"
"HPG","14:17:33",26.75,0.15,4800,15949400,"B"
"HPG","14:17:32",26.75,0.15,8000,15944600,"B"
"HPG","14:17:31",26.75,0.15,37200,15936600,"S"
"HPG","14:17:31",26.7,0.1,1000,15899400,"B"
"HPG","14:17:25",26.75,0.15,1000,15898400,"S"
"HPG","14:17:21",26.75,0.15,1300,15897400,"S"
"HPG","14:17:18",26.7,0.1,3000,15896100,"B"
"HPG","14:17:15",26.8,0.2,100,15893100,"S"
"HPG","14:17:15",26.75,0.15,6200,15893000,"B"
"HPG","14:17:14",26.75,0.15,3000,15886800,"B"
"HPG","14:17:12",26.75,0.15,103000,15883800,"B"
"HPG","14:17:11",26.75,0.15,42100,15780800,"B"
"HPG","14:17:09",26.75,0.15,3500,15738700,"B"
"HPG","14:17:07",26.75,0.15,800,15735200,"B"
"HPG","14:17:04",26.75,0.15,2100,15734400,"B"
"HPG","14:17:01",26.75,0.15,400,15732300,"B"
"HPG","14:17:01",26.75,0.15,400,15731900,"B"
"HPG","14:17:00",26.75,0.15,20000,15731500,"B"
"HPG","14:16:53",26.8,0.2,6700,15711500,"S"
"HPG","14:16:51",26.75,0.15,2000,15704800,"B"
"HPG","14:16:50",26.8,0.2,1300,15702800,"S"
"HPG","14:16:47",26.75,0.15,300,15701500,"B"
"HPG","14:16:47",26.75,0.15,1000,15701200,"B"
"HPG","14:16:46",26.75,0.15,500,15700200,"B"
"HPG","14:16:46",26.8,0.2,2700,15699700,"S"
"HPG","14:16:46",26.75,0.15,1000,15697000,"B"
"HPG","14:16:45",26.75,0.15,2000,15696000,"B"
"HPG","14:16:44",26.75,0.15,7400,15694000,"B"
"HPG","14:16:43",26.75,0.15,45000,15686600,"B"
"HPG","14:16:41",26.75,0.15,2000,15641600,"B"
"HPG","14:16:38",26.75,0.15,4000,15639600,"B"
"HPG","14:16:37",26.75,0.15,2500,15635600,"B"
"HPG","14:16:35",26.75,0.15,36900,15633100,"S"
"HPG","14:16:33",26.7,0.1,7000,15596200,"B"
"HPG","14:16:30",26.75,0.15,2300,15589200,"S"
"HPG","14:16:29",26.7,0.1,200,15586900,"B"
"HPG","14:16:27",26.7,0.1,100,15586700,"B"
"HPG","14:16:27",26.75,0.15,68700,15586600,"B"
"HPG","14:16:26",26.75,0.15,400,15488100,"B"
"HPG","14:16:25",26.75,0.15,11000,15487700,"B"
"HPG","14:16:24",26.75,0.15,4000,15476700,"B"
"HPG","14:16:23",26.75,0.15,4000,15472700,"B"
"HPG","14:16:21",26.75,0.15,30000,15468700,"B"
"HPG","14:16:19",26.8,0.2,1300,15438700,"S"
"HPG","14:16:19",26.75,0.15,1000,15437400,"B"
"HPG","14:16:18",26.75,0.15,100,15436400,"B"
"HPG","14:16:17",26.75,0.15,3600,15436300,"B"
"HPG","14:16:16",26.75,0.15,1000,15432700,"B"
"HPG","14:16:14",26.75,0.15,1000,15431700,"B"
"HPG","14:16:13",26.75,0.15,2000,15430700,"B"
"HPG","14:16:11",26.75,0.15,600,15428700,"B"
"HPG","14:16:09",26.75,0.15,100,15428100,"B"
"HPG","14:16:01",26.75,0.15,500,15428000,"B"
"HPG","14:15:56",26.8,0.2,100,15427500,"S"
"HPG","14:15:55",26.8,0.2,1000,15427400,"S"
"HPG","14:15:48",26.8,0.2,1300,15426400,"S"
"HPG","14:15:43",26.75,0.15,1700,15425100,"B"
"HPG","14:15:40",26.75,0.15,1000,15423400,"B"
"HPG","14:15:35",26.75,0.15,6500,15422400,"B"
"HPG","14:15:32",26.75,0.15,400,15415900,"B"
"HPG","14:15:29",26.75,0.15,1000,15415500,"B"
"HPG","14:15:28",26.75,0.15,15900,15414500,"B"
"HPG","14:15:25",26.75,0.15,200,15398600,"B"
"HPG","14:15:17",26.75,0.15,20000,15398400,"B"
"HPG","14:15:16",26.8,0.2,1300,15378400,"S"
"HPG","14:15:15",26.75,0.15,4100,15377100,"B"
"HPG","14:15:13",26.75,0.15,600,15373000,"B"
"HPG","14:15:08",26.75,0.15,8000,15372400,"B"
"HPG","14:15:04",26.75,0.15,10000,15364400,"B"
"HPG","14:14:59",26.75,0.15,500,15354400,"B"
"HPG","14:14:55",26.8,0.2,100,15353900,"S"
"HPG","14:14:48",26.75,0.15,300,15353800,"B"
"HPG","14:14:47",26.75,0.15,2000,15343500,"B"
"HPG","14:14:46",26.8,0.2,1300,15341500,"S"
"HPG","14:14:45",26.75,0.15,400,15340200,"B"
"HPG","14:14:44",26.75,0.15,1400,15339800,"B"
"HPG","14:14:40",26.8,0.2,100,15338400,"S"
"HPG","14:14:38",26.8,0.2,400,15338300,"S"
"HPG","14:14:32",26.8,0.2,52800,15337900,"B"
"HPG","14:14:31",26.8,0.2,111200,15285100,"B"
"HPG","14:14:30",26.8,0.2,15900,15173900,"B"
"HPG","14:14:29",26.8,0.2,1000,15158000,"B"
"HPG","14:14:27",26.8,0.2,60000,15157000,"B"
"HPG","14:14:21",26.8,0.2,400,15097000,"B"
"HPG","14:14:19",26.8,0.2,1600,15096600,"B"
"HPG","14:14:15",26.8,0.2,2000,15095000,"B"
"HPG","14:14:14",26.85,0.25,1300,15093000,"S"
"HPG","14:14:14",26.8,0.2,1400,15091700,"B"
"HPG","14:14:08",26.8,0.2,10000,15090300,"B"
"HPG","14:14:08",26.85,0.25,4000,15080300,"S"
"HPG","14:14:06",26.85,0.25,1000,15076300,"S"
"HPG","14:14:04",26.85,0.25,4000,15075300,"S"
"HPG","14:14:03",26.8,0.2,400,15071300,"B"
"HPG","14:13:59",26.8,0.2,400,15070900,"B"
"HPG","14:13:51",26.8,0.2,800,15070500,"B"
"HPG","14:13:50",26.8,0.2,1000,15069700,"B"
"HPG","14:13:49",26.8,0.2,1600,15068700,"B"
"HPG","14:13:47",26.8,0.2,3000,15067100,"B"
"HPG","14:13:45",26.8,0.2,2400,15064100,"B"
"HPG","14:13:44",26.8,0.2,2900,15061700,"B"
"HPG","14:13:43",26.85,0.25,1300,15058800,"S"
"HPG","14:13:39",26.8,0.2,2900,15057500,"B"
"HPG","14:13:36",26.8,0.2,200,15054600,"B"
"HPG","14:13:34",26.8,0.2,500,15054400,"B"
"HPG","14:13:32",26.8,0.2,10000,15053900,"B"
"HPG","14:13:26",26.8,0.2,400,15043900,"B"
"HPG","14:13:21",26.8,0.2,1700,15043500,"B"
"HPG","14:13:18",26.8,0.2,1000,15041800,"B"
"HPG","14:13:16",26.8,0.2,200,15040800,"B"
"HPG","14:13:13",26.8,0.2,1400,15040600,"B"
"HPG","14:13:12",26.85,0.25,1200,15039200,"S"
"HPG","14:13:12",26.8,0.2,5000,15038000,"B"
"HPG","14:13:10",26.8,0.2,400,15033000,"B"
"HPG","14:13:07",26.8,0.2,1500,15032600,"B"
"HPG","14:13:05",26.85,0.25,500,15031100,"S"
"HPG","14:12:52",26.8,0.2,500,15030600,"B"
"HPG","14:12:47",26.8,0.2,4500,15030100,"B"
"HPG","14:12:44",26.8,0.2,1400,15025600,"B"
"HPG","14:12:41",26.85,0.25,130800,15024200,"B"
"HPG","14:12:41",26.9,0.3,1200,14893400,"S"
"HPG","14:12:36",26.9,0.3,100,14892200,"S"
"HPG","14:12:34",26.85,0.25,400,14892100,"B"
"HPG","14:12:26",26.85,0.25,500,14891700,"B"
"HPG","14:12:23",26.85,0.25,100,14891200,"B"
"HPG","14:12:21",26.85,0.25,100,14891100,"B"
"HPG","14:12:16",26.85,0.25,400,14891000,"B"
"HPG","14:12:14",26.85,0.25,1400,14890600,"B"
"HPG","14:12:10",26.9,0.3,1200,14889100,"S"
"HPG","14:12:10",26.9,0.3,1000,14887900,"S"
"HPG","14:12:08",26.85,0.25,300,14886900,"B"
"HPG","14:12:07",26.85,0.25,15600,14886600,"B"
"HPG","14:12:06",26.85,0.25,5800,14871000,"B"
"HPG","14:11:59",26.85,0.25,5000,14865200,"B"
"HPG","14:11:56",26.9,0.3,400,14860200,"S"
"HPG","14:11:53",26.9,0.3,500,14859800,"S"
"HPG","14:11:48",26.9,0.3,100,14859300,"S"
"HPG","14:11:48",26.85,0.25,100,14859200,"B"
"HPG","14:11:43",26.85,0.25,1400,14859100,"B"
"HPG","14:11:40",26.85,0.25,400,14857700,"B"
"HPG","14:11:39",26.9,0.3,1200,14857300,"S"
"HPG","14:11:38",26.85,0.25,300,14856100,"B"
"HPG","14:11:34",26.9,0.3,2300,14855800,"S"
"HPG","14:11:30",26.9,0.3,300,14853500,"S"
"HPG","14:11:28",26.85,0.25,1900,14853200,"B"
"HPG","14:11:17",26.9,0.3,100,14851300,"S"
"HPG","14:11:13",26.85,0.25,1400,14851200,"B"
"HPG","14:11:11",26.9,0.3,200,14849800,"S"
"HPG","14:11:08",26.9,0.3,1200,14849600,"S"
"HPG","14:11:05",26.85,0.25,400,14848400,"B"
"HPG","14:10:57",26.85,0.25,500,14848000,"B"
"HPG","14:10:51",26.85,0.25,1100,14847500,"S"
"HPG","14:10:47",26.85,0.25,500,14846400,"S"
"HPG","14:10:43",26.85,0.25,10000,14845900,"S"
"HPG","14:10:43",26.8,0.2,1400,14835900,"B"
"HPG","14:10:41",26.85,0.25,10000,14834500,"S"
"HPG","14:10:40",26.85,0.25,200,14824500,"S"
"HPG","14:10:37",26.85,0.25,1000,14824300,"S"
"HPG","14:10:31",26.85,0.25,5000,14823300,"S"
"HPG","14:10:30",26.85,0.25,4900,14818300,"S"
"HPG","14:10:27",26.85,0.25,600,14813400,"S"
"HPG","14:10:25",26.85,0.25,500,14812800,"S"
"HPG","14:10:22",26.85,0.25,500,14812300,"S"
"HPG","14:10:19",26.85,0.25,2800,14811800,"S"
"HPG","14:10:15",26.85,0.25,20000,14809000,"S"
"HPG","14:10:13",26.8,0.2,1400,14789000,"B"
"HPG","14:10:10",26.85,0.25,2300,14787600,"S"
"HPG","14:10:08",26.85,0.25,20900,14785300,"B"
"HPG","14:10:05",26.85,0.25,1000,14764400,"B"
"HPG","14:10:02",26.85,0.25,100,14763400,"B"
"HPG","14:09:57",26.85,0.25,400,14763300,"B"
"HPG","14:09:53",26.85,0.25,500,14762900,"B"
"HPG","14:09:43",26.85,0.25,1600,14762400,"B"
"HPG","14:09:42",26.9,0.3,500,14760800,"S"
"HPG","14:09:38",26.9,0.3,100,14760300,"S"
"HPG","14:09:36",26.85,0.25,300,14760200,"B"
"HPG","14:09:35",26.85,0.25,500,14759900,"B"
"HPG","14:09:29",26.85,0.25,200,14759400,"B"
"HPG","14:09:28",26.9,0.3,6400,14759200,"S"
"HPG","14:09:23",26.9,0.3,100,14752800,"S"
"HPG","14:09:23",26.85,0.25,200,14752700,"S"
"HPG","14:09:18",26.8,0.2,400,14752500,"B"
"HPG","14:09:13",26.8,0.2,1400,14752100,"B"
"HPG","14:09:07",26.9,0.3,1500,14750700,"S"
"HPG","14:09:07",26.85,0.25,4600,14749200,"S"
"HPG","14:09:03",26.85,0.25,2000,14744600,"S"
"HPG","14:09:02",26.85,0.25,100,14742600,"S"
"HPG","14:08:53",26.85,0.25,100,14742500,"B"
"HPG","14:08:52",26.85,0.25,21200,14742400,"S"
"HPG","14:08:51",26.85,0.25,100,14721200,"S"
"HPG","14:08:48",26.85,0.25,200,14721100,"S"
"HPG","14:08:47",26.85,0.25,100,14720900,"S"
"HPG","14:08:46",26.85,0.25,300,14720800,"S"
"HPG","14:08:43",26.8,0.2,1400,14720500,"B"
"HPG","14:08:41",26.85,0.25,200,14719100,"S"
"HPG","14:08:40",26.85,0.25,5600,14718900,"S"
"HPG","14:08:39",26.85,0.25,72700,14713300,"B"
"HPG","14:08:39",26.85,0.25,20000,14640600,"B"
"HPG","14:08:37",26.9,0.3,100,14620600,"S"
"HPG","14:08:33",26.85,0.25,4000,14620500,"B"
"HPG","14:08:28",26.85,0.25,1000,14616500,"B"
"HPG","14:08:24",26.85,0.25,400,14615500,"B"
"HPG","14:08:23",26.85,0.25,100,14615100,"B"
"HPG","14:08:20",26.85,0.25,17400,14615000,"S"
"HPG","14:08:14",26.85,0.25,47100,14597600,"B"
"HPG","14:08:13",26.85,0.25,1400,14550500,"B"
"HPG","14:08:09",26.85,0.25,800,14549100,"B"
"HPG","14:08:07",26.85,0.25,300,14548300,"B"
"HPG","14:08:06",26.85,0.25,600,14548000,"B"
"HPG","14:08:05",26.85,0.25,500,14547400,"B"
"HPG","14:08:03",26.85,0.25,500,14546900,"B"
"HPG","14:08:03",26.85,0.25,12500,14546400,"B"
"HPG","14:08:02",26.9,0.3,1000,14533900,"S"
"HPG","14:07:58",26.85,0.25,500,14532900,"B"
"HPG","14:07:51",26.85,0.25,500,14532400,"B"
"HPG","14:07:48",26.85,0.25,400,14531900,"B"
"HPG","14:07:42",26.85,0.25,2500,14531500,"B"
"HPG","14:07:41",26.85,0.25,2000,14529000,"B"
"HPG","14:07:36",26.85,0.25,1000,14527000,"B"
"HPG","14:07:34",26.85,0.25,2000,14526000,"B"
"HPG","14:07:31",26.85,0.25,400,14524000,"B"
"HPG","14:07:20",26.85,0.25,100,14523600,"B"
"HPG","14:07:13",26.85,0.25,400,14523500,"B"
"HPG","14:07:12",26.85,0.25,1400,14523100,"B"
"HPG","14:06:59",26.85,0.25,2200,14521700,"B"
"HPG","14:06:55",26.85,0.25,400,14519500,"B"
"HPG","14:06:49",26.85,0.25,5000,14519100,"B"
"HPG","14:06:48",26.85,0.25,500,14514100,"B"
"HPG","14:06:46",26.85,0.25,4000,14513600,"B"
"HPG","14:06:42",26.85,0.25,1400,14509600,"B"
"HPG","14:06:38",26.85,0.25,2000,14508200,"B"
"HPG","14:06:37",26.85,0.25,500,14506200,"B"
"HPG","14:06:35",26.85,0.25,5000,14505700,"B"
"HPG","14:06:32",26.85,0.25,6500,14500700,"B"
"HPG","14:06:23",26.85,0.25,17000,14494200,"B"
"HPG","14:06:19",26.85,0.25,400,14477200,"B"
"HPG","14:06:16",26.85,0.25,1700,14476800,"B"
"HPG","14:06:13",26.85,0.25,400,14475100,"B"
"HPG","14:06:12",26.85,0.25,1000,14474700,"B"
"HPG","14:06:10",26.9,0.3,800,14473700,"S"
"HPG","14:06:03",26.9,0.3,500,14472900,"S"
"HPG","14:05:56",26.9,0.3,2400,14472400,"S"
"HPG","14:05:55",26.85,0.25,200,14470000,"B"
"HPG","14:05:45",26.9,0.3,300,14469800,"S"
"HPG","14:05:42",26.85,0.25,1400,14469500,"B"
"HPG","14:05:19",26.9,0.3,500,14468100,"S"
"HPG","14:05:13",26.9,0.3,500,14467600,"S"
"HPG","14:05:10",26.9,0.3,500,14465700,"S"
"HPG","14:05:01",26.9,0.3,3500,14465200,"S"
"HPG","14:05:00",26.9,0.3,600,14461700,"S"
"HPG","14:04:59",26.9,0.3,600,14461100,"S"
"HPG","14:04:58",26.9,0.3,10000,14460500,"S"
"HPG","14:04:58",26.9,0.3,200,14450500,"S"
"HPG","14:04:56",26.9,0.3,1000,14450300,"S"
"HPG","14:04:53",26.9,0.3,100,14449300,"S"
"HPG","14:04:49",26.9,0.3,100,14449200,"S"
"HPG","14:04:47",26.9,0.3,10000,14449100,"S"
"HPG","14:04:46",26.9,0.3,3400,14439100,"S"
"HPG","14:04:44",26.9,0.3,10000,14435700,"S"
"HPG","14:04:43",26.9,0.3,42700,14425700,"B"
"HPG","14:04:42",26.9,0.3,1400,14383000,"B"
"HPG","14:04:40",26.9,0.3,4000,14381600,"B"
"HPG","14:04:38",26.9,0.3,100,14377600,"B"
"HPG","14:04:36",26.95,0.35,4500,14377500,"S"
"HPG","14:04:36",26.9,0.3,300000,14373000,"B"
"HPG","14:04:32",26.95,0.35,2400,14073000,"S"
"HPG","14:04:30",26.95,0.35,4000,14070600,"S"
"HPG","14:04:28",26.9,0.3,2000,14066600,"B"
"HPG","14:04:26",26.95,0.35,900,14064600,"S"
"HPG","14:04:24",26.9,0.3,100,14063700,"B"
"HPG","14:04:21",26.95,0.35,2000,14063600,"S"
"HPG","14:04:16",26.9,0.3,200,14061600,"B"
"HPG","14:04:14",26.95,0.35,500,14061400,"S"
"HPG","14:04:13",26.95,0.35,1000,14060900,"S"
"HPG","14:04:12",26.95,0.35,100,14059900,"S"
"HPG","14:04:12",26.9,0.3,1400,14059800,"B"
"HPG","14:04:12",26.95,0.35,1000,14058400,"S"
"HPG","14:04:08",26.9,0.3,400,14057400,"B"
"HPG","14:04:07",26.95,0.35,200,14057000,"S"
"HPG","14:04:06",26.95,0.35,500,14056800,"S"
"HPG","14:04:04",26.95,0.35,100,14056300,"S"
"HPG","14:04:03",26.95,0.35,100,14056200,"S"
"HPG","14:04:01",26.95,0.35,1000,14056100,"S"
"HPG","14:03:59",26.95,0.35,600,14055100,"S"
"HPG","14:03:57",26.95,0.35,5000,14054500,"S"
"HPG","14:03:57",26.95,0.35,1100,14049500,"S"
"HPG","14:03:51",26.95,0.35,500,14048400,"S"
"HPG","14:03:50",26.95,0.35,2400,14047900,"S"
"HPG","14:03:49",26.95,0.35,300,14045500,"S"
"HPG","14:03:49",26.95,0.35,300,14045200,"S"
"HPG","14:03:48",26.95,0.35,6500,14044900,"B"
"HPG","14:03:42",26.95,0.35,1400,14038400,"B"
"HPG","14:03:41",26.95,0.35,2200,14037000,"S"
"HPG","14:03:41",26.95,0.35,6000,14034800,"B"
"HPG","14:03:40",26.95,0.35,92000,14028800,"B"
"HPG","14:03:39",26.95,0.35,400,13936800,"B"
"HPG","14:03:35",26.95,0.35,100,13936400,"B"
"HPG","14:03:33",26.95,0.35,1200,13936300,"S"
"HPG","14:03:33",26.95,0.35,407300,13935100,"S"
"HPG","14:03:25",26.9,0.3,1600,13527800,"B"
"HPG","14:03:21",26.9,0.3,400,13526200,"B"
"HPG","14:03:14",26.9,0.3,181900,13525800,"S"
"HPG","14:03:13",26.9,0.3,1000,13343900,"S"
"HPG","14:03:12",26.85,0.25,1400,13342900,"B"
"HPG","14:03:08",26.9,0.3,2900,13341500,"S"
"HPG","14:03:06",26.9,0.3,300,13338600,"S"
"HPG","14:03:06",26.85,0.25,1000,13338300,"B"
"HPG","14:03:00",26.9,0.3,100,13337300,"S"
"HPG","14:02:58",26.85,0.25,300,13337200,"B"
"HPG","14:02:56",26.85,0.25,1700,13336900,"B"
"HPG","14:02:50",26.85,0.25,200,13335200,"B"
"HPG","14:02:50",26.9,0.3,300,13335000,"S"
"HPG","14:02:44",26.9,0.3,700,13334700,"S"
"HPG","14:02:42",26.85,0.25,1400,13334000,"B"
"HPG","14:02:33",26.9,0.3,100,13332600,"S"
"HPG","14:02:28",26.9,0.3,100,13332500,"S"
"HPG","14:02:26",26.9,0.3,3000,13332400,"S"
"HPG","14:02:25",26.9,0.3,2400,13329400,"S"
"HPG","14:02:23",26.9,0.3,600,13327000,"S"
"HPG","14:02:21",26.9,0.3,1000,13326400,"S"
"HPG","14:02:16",26.9,0.3,1400,13325400,"S"
"HPG","14:02:12",26.85,0.25,1400,13324000,"B"
"HPG","14:02:10",26.9,0.3,700,13322600,"S"
"HPG","14:02:08",26.9,0.3,1400,13321900,"S"
"HPG","14:02:07",26.9,0.3,800,13320500,"S"
"HPG","14:02:02",26.9,0.3,500,13319700,"S"
"HPG","14:01:58",26.9,0.3,6000,13319200,"S"
"HPG","14:01:55",26.85,0.25,64500,13313200,"S"
"HPG","14:01:54",26.85,0.25,100,13248700,"S"
"HPG","14:01:52",26.85,0.25,10500,13248600,"S"
"HPG","14:01:51",26.85,0.25,5000,13238100,"S"
"HPG","14:01:49",26.85,0.25,50000,13233100,"S"
"HPG","14:01:48",26.85,0.25,300,13183100,"S"
"HPG","14:01:47",26.85,0.25,100,13182800,"S"
"HPG","14:01:41",26.8,0.2,1400,13182700,"B"
"HPG","14:01:41",26.85,0.25,5300,13181300,"S"
"HPG","14:01:34",26.85,0.25,100,13176000,"S"
"HPG","14:01:34",26.8,0.2,400,13175900,"B"
"HPG","14:01:34",26.85,0.25,200,13175500,"S"
"HPG","14:01:31",26.8,0.2,1700,13175300,"B"
"HPG","14:01:26",26.8,0.2,5900,13173600,"S"
"HPG","14:01:23",26.8,0.2,15000,13167700,"S"
"HPG","14:01:19",26.8,0.2,150000,13152700,"S"
"HPG","14:01:18",26.8,0.2,800,13002700,"S"
"HPG","14:01:17",26.8,0.2,1000,13001900,"S"
"HPG","14:01:16",26.8,0.2,10000,13000900,"S"
"HPG","14:01:15",26.8,0.2,6800,12990900,"S"
"HPG","14:01:14",26.8,0.2,8000,12984100,"S"
"HPG","14:01:12",26.8,0.2,8000,12976100,"S"
"HPG","14:01:11",26.75,0.15,1400,12968100,"B"
"HPG","14:01:10",26.8,0.2,8000,12966700,"S"
"HPG","14:01:09",26.8,0.2,1000,12958700,"S"
"HPG","14:01:09",26.8,0.2,8000,12957700,"S"
"HPG","14:01:05",26.8,0.2,30000,12949700,"S"
"HPG","14:01:04",26.8,0.2,5000,12919700,"S"
"HPG","14:01:01",26.8,0.2,102400,12914700,"S"
"HPG","14:01:00",26.8,0.2,5300,12812300,"S"
"HPG","14:00:56",26.8,0.2,600,12807000,"S"
"HPG","14:00:47",26.8,0.2,800,12806400,"S"
"HPG","14:00:41",26.75,0.15,1400,12805600,"B"
"HPG","14:00:37",26.8,0.2,10600,12804200,"S"
"HPG","14:00:36",26.8,0.2,10600,12793600,"S"
"HPG","14:00:35",26.8,0.2,4000,12783000,"S"
"HPG","14:00:35",26.75,0.15,300,12779000,"B"
"HPG","14:00:30",26.8,0.2,4000,12778700,"S"
"HPG","14:00:30",26.8,0.2,500,12774700,"S"
"HPG","14:00:19",26.8,0.2,2400,12774200,"S"
"HPG","14:00:16",26.8,0.2,800,12771800,"S"
"HPG","14:00:13",26.8,0.2,1500,12771000,"S"
"HPG","14:00:11",26.75,0.15,1400,12769500,"B"
"HPG","14:00:06",26.75,0.15,1600,12768100,"B"
"HPG","14:00:04",26.75,0.15,400,12766500,"B"
"HPG","14:00:00",26.75,0.15,800,12766100,"B"
"HPG","13:59:51",26.8,0.2,500,12765300,"S"
"HPG","13:59:48",26.8,0.2,400,12764800,"S"
"HPG","13:59:45",26.8,0.2,800,12764400,"S"
"HPG","13:59:41",26.75,0.15,1400,12763600,"B"
"HPG","13:59:39",26.8,0.2,500,12762200,"S"
"HPG","13:59:38",26.75,0.15,1600,12761700,"B"
"HPG","13:59:36",26.75,0.15,300,12760100,"B"
"HPG","13:59:33",26.75,0.15,1000,12759800,"B"
"HPG","13:59:30",26.8,0.2,500,12758800,"S"
"HPG","13:59:29",26.75,0.15,400,12758300,"B"
"HPG","13:59:14",26.75,0.15,700,12757900,"B"
"HPG","13:59:14",26.8,0.2,800,12757200,"S"
"HPG","13:59:11",26.75,0.15,1800,12756400,"B"
"HPG","13:59:09",26.75,0.15,1700,12754600,"B"
"HPG","13:59:05",26.75,0.15,500,12752900,"B"
"HPG","13:58:53",26.75,0.15,500,12752400,"B"
"HPG","13:58:48",26.75,0.15,500,12751900,"B"
"HPG","13:58:46",26.8,0.2,500,12751400,"S"
"HPG","13:58:44",26.8,0.2,800,12750900,"S"
"HPG","13:58:41",26.75,0.15,1400,12750100,"B"
"HPG","13:58:37",26.8,0.2,500,12748700,"S"
"HPG","13:58:35",26.75,0.15,400,12748200,"B"
"HPG","13:58:30",26.75,0.15,800,12747800,"B"
"HPG","13:58:29",26.8,0.2,100,12747000,"S"
"HPG","13:58:24",26.8,0.2,100,12746900,"S"
"HPG","13:58:23",26.75,0.15,5000,12746800,"B"
"HPG","13:58:13",26.8,0.2,800,12741800,"S"
"HPG","13:58:12",26.75,0.15,1700,12741000,"B"
"HPG","13:58:11",26.75,0.15,1400,12739300,"B"
"HPG","13:58:05",26.75,0.15,1100,12737900,"B"
"HPG","13:58:00",26.75,0.15,400,12736800,"B"
"HPG","13:57:43",26.75,0.15,2400,12736400,"B"
"HPG","13:57:42",26.75,0.15,400,12734000,"B"
"HPG","13:57:41",26.8,0.2,800,12733600,"S"
"HPG","13:57:36",26.75,0.15,2200,12731400,"B"
"HPG","13:57:26",26.75,0.15,4200,12729200,"B"
"HPG","13:57:24",26.75,0.15,400,12725000,"B"
"HPG","13:57:21",26.75,0.15,100,12724600,"B"
"HPG","13:57:19",26.75,0.15,200,12724500,"B"
"HPG","13:57:18",26.75,0.15,500,12724300,"B"
"HPG","13:57:16",26.75,0.15,1600,12723800,"B"
"HPG","13:57:11",26.75,0.15,1400,12722200,"B"
"HPG","13:57:10",26.8,0.2,800,12720800,"S"
"HPG","13:57:06",26.75,0.15,400,12720000,"B"
"HPG","13:56:59",26.75,0.15,500,12719600,"B"
"HPG","13:56:58",26.75,0.15,800,12719100,"B"
"HPG","13:56:58",26.75,0.15,50000,12718300,"B"
"HPG","13:56:57",26.75,0.15,500,12668300,"B"
"HPG","13:56:55",26.75,0.15,5000,12667800,"B"
"HPG","13:56:54",26.75,0.15,500,12662800,"B"
"HPG","13:56:48",26.75,0.15,400,12662300,"B"
"HPG","13:56:47",26.75,0.15,2200,12661900,"B"
"HPG","13:56:45",26.75,0.15,200,12659700,"B"
"HPG","13:56:41",26.75,0.15,1800,12659500,"S"
"HPG","13:56:41",26.7,0.1,1400,12657700,"B"
"HPG","13:56:39",26.75,0.15,800,12656300,"S"
"HPG","13:56:36",26.75,0.15,500,12655500,"S"
"HPG","13:56:35",26.75,0.15,500,12655000,"S"
"HPG","13:56:28",26.75,0.15,20000,12654500,"S"
"HPG","13:56:18",26.7,0.1,1600,12634500,"B"
"HPG","13:56:14",26.7,0.1,800,12632900,"B"
"HPG","13:56:11",26.7,0.1,400,12632100,"B"
"HPG","13:56:11",26.7,0.1,1400,12631700,"B"
"HPG","13:56:09",26.75,0.15,200,12630300,"S"
"HPG","13:56:07",26.75,0.15,800,12630100,"S"
"HPG","13:56:05",26.75,0.15,2400,12629300,"S"
"HPG","13:55:53",26.75,0.15,3100,12626900,"B"
"HPG","13:55:52",26.75,0.15,2300,12623800,"B"
"HPG","13:55:52",26.75,0.15,6000,12621500,"B"
"HPG","13:55:50",26.75,0.15,21700,12615500,"B"
"HPG","13:55:48",26.75,0.15,500,12593800,"B"
"HPG","13:55:42",26.75,0.15,10500,12593300,"B"
"HPG","13:55:40",26.75,0.15,1400,12582800,"B"
"HPG","13:55:37",26.75,0.15,1000,12581400,"B"
"HPG","13:55:37",26.8,0.2,800,12580400,"S"
"HPG","13:55:37",26.75,0.15,400,12579600,"B"
"HPG","13:55:36",26.75,0.15,1000,12579200,"B"
"HPG","13:55:33",26.75,0.15,1000,12578200,"B"
"HPG","13:55:29",26.75,0.15,800,12577200,"B"
"HPG","13:55:28",26.75,0.15,500,12576400,"B"
"HPG","13:55:26",26.75,0.15,1300,12575900,"B"
"HPG","13:55:25",26.75,0.15,300,12574600,"B"
"HPG","13:55:24",26.75,0.15,1500,12574300,"B"
"HPG","13:55:22",26.75,0.15,10000,12572800,"B"
"HPG","13:55:22",26.75,0.15,1600,12562800,"B"
"HPG","13:55:21",26.75,0.15,10000,12561200,"B"
"HPG","13:55:20",26.75,0.15,5500,12551200,"B"
"HPG","13:55:19",26.75,0.15,500,12545700,"B"
"HPG","13:55:17",26.75,0.15,38300,12545200,"B"
"HPG","13:55:16",26.75,0.15,61700,12506900,"B"
"HPG","13:55:15",26.75,0.15,3800,12445200,"B"
"HPG","13:55:11",26.75,0.15,1400,12441400,"B"
"HPG","13:55:09",26.75,0.15,100,12440000,"B"
"HPG","13:55:09",26.75,0.15,1000,12439900,"B"
"HPG","13:55:06",26.8,0.2,800,12438900,"S"
"HPG","13:54:57",26.8,0.2,400,12438100,"S"
"HPG","13:54:53",26.75,0.15,1600,12437700,"B"
"HPG","13:54:47",26.75,0.15,1000,12436100,"B"
"HPG","13:54:43",26.75,0.15,101200,12435100,"B"
"HPG","13:54:40",26.75,0.15,1400,12333900,"B"
"HPG","13:54:37",26.75,0.15,20000,12332500,"B"
"HPG","13:54:35",26.8,0.2,800,12312500,"S"
"HPG","13:54:29",26.75,0.15,500,12311700,"B"
"HPG","13:54:25",26.75,0.15,2100,12311200,"B"
"HPG","13:54:21",26.75,0.15,500,12309100,"B"
"HPG","13:54:10",26.75,0.15,1400,12308600,"B"
"HPG","13:54:04",26.8,0.2,800,12307200,"S"
"HPG","13:54:01",26.75,0.15,1300,12306400,"B"
"HPG","13:53:57",26.75,0.15,800,12305100,"B"
"HPG","13:53:57",26.8,0.2,300,12304300,"S"
"HPG","13:53:56",26.75,0.15,1600,12304000,"B"
"HPG","13:53:51",26.75,0.15,50000,12302400,"B"
"HPG","13:53:50",26.75,0.15,2000,12252400,"B"
"HPG","13:53:50",26.75,0.15,400,12250400,"B"
"HPG","13:53:46",26.75,0.15,300,12250000,"B"
"HPG","13:53:43",26.75,0.15,200,12249700,"B"
"HPG","13:53:40",26.75,0.15,1600,12249500,"B"
"HPG","13:53:33",26.8,0.2,800,12247900,"S"
"HPG","13:53:22",26.8,0.2,200,12247100,"S"
"HPG","13:53:13",26.75,0.15,400,12246900,"B"
"HPG","13:53:13",26.75,0.15,800,12246500,"B"
"HPG","13:53:10",26.75,0.15,1400,12245700,"B"
"HPG","13:53:09",26.8,0.2,2000,12244300,"S"
"HPG","13:53:03",26.75,0.15,1200,12242300,"B"
"HPG","13:53:02",26.8,0.2,800,12241100,"S"
"HPG","13:52:59",26.75,0.15,2600,12240300,"B"
"HPG","13:52:56",26.8,0.2,400,12237700,"S"
"HPG","13:52:55",26.75,0.15,400,12237300,"B"
"HPG","13:52:40",26.75,0.15,1400,12236900,"B"
"HPG","13:52:37",26.75,0.15,400,12235500,"B"
"HPG","13:52:30",26.75,0.15,1600,12235100,"B"
"HPG","13:52:30",26.8,0.2,800,12233500,"S"
"HPG","13:52:28",26.75,0.15,800,12232700,"B"
"HPG","13:52:22",26.8,0.2,100,12231900,"S"
"HPG","13:52:16",26.8,0.2,1000,12231800,"S"
"HPG","13:52:10",26.75,0.15,1400,12230800,"B"
"HPG","13:52:06",26.8,0.2,200,12229400,"S"
"HPG","13:52:00",26.8,0.2,800,12229200,"S"
"HPG","13:51:56",26.8,0.2,300,12228400,"S"
"HPG","13:51:45",26.75,0.15,3000,12228100,"B"
"HPG","13:51:45",26.75,0.15,500,12225100,"B"
"HPG","13:51:42",26.75,0.15,800,12224600,"B"
"HPG","13:51:40",26.75,0.15,1400,12223800,"B"
"HPG","13:51:35",26.75,0.15,500,12222400,"B"
"HPG","13:51:31",26.8,0.2,1000,12221900,"S"
"HPG","13:51:30",26.8,0.2,800,12220900,"S"
"HPG","13:51:27",26.75,0.15,400,12220100,"B"
"HPG","13:51:25",26.75,0.15,200,12219700,"B"
"HPG","13:51:20",26.8,0.2,400,12219500,"S"
"HPG","13:51:10",26.8,0.2,2400,12219100,"S"
"HPG","13:51:10",26.75,0.15,1400,12216700,"B"
"HPG","13:51:07",26.8,0.2,500,12215300,"S"
"HPG","13:51:06",26.8,0.2,12000,12214800,"S"
"HPG","13:50:58",26.8,0.2,800,12202800,"S"
"HPG","13:50:57",26.75,0.15,800,12202000,"B"
"HPG","13:50:55",26.8,0.2,900,12201200,"S"
"HPG","13:50:52",26.8,0.2,20000,12200300,"S"
"HPG","13:50:52",26.75,0.15,400,12180300,"B"
"HPG","13:50:44",26.75,0.15,200,12179900,"B"
"HPG","13:50:40",26.75,0.15,1400,12179700,"B"
"HPG","13:50:37",26.75,0.15,2600,12178300,"B"
"HPG","13:50:33",26.75,0.15,400,12175700,"B"
"HPG","13:50:28",26.75,0.15,900,12175300,"B"
"HPG","13:50:26",26.8,0.2,800,12174400,"S"
"HPG","13:50:23",26.75,0.15,300,12173600,"B"
"HPG","13:50:16",26.75,0.15,400,12173300,"B"
"HPG","13:50:13",26.75,0.15,800,12172900,"B"
"HPG","13:50:10",26.75,0.15,1400,12172100,"B"
"HPG","13:50:09",26.8,0.2,12000,12170700,"S"
"HPG","13:50:08",26.75,0.15,1600,12158700,"B"
"HPG","13:50:08",26.8,0.2,4000,12157100,"S"
"HPG","13:50:06",26.75,0.15,10600,12153100,"B"
"HPG","13:50:05",26.8,0.2,4000,12142500,"S"
"HPG","13:50:00",26.75,0.15,5000,12138500,"B"
"HPG","13:49:58",26.8,0.2,4000,12133500,"S"
"HPG","13:49:58",26.75,0.15,400,12129500,"B"
"HPG","13:49:57",26.75,0.15,10000,12129100,"B"
"HPG","13:49:55",26.8,0.2,300,12119100,"S"
"HPG","13:49:54",26.75,0.15,10600,12118800,"B"
"HPG","13:49:54",26.8,0.2,4800,12108200,"S"
"HPG","13:49:52",26.8,0.2,20000,12103400,"S"
"HPG","13:49:41",26.75,0.15,1700,12083400,"B"
"HPG","13:49:40",26.75,0.15,400,12081700,"B"
"HPG","13:49:39",26.75,0.15,1400,12081300,"B"
"HPG","13:49:28",26.75,0.15,700,12079900,"B"
"HPG","13:49:27",26.75,0.15,700,12079200,"B"
"HPG","13:49:22",26.75,0.15,400,12078500,"B"
"HPG","13:49:16",26.75,0.15,200,12078100,"B"
"HPG","13:49:11",26.75,0.15,1600,12077900,"B"
"HPG","13:49:10",26.75,0.15,1400,12076300,"B"
"HPG","13:49:04",26.75,0.15,400,12074900,"B"
"HPG","13:48:59",26.75,0.15,100,12074500,"B"
"HPG","13:48:57",26.8,0.2,200,12074400,"S"
"HPG","13:48:55",26.8,0.2,500,12074200,"S"
"HPG","13:48:54",26.8,0.2,400,12073700,"S"
"HPG","13:48:50",26.75,0.15,1000,12073300,"B"
"HPG","13:48:49",26.75,0.15,3500,12072300,"B"
"HPG","13:48:46",26.75,0.15,400,12068800,"B"
"HPG","13:48:43",26.75,0.15,1700,12068400,"B"
"HPG","13:48:42",26.75,0.15,800,12066700,"B"
"HPG","13:48:39",26.75,0.15,1400,12065900,"B"
"HPG","13:48:35",26.8,0.2,700,12064500,"S"
"HPG","13:48:29",26.75,0.15,500,12063800,"B"
"HPG","13:48:16",26.75,0.15,1600,12063300,"B"
"HPG","13:48:11",26.75,0.15,400,12061700,"B"
"HPG","13:48:09",26.75,0.15,1400,12061300,"B"
"HPG","13:47:56",26.75,0.15,800,12059900,"B"
"HPG","13:47:54",26.8,0.2,400,12059100,"S"
"HPG","13:47:50",26.8,0.2,500,12058700,"S"
"HPG","13:47:40",26.8,0.2,1500,12058200,"S"
"HPG","13:47:39",26.75,0.15,1400,12056700,"B"
"HPG","13:47:35",26.75,0.15,400,12055300,"B"
"HPG","13:47:32",26.75,0.15,10000,12054900,"B"
"HPG","13:47:32",26.8,0.2,200,12044900,"S"
"HPG","13:47:25",26.8,0.2,100,12044700,"S"
"HPG","13:47:21",26.75,0.15,3500,12044600,"B"
"HPG","13:47:19",26.75,0.15,1700,12041100,"B"
"HPG","13:47:16",26.75,0.15,3700,12039400,"B"
"HPG","13:47:13",26.8,0.2,700,12035700,"S"
"HPG","13:47:11",26.75,0.15,800,12035000,"B"
"HPG","13:47:09",26.75,0.15,1400,12034200,"B"
"HPG","13:47:08",26.75,0.15,300,12032800,"B"
"HPG","13:46:56",26.8,0.2,2400,12032500,"S"
"HPG","13:46:53",26.8,0.2,300,12030100,"S"
"HPG","13:46:51",26.8,0.2,1000,12029800,"S"
"HPG","13:46:50",26.75,0.15,1600,12028800,"B"
"HPG","13:46:43",26.75,0.15,100,12027200,"B"
"HPG","13:46:42",26.8,0.2,700,12027100,"S"
"HPG","13:46:41",26.75,0.15,400,12026400,"B"
"HPG","13:46:39",26.75,0.15,1400,12026000,"B"
"HPG","13:46:36",26.8,0.2,2300,12024600,"S"
"HPG","13:46:26",26.75,0.15,800,12022300,"B"
"HPG","13:46:24",26.8,0.2,2000,12021500,"S"
"HPG","13:46:14",26.8,0.2,2400,12019500,"S"
"HPG","13:46:11",26.8,0.2,700,12017100,"S"
"HPG","13:46:11",26.8,0.2,200,12016400,"S"
"HPG","13:46:09",26.75,0.15,1400,12016200,"B"
"HPG","13:46:02",26.8,0.2,200,12014800,"S"
"HPG","13:45:53",26.8,0.2,400,12014600,"S"
"HPG","13:45:52",26.75,0.15,1600,12014200,"B"
"HPG","13:45:47",26.75,0.15,400,12012600,"B"
"HPG","13:45:40",26.75,0.15,800,12012200,"B"
"HPG","13:45:40",26.8,0.2,700,12011400,"S"
"HPG","13:45:30",26.75,0.15,400,12009300,"B"
"HPG","13:45:24",26.75,0.15,1600,12008900,"B"
"HPG","13:45:23",26.75,0.15,4500,12007300,"B"
"HPG","13:45:14",26.8,0.2,9600,12002800,"S"
"HPG","13:45:12",26.75,0.15,400,11993200,"B"
"HPG","13:45:09",26.75,0.15,1400,11992800,"B"
"HPG","13:45:09",26.8,0.2,700,11991400,"S"
"HPG","13:45:07",26.75,0.15,100,11990700,"B"
"HPG","13:44:57",26.75,0.15,1700,11990600,"B"
"HPG","13:44:55",26.75,0.15,800,11988900,"B"
"HPG","13:44:52",26.8,0.2,300,11988100,"S"
"HPG","13:44:50",26.8,0.2,2400,11987800,"S"
"HPG","13:44:48",26.8,0.2,20400,11985400,"B"
"HPG","13:44:47",26.8,0.2,300,11965000,"B"
"HPG","13:44:39",26.8,0.2,20000,11964700,"B"
"HPG","13:44:38",26.8,0.2,11400,11944700,"B"
"HPG","13:44:37",26.8,0.2,400,11933300,"B"
"HPG","13:44:28",26.8,0.2,1600,11932900,"B"
"HPG","13:44:19",26.8,0.2,400,11931300,"B"
"HPG","13:44:10",26.8,0.2,800,11930900,"B"
"HPG","13:44:10",26.8,0.2,7100,11930100,"B"
"HPG","13:44:08",26.8,0.2,1400,11923000,"B"
"HPG","13:44:08",26.8,0.2,900,11921600,"B"
"HPG","13:44:04",26.8,0.2,800,11920700,"B"
"HPG","13:44:02",26.8,0.2,100,11919900,"B"
"HPG","13:44:00",26.8,0.2,400,11919800,"B"
"HPG","13:44:00",26.8,0.2,1700,11919400,"B"
"HPG","13:43:58",26.8,0.2,3900,11917700,"S"
"HPG","13:43:55",26.8,0.2,100,11913800,"S"
"HPG","13:43:52",26.8,0.2,400,11913700,"S"
"HPG","13:43:43",26.75,0.15,400,11913300,"B"
"HPG","13:43:38",26.75,0.15,1400,11912900,"B"
"HPG","13:43:36",26.8,0.2,700,11911500,"S"
"HPG","13:43:31",26.75,0.15,1600,11910800,"B"
"HPG","13:43:29",26.75,0.15,10600,11909200,"B"
"HPG","13:43:29",26.8,0.2,100,11898600,"S"
"HPG","13:43:26",26.75,0.15,800,11898500,"B"
"HPG","13:43:25",26.8,0.2,2400,11897700,"S"
"HPG","13:43:24",26.8,0.2,7900,11895300,"B"
"HPG","13:43:21",26.8,0.2,3000,11887400,"B"
"HPG","13:43:19",26.8,0.2,5000,11884400,"B"
"HPG","13:43:15",26.8,0.2,200,11879400,"B"
"HPG","13:43:14",26.8,0.2,2000,11879200,"B"
"HPG","13:43:13",26.8,0.2,800,11877200,"B"
"HPG","13:43:09",26.8,0.2,7500,11876400,"S"
"HPG","13:43:08",26.75,0.15,1400,11868900,"B"
"HPG","13:43:08",26.8,0.2,4000,11867500,"S"
"HPG","13:43:06",26.8,0.2,1000,11863500,"S"
"HPG","13:43:05",26.8,0.2,700,11862500,"S"
"HPG","13:43:02",26.75,0.15,1200,11861800,"B"
"HPG","13:42:59",26.8,0.2,20000,11860600,"S"
"HPG","13:42:56",26.75,0.15,12600,11840600,"B"
"HPG","13:42:51",26.8,0.2,400,11828000,"S"
"HPG","13:42:50",26.75,0.15,400,11827600,"B"
"HPG","13:42:43",26.75,0.15,100,11827200,"B"
"HPG","13:42:41",26.75,0.15,800,11827100,"B"
"HPG","13:42:38",26.75,0.15,1400,11826300,"B"
"HPG","13:42:37",26.8,0.2,10000,11824900,"S"
"HPG","13:42:34",26.8,0.2,700,11814900,"S"
"HPG","13:42:33",26.75,0.15,1700,11814200,"B"
"HPG","13:42:31",26.75,0.15,400,11812500,"B"
"HPG","13:42:20",26.75,0.15,6000,11812100,"B"
"HPG","13:42:15",26.8,0.2,2000,11806100,"S"
"HPG","13:42:08",26.8,0.2,200,11804100,"S"
"HPG","13:42:08",26.8,0.2,2400,11803900,"B"
"HPG","13:42:06",26.8,0.2,1600,11801500,"B"
"HPG","13:42:02",26.8,0.2,1000,11799900,"B"
"HPG","13:42:01",26.8,0.2,400,11798900,"B"
"HPG","13:41:57",26.8,0.2,3500,11798500,"B"
"HPG","13:41:56",26.8,0.2,400,11795000,"B"
"HPG","13:41:54",26.8,0.2,800,11794600,"B"
"HPG","13:41:53",26.8,0.2,5000,11793800,"B"
"HPG","13:41:50",26.8,0.2,300,11788800,"S"
"HPG","13:41:38",26.8,0.2,1400,11788500,"B"
"HPG","13:41:38",26.8,0.2,2100,11787100,"B"
"HPG","13:41:35",26.8,0.2,10000,11785000,"B"
"HPG","13:41:34",26.8,0.2,48100,11775000,"S"
"HPG","13:41:32",26.8,0.2,700,11726900,"S"
"HPG","13:41:26",26.8,0.2,1000,11726200,"S"
"HPG","13:41:19",26.8,0.2,2000,11725200,"S"
"HPG","13:41:18",26.8,0.2,400,11723200,"S"
"HPG","13:41:17",26.75,0.15,100,11722800,"B"
"HPG","13:41:16",26.8,0.2,500,11722700,"S"
"HPG","13:41:12",26.8,0.2,100,11722200,"S"
"HPG","13:41:09",26.75,0.15,800,11722100,"B"
"HPG","13:41:08",26.75,0.15,1400,11721300,"B"
"HPG","13:41:01",26.8,0.2,700,11719900,"S"
"HPG","13:40:54",26.8,0.2,100,11719200,"S"
"HPG","13:40:51",26.8,0.2,500,11719100,"S"
"HPG","13:40:50",26.8,0.2,400,11718600,"S"
"HPG","13:40:48",26.8,0.2,1000,11718200,"S"
"HPG","13:40:42",26.8,0.2,2100,11717200,"S"
"HPG","13:40:41",26.75,0.15,1600,11715100,"B"
"HPG","13:40:40",26.75,0.15,400,11713500,"B"
"HPG","13:40:38",26.75,0.15,1400,11713100,"B"
"HPG","13:40:36",26.8,0.2,2400,11711700,"S"
"HPG","13:40:31",26.8,0.2,1000,11709300,"S"
"HPG","13:40:29",26.8,0.2,700,11708300,"S"
"HPG","13:40:25",26.8,0.2,5000,11707600,"S"
"HPG","13:40:25",26.75,0.15,800,11702600,"B"
"HPG","13:40:12",26.75,0.15,1700,11701800,"B"
"HPG","13:40:09",26.75,0.15,500,11700100,"B"
"HPG","13:40:08",26.75,0.15,1400,11699600,"B"
"HPG","13:40:07",26.8,0.2,1000,11698200,"S"
"HPG","13:39:59",26.8,0.2,700,11697200,"S"
"HPG","13:39:51",26.75,0.15,400,11696500,"B"
"HPG","13:39:50",26.8,0.2,500,11696100,"S"
"HPG","13:39:44",26.75,0.15,1600,11695600,"B"
"HPG","13:39:44",26.8,0.2,20000,11694000,"S"
"HPG","13:39:40",26.75,0.15,800,11674000,"B"
"HPG","13:39:38",26.75,0.15,1400,11673200,"B"
"HPG","13:39:28",26.8,0.2,700,11671800,"S"
"HPG","13:39:14",26.8,0.2,4000,11671100,"S"
"HPG","13:39:12",26.8,0.2,2400,11667100,"S"
"HPG","13:39:10",26.8,0.2,4000,11664700,"S"
"HPG","13:39:08",26.75,0.15,1400,11660700,"B"
"HPG","13:39:06",26.8,0.2,2000,11659300,"S"
"HPG","13:39:05",26.8,0.2,500,11657300,"S"
"HPG","13:39:04",26.8,0.2,100,11656800,"S"
"HPG","13:39:00",26.8,0.2,2000,11656700,"S"
"HPG","13:38:59",26.8,0.2,1000,11654700,"S"
"HPG","13:38:56",26.8,0.2,700,11653700,"S"
"HPG","13:38:55",26.75,0.15,800,11653000,"B"
"HPG","13:38:51",26.8,0.2,2600,11652200,"S"
"HPG","13:38:50",26.75,0.15,100,11649600,"B"
"HPG","13:38:49",26.8,0.2,500,11649500,"S"
"HPG","13:38:41",26.8,0.2,4000,11649000,"S"
"HPG","13:38:40",26.75,0.15,400,11645000,"B"
"HPG","13:38:38",26.75,0.15,1400,11644600,"B"
"HPG","13:38:37",26.8,0.2,4000,11643200,"S"
"HPG","13:38:36",26.8,0.2,800,11639200,"S"
"HPG","13:38:34",26.75,0.15,1000,11638400,"B"
"HPG","13:38:30",26.8,0.2,2400,11637400,"S"
"HPG","13:38:25",26.8,0.2,700,11635000,"S"
"HPG","13:38:20",26.8,0.2,2000,11634300,"S"
"HPG","13:38:19",26.8,0.2,50000,11632300,"S"
"HPG","13:38:12",26.8,0.2,100,11582300,"S"
"HPG","13:38:10",26.8,0.2,5000,11582200,"S"
"HPG","13:38:08",26.75,0.15,800,11577200,"B"
"HPG","13:38:08",26.75,0.15,1400,11575400,"B"
"HPG","13:38:05",26.8,0.2,24300,11574000,"B"
"HPG","13:38:05",26.8,0.2,109800,11549700,"B"
"HPG","13:38:02",26.8,0.2,100,11439500,"B"
"HPG","13:37:50",26.8,0.2,300,11439400,"B"
"HPG","13:37:50",26.8,0.2,1700,11439100,"B"
"HPG","13:37:47",26.8,0.2,300,11437400,"B"
"HPG","13:37:46",26.8,0.2,500,11437100,"B"
"HPG","13:37:38",26.8,0.2,1400,11436600,"B"
"HPG","13:37:34",26.8,0.2,13300,11435200,"S"
"HPG","13:37:28",26.8,0.2,200000,11421900,"S"
"HPG","13:37:28",26.75,0.15,400,11221900,"B"
"HPG","13:37:24",26.75,0.15,800,11221500,"B"
"HPG","13:37:23",26.8,0.2,700,11220700,"S"
"HPG","13:37:21",26.75,0.15,1600,11220000,"B"
"HPG","13:37:10",26.75,0.15,500,11218400,"B"
"HPG","13:37:08",26.75,0.15,1300,11217900,"B"
"HPG","13:37:05",26.8,0.2,2400,11216600,"S"
"HPG","13:37:01",26.8,0.2,200,11214200,"S"
"HPG","13:37:01",26.8,0.2,20000,11214000,"S"
"HPG","13:36:54",26.8,0.2,500,11194000,"S"
"HPG","13:36:53",26.8,0.2,10000,11193500,"S"
"HPG","13:36:52",26.8,0.2,700,11183500,"S"
"HPG","13:36:48",26.8,0.2,400,11182800,"S"
"HPG","13:36:46",26.8,0.2,500,11182400,"S"
"HPG","13:36:44",26.8,0.2,4000,11181900,"S"
"HPG","13:36:43",26.75,0.15,200,11177900,"B"
"HPG","13:36:40",26.8,0.2,1000,11177700,"S"
"HPG","13:36:39",26.8,0.2,4000,11176700,"S"
"HPG","13:36:38",26.75,0.15,800,11172700,"B"
"HPG","13:36:37",26.75,0.15,1300,11171900,"B"
"HPG","13:36:35",26.8,0.2,4100,11170600,"S"
"HPG","13:36:23",26.8,0.2,2400,11166500,"S"
"HPG","13:36:21",26.8,0.2,700,11164100,"S"
"HPG","13:36:17",26.75,0.15,400,11163400,"B"
"HPG","13:36:12",26.75,0.15,300,11163000,"B"
"HPG","13:36:09",26.8,0.2,1000,11162700,"S"
"HPG","13:36:07",26.75,0.15,1300,11161700,"B"
"HPG","13:35:59",26.75,0.15,400,11160400,"B"
"HPG","13:35:57",26.75,0.15,1600,11160000,"B"
"HPG","13:35:54",26.75,0.15,800,11158400,"B"
"HPG","13:35:49",26.8,0.2,700,11157600,"S"
"HPG","13:35:48",26.8,0.2,400,11156900,"S"
"HPG","13:35:47",26.8,0.2,600,11156500,"S"
"HPG","13:35:44",26.8,0.2,600,11155900,"S"
"HPG","13:35:40",26.75,0.15,500,11155300,"B"
"HPG","13:35:37",26.75,0.15,1300,11154800,"B"
"HPG","13:35:32",26.8,0.2,500,11153500,"S"
"HPG","13:35:30",26.8,0.2,3000,11153000,"S"
"HPG","13:35:28",26.75,0.15,1700,11150000,"B"
"HPG","13:35:27",26.8,0.2,700,11148300,"S"
"HPG","13:35:23",26.75,0.15,400,11147600,"B"
"HPG","13:35:19",26.75,0.15,4000,11147200,"B"
"HPG","13:35:19",26.8,0.2,700,11143200,"S"
"HPG","13:35:10",26.8,0.2,1000,11142500,"S"
"HPG","13:35:08",26.75,0.15,800,11141500,"B"
"HPG","13:35:07",26.75,0.15,1300,11140700,"B"
"HPG","13:35:07",26.8,0.2,1500,11139400,"S"
"HPG","13:35:06",26.75,0.15,500,11137900,"B"
"HPG","13:35:00",26.75,0.15,1600,11137400,"B"
"HPG","13:34:52",26.75,0.15,300,11135800,"B"
"HPG","13:34:50",26.75,0.15,2000,11135500,"B"
"HPG","13:34:48",26.75,0.15,400,11133500,"B"
"HPG","13:34:47",26.8,0.2,1100,11133100,"S"
"HPG","13:34:46",26.75,0.15,200,11132000,"B"
"HPG","13:34:37",26.75,0.15,1300,11131800,"B"
"HPG","13:34:36",26.75,0.15,100,11130500,"B"
"HPG","13:34:34",26.75,0.15,8000,11130400,"B"
"HPG","13:34:30",26.8,0.2,1000,11122400,"S"
"HPG","13:34:29",26.8,0.2,5000,11121400,"S"
"HPG","13:34:29",26.75,0.15,16100,11116400,"B"
"HPG","13:34:24",26.75,0.15,800,11100300,"B"
"HPG","13:34:22",26.8,0.2,100,11099500,"S"
"HPG","13:34:16",26.8,0.2,700,11099400,"S"
"HPG","13:34:12",26.75,0.15,700,11098700,"B"
"HPG","13:34:07",26.75,0.15,1300,11098000,"B"
"HPG","13:34:01",26.8,0.2,600,11096700,"S"
"HPG","13:34:00",26.75,0.15,300,11096100,"B"
"HPG","13:33:58",26.8,0.2,100,11095800,"S"
"HPG","13:33:56",26.8,0.2,1000,11095700,"S"
"HPG","13:33:47",26.8,0.2,500,11094700,"S"
"HPG","13:33:45",26.8,0.2,700,11094200,"S"
"HPG","13:33:38",26.75,0.15,800,11093500,"B"
"HPG","13:33:37",26.75,0.15,1300,11092700,"B"
"HPG","13:33:36",26.75,0.15,400,11091400,"B"
"HPG","13:33:33",26.75,0.15,1600,11091000,"B"
"HPG","13:33:20",26.75,0.15,10300,11089400,"B"
"HPG","13:33:19",26.75,0.15,500,11079100,"B"
"HPG","13:33:14",26.75,0.15,2000,11078600,"B"
"HPG","13:33:13",26.8,0.2,700,11076600,"S"
"HPG","13:33:07",26.75,0.15,1300,11075900,"B"
"HPG","13:33:02",26.8,0.2,100,11074600,"S"
"HPG","13:33:01",26.75,0.15,400,11074500,"B"
"HPG","13:32:52",26.75,0.15,800,11074100,"B"
"HPG","13:32:52",26.8,0.2,2400,11073300,"S"
"HPG","13:32:46",26.8,0.2,400,11070900,"S"
"HPG","13:32:43",26.8,0.2,4700,11070500,"S"
"HPG","13:32:39",26.8,0.2,4000,11065800,"S"
"HPG","13:32:37",26.75,0.15,1300,11061800,"B"
"HPG","13:32:29",26.75,0.15,300,11060500,"B"
"HPG","13:32:26",26.75,0.15,500,11060200,"B"
"HPG","13:32:25",26.75,0.15,400,11059700,"B"
"HPG","13:32:16",26.75,0.15,900,11059300,"B"
"HPG","13:32:10",26.8,0.2,700,11058400,"S"
"HPG","13:32:09",26.75,0.15,2100,11057700,"B"
"HPG","13:32:08",26.75,0.15,800,11055600,"B"
"HPG","13:32:07",26.75,0.15,500,11054800,"B"
"HPG","13:32:06",26.75,0.15,1300,11054300,"B"
"HPG","13:31:56",26.75,0.15,2000,11053000,"B"
"HPG","13:31:46",26.8,0.2,400,11051000,"S"
"HPG","13:31:39",26.8,0.2,700,11050600,"S"
"HPG","13:31:37",26.75,0.15,1900,11049900,"B"
"HPG","13:31:36",26.75,0.15,1300,11048000,"B"
"HPG","13:31:31",26.75,0.15,500,11046700,"B"
"HPG","13:31:27",26.75,0.15,3600,11046200,"B"
"HPG","13:31:26",26.75,0.15,11400,11042600,"B"
"HPG","13:31:22",26.75,0.15,800,11031200,"B"
"HPG","13:31:09",26.8,0.2,5000,11030400,"S"
"HPG","13:31:08",26.8,0.2,700,11025400,"S"
"HPG","13:31:08",26.75,0.15,10000,11024700,"B"
"HPG","13:31:06",26.75,0.15,1300,11014700,"B"
"HPG","13:30:56",26.75,0.15,500,11013400,"B"
"HPG","13:30:45",26.75,0.15,300,11012900,"B"
"HPG","13:30:45",26.8,0.2,400,11012600,"S"
"HPG","13:30:38",26.75,0.15,1200,11012200,"B"
"HPG","13:30:38",26.8,0.2,700,11011000,"S"
"HPG","13:30:36",26.75,0.15,1300,11010300,"B"
"HPG","13:30:34",26.75,0.15,500,11009000,"B"
"HPG","13:30:23",26.75,0.15,2700,11008500,"B"
"HPG","13:30:22",26.75,0.15,700,11005800,"B"
"HPG","13:30:20",26.8,0.2,500,11005100,"S"
"HPG","13:30:14",26.8,0.2,2000,11004600,"S"
"HPG","13:30:13",26.75,0.15,200,11002600,"B"
"HPG","13:30:12",26.75,0.15,1800,11002400,"B"
"HPG","13:30:07",26.8,0.2,700,11000600,"S"
"HPG","13:30:06",26.75,0.15,1300,10999900,"B"
"HPG","13:30:02",26.75,0.15,400,10998600,"B"
"HPG","13:29:54",26.75,0.15,400,10998200,"B"
"HPG","13:29:52",26.75,0.15,700,10997800,"B"
"HPG","13:29:49",26.75,0.15,1000,10997100,"B"
"HPG","13:29:45",26.8,0.2,400,10996100,"S"
"HPG","13:29:44",26.75,0.15,500,10995700,"B"
"HPG","13:29:36",26.75,0.15,1300,10995200,"B"
"HPG","13:29:36",26.8,0.2,20700,10993900,"S"
"HPG","13:29:34",26.75,0.15,200,10973200,"B"
"HPG","13:29:30",26.8,0.2,2000,10973000,"S"
"HPG","13:29:21",26.8,0.2,2000,10971000,"S"
"HPG","13:29:08",26.75,0.15,400,10969000,"B"
"HPG","13:29:06",26.75,0.15,800,10968600,"B"
"HPG","13:29:06",26.75,0.15,1300,10967800,"B"
"HPG","13:29:04",26.8,0.2,700,10966500,"S"
"HPG","13:29:02",26.75,0.15,400,10965800,"B"
"HPG","13:29:02",26.8,0.2,10000,10965400,"S"
"HPG","13:28:44",26.8,0.2,500,10955400,"S"
"HPG","13:28:41",26.75,0.15,15900,10954900,"B"
"HPG","13:28:36",26.75,0.15,1300,10939000,"B"
"HPG","13:28:36",26.8,0.2,5700,10937700,"S"
"HPG","13:28:35",26.8,0.2,94300,10932000,"S"
"HPG","13:28:34",26.8,0.2,700,10837700,"S"
"HPG","13:28:33",26.75,0.15,400,10837000,"B"
"HPG","13:28:25",26.75,0.15,500,10836600,"B"
"HPG","13:28:22",26.75,0.15,800,10836100,"B"
"HPG","13:28:21",26.75,0.15,10600,10835300,"B"
"HPG","13:28:14",26.75,0.15,500,10824700,"B"
"HPG","13:28:11",26.75,0.15,400,10824200,"B"
"HPG","13:28:06",26.75,0.15,1300,10823800,"B"
"HPG","13:28:02",26.8,0.2,700,10822500,"S"
"HPG","13:27:59",26.8,0.2,6000,10821800,"S"
"HPG","13:27:57",26.75,0.15,400,10815800,"B"
"HPG","13:27:54",26.75,0.15,1000,10815400,"B"
"HPG","13:27:46",26.8,0.2,100,10814400,"S"
"HPG","13:27:44",26.8,0.2,400,10814300,"S"
"HPG","13:27:44",26.75,0.15,600,10813900,"B"
"HPG","13:27:39",26.75,0.15,500,10813300,"B"
"HPG","13:27:37",26.75,0.15,800,10812800,"B"
"HPG","13:27:36",26.75,0.15,1300,10812000,"B"
"HPG","13:27:31",26.8,0.2,700,10810700,"S"
"HPG","13:27:21",26.75,0.15,400,10810000,"B"
"HPG","13:27:19",26.75,0.15,500,10809600,"B"
"HPG","13:27:16",26.75,0.15,100,10809100,"B"
"HPG","13:27:06",26.75,0.15,1300,10809000,"B"
"HPG","13:27:04",26.75,0.15,500,10807700,"B"
"HPG","13:27:02",26.75,0.15,10600,10807200,"B"
"HPG","13:27:00",26.8,0.2,700,10796600,"S"
"HPG","13:26:52",26.75,0.15,800,10795900,"B"
"HPG","13:26:43",26.8,0.2,400,10795100,"S"
"HPG","13:26:41",26.8,0.2,100,10794700,"S"
"HPG","13:26:36",26.8,0.2,1000,10794600,"S"
"HPG","13:26:35",26.75,0.15,1300,10793600,"B"
"HPG","13:26:34",26.75,0.15,5000,10792300,"B"
"HPG","13:26:32",26.8,0.2,2400,10787300,"S"
"HPG","13:26:29",26.8,0.2,700,10784900,"S"
"HPG","13:26:28",26.75,0.15,500,10784200,"B"
"HPG","13:26:27",26.75,0.15,1500,10783700,"B"
"HPG","13:26:26",26.8,0.2,15000,10782200,"S"
"HPG","13:26:13",26.8,0.2,100,10767200,"S"
"HPG","13:26:08",26.8,0.2,200,10767100,"S"
"HPG","13:26:06",26.75,0.15,1000,10766900,"B"
"HPG","13:26:06",26.75,0.15,2100,10765900,"B"
"HPG","13:26:05",26.75,0.15,5000,10763800,"B"
"HPG","13:26:05",26.8,0.2,23300,10758800,"S"
"HPG","13:25:58",26.8,0.2,700,10735500,"S"
"HPG","13:25:52",26.75,0.15,500,10734800,"B"
"HPG","13:25:51",26.75,0.15,200,10734300,"B"
"HPG","13:25:49",26.75,0.15,1300,10734100,"B"
"HPG","13:25:46",26.75,0.15,3000,10732800,"B"
"HPG","13:25:43",26.8,0.2,400,10729800,"S"
"HPG","13:25:35",26.75,0.15,1800,10729400,"B"
"HPG","13:25:27",26.8,0.2,700,10727600,"S"
"HPG","13:25:21",26.75,0.15,800,10726900,"B"
"HPG","13:25:18",26.75,0.15,10600,10726100,"B"
"HPG","13:25:17",26.75,0.15,500,10715500,"B"
"HPG","13:25:06",26.75,0.15,1300,10715000,"B"
"HPG","13:24:57",26.8,0.2,1000,10713700,"S"
"HPG","13:24:57",26.8,0.2,700,10712700,"S"
"HPG","13:24:44",26.75,0.15,600,10712000,"B"
"HPG","13:24:42",26.8,0.2,400,10711400,"S"
"HPG","13:24:41",26.75,0.15,500,10711000,"B"
"HPG","13:24:36",26.75,0.15,800,10710500,"B"
"HPG","13:24:35",26.75,0.15,1300,10709700,"B"
"HPG","13:24:28",26.8,0.2,900,10708400,"S"
"HPG","13:24:26",26.8,0.2,500,10707500,"S"
"HPG","13:24:26",26.8,0.2,200,10707000,"S"
"HPG","13:24:25",26.8,0.2,2400,10706800,"S"
"HPG","13:24:22",26.8,0.2,1000,10704400,"S"
"HPG","13:24:20",26.8,0.2,1000,10703400,"S"
"HPG","13:24:13",26.8,0.2,200,10702400,"S"
"HPG","13:24:13",26.75,0.15,10600,10702200,"B"
"HPG","13:24:13",26.75,0.15,5300,10691600,"B"
"HPG","13:24:12",26.75,0.15,5300,10686300,"B"
"HPG","13:24:10",26.75,0.15,100,10681000,"B"
"HPG","13:24:05",26.75,0.15,1300,10680900,"B"
"HPG","13:24:00",26.8,0.2,1000,10679600,"S"
"HPG","13:23:54",26.8,0.2,700,10678600,"S"
"HPG","13:23:52",26.75,0.15,600,10677900,"B"
"HPG","13:23:51",26.75,0.15,400,10677300,"B"
"HPG","13:23:51",26.75,0.15,800,10676900,"B"
"HPG","13:23:47",26.8,0.2,500,10676100,"S"
"HPG","13:23:42",26.8,0.2,500,10675600,"S"
"HPG","13:23:40",26.8,0.2,300,10675100,"S"
"HPG","13:23:36",26.8,0.2,5000,10674800,"S"
"HPG","13:23:35",26.75,0.15,1300,10669800,"B"
"HPG","13:23:34",26.8,0.2,100,10668500,"S"
"HPG","13:23:32",26.8,0.2,1000,10668400,"S"
"HPG","13:23:23",26.8,0.2,700,10667400,"S"
"HPG","13:23:21",26.8,0.2,300,10666700,"S"
"HPG","13:23:18",26.8,0.2,2000,10666400,"S"
"HPG","13:23:12",26.75,0.15,400,10664400,"B"
"HPG","13:23:06",26.75,0.15,800,10664000,"B"
"HPG","13:23:05",26.8,0.2,10000,10663200,"S"
"HPG","13:23:05",26.75,0.15,1300,10653200,"B"
"HPG","13:23:00",26.75,0.15,600,10651900,"B"
"HPG","13:22:56",26.8,0.2,500,10651300,"S"
"HPG","13:22:53",26.8,0.2,700,10650800,"S"
"HPG","13:22:51",26.8,0.2,200,10649100,"S"
"HPG","13:22:45",26.8,0.2,200,10648900,"S"
"HPG","13:22:43",26.8,0.2,400,10648700,"S"
"HPG","13:22:41",26.8,0.2,1000,10648300,"S"
"HPG","13:22:36",26.8,0.2,1000,10647300,"S"
"HPG","13:22:36",26.75,0.15,500,10646300,"B"
"HPG","13:22:35",26.75,0.15,1300,10645800,"B"
"HPG","13:22:30",26.8,0.2,300,10644500,"S"
"HPG","13:22:27",26.8,0.2,400,10644200,"S"
"HPG","13:22:22",26.8,0.2,1400,10643800,"S"
"HPG","13:22:21",26.75,0.15,800,10642400,"B"
"HPG","13:22:15",26.8,0.2,1600,10641600,"S"
"HPG","13:22:11",26.8,0.2,178600,10640000,"B"
"HPG","13:22:09",26.8,0.2,500,10461400,"B"
"HPG","13:22:05",26.8,0.2,1300,10460900,"B"
"HPG","13:22:00",26.8,0.2,500,10459600,"B"
"HPG","13:21:56",26.8,0.2,3000,10459100,"B"
"HPG","13:21:53",26.8,0.2,1400,10456100,"B"
"HPG","13:21:43",26.8,0.2,400,10454700,"B"
"HPG","13:21:35",26.8,0.2,1300,10454300,"B"
"HPG","13:21:34",26.8,0.2,800,10453000,"B"
"HPG","13:21:25",26.8,0.2,500,10452200,"B"
"HPG","13:21:22",26.8,0.2,5000,10451700,"B"
"HPG","13:21:17",26.8,0.2,600,10446700,"B"
"HPG","13:21:08",26.8,0.2,400,10446100,"B"
"HPG","13:21:06",26.8,0.2,5000,10445700,"B"
"HPG","13:21:05",26.8,0.2,1300,10440700,"B"
"HPG","13:21:04",26.85,0.25,1000,10439400,"S"
"HPG","13:20:50",26.8,0.2,800,10438400,"B"
"HPG","13:20:47",26.85,0.25,3000,10437600,"S"
"HPG","13:20:42",26.85,0.25,400,10434600,"S"
"HPG","13:20:37",26.8,0.2,5000,10434200,"B"
"HPG","13:20:35",26.8,0.2,1000,10429200,"B"
"HPG","13:20:35",26.8,0.2,1300,10428200,"B"
"HPG","13:20:31",26.8,0.2,400,10426900,"B"
"HPG","13:20:25",26.8,0.2,600,10426500,"B"
"HPG","13:20:22",26.8,0.2,7400,10425900,"S"
"HPG","13:20:21",26.8,0.2,3200,10418500,"S"
"HPG","13:20:18",26.8,0.2,700,10415300,"S"
"HPG","13:20:12",26.8,0.2,100000,10414600,"S"
"HPG","13:20:09",26.8,0.2,100,10314600,"S"
"HPG","13:20:05",26.8,0.2,500,10314500,"S"
"HPG","13:20:05",26.75,0.15,2100,10314000,"B"
"HPG","13:19:56",26.8,0.2,8000,10311900,"S"
"HPG","13:19:54",26.8,0.2,900,10303900,"S"
"HPG","13:19:54",26.8,0.2,200,10303000,"S"
"HPG","13:19:52",26.8,0.2,9000,10302800,"S"
"HPG","13:19:49",26.8,0.2,100,10293800,"S"
"HPG","13:19:48",26.75,0.15,1200,10293700,"B"
"HPG","13:19:46",26.8,0.2,3000,10292500,"S"
"HPG","13:19:44",26.8,0.2,2000,10289500,"S"
"HPG","13:19:40",26.8,0.2,400,10287500,"S"
"HPG","13:19:35",26.8,0.2,300,10287100,"S"
"HPG","13:19:34",26.75,0.15,1900,10286800,"B"
"HPG","13:19:29",26.85,0.25,17200,10284900,"S"
"HPG","13:19:29",26.8,0.2,32800,10267700,"S"
"HPG","13:19:20",26.75,0.15,800,10234900,"B"
"HPG","13:19:15",26.8,0.2,700,10234100,"S"
"HPG","13:19:12",26.8,0.2,1000,10233400,"S"
"HPG","13:19:04",26.75,0.15,1300,10232400,"B"
"HPG","13:19:03",26.8,0.2,5000,10231100,"S"
"HPG","13:19:02",26.8,0.2,4000,10226100,"S"
"HPG","13:19:01",26.8,0.2,10000,10222100,"S"
"HPG","13:18:57",26.8,0.2,4000,10212100,"S"
"HPG","13:18:53",26.8,0.2,5000,10208100,"S"
"HPG","13:18:44",26.8,0.2,1600,10203100,"S"
"HPG","13:18:42",26.75,0.15,600,10201100,"B"
"HPG","13:18:40",26.8,0.2,600,10200500,"S"
"HPG","13:18:39",26.8,0.2,400,10199900,"S"
"HPG","13:18:38",26.8,0.2,2000,10199500,"S"
"HPG","13:18:36",26.8,0.2,2000,10197500,"S"
"HPG","13:18:35",26.75,0.15,800,10195500,"B"
"HPG","13:18:34",26.75,0.15,1300,10194700,"B"
"HPG","13:18:33",26.8,0.2,2000,10193400,"S"
"HPG","13:18:19",26.8,0.2,500,10191400,"S"
"HPG","13:18:18",26.8,0.2,2200,10190900,"B"
"HPG","13:18:15",26.8,0.2,600,10188700,"B"
"HPG","13:18:14",26.8,0.2,1000,10188100,"B"
"HPG","13:18:13",26.8,0.2,5600,10187100,"B"
"HPG","13:18:11",26.8,0.2,100,10181500,"B"
"HPG","13:18:08",26.8,0.2,400,10181400,"B"
"HPG","13:18:04",26.8,0.2,2300,10181000,"B"
"HPG","13:17:55",26.8,0.2,500,10178700,"B"
"HPG","13:17:53",26.8,0.2,5000,10178200,"B"
"HPG","13:17:51",26.8,0.2,500,10173200,"B"
"HPG","13:17:50",26.8,0.2,600,10172700,"B"
"HPG","13:17:49",26.8,0.2,10000,10172100,"B"
"HPG","13:17:48",26.8,0.2,800,10162100,"B"
"HPG","13:17:46",26.8,0.2,100,10161300,"B"
"HPG","13:17:45",26.8,0.2,20100,10161200,"B"
"HPG","13:17:43",26.8,0.2,1000,10141100,"B"
"HPG","13:17:40",26.8,0.2,3000,10140100,"B"
"HPG","13:17:38",26.8,0.2,1000,10137100,"B"
"HPG","13:17:36",26.8,0.2,1400,10136100,"B"
"HPG","13:17:35",26.8,0.2,5000,10134700,"B"
"HPG","13:17:34",26.8,0.2,1300,10129700,"B"
"HPG","13:17:33",26.8,0.2,400,10128400,"B"
"HPG","13:17:30",26.8,0.2,5000,10128000,"B"
"HPG","13:17:24",26.8,0.2,1800,10123000,"B"
"HPG","13:17:15",26.8,0.2,500,10121200,"B"
"HPG","13:17:13",26.8,0.2,1000,10120700,"B"
"HPG","13:17:07",26.8,0.2,20000,10119700,"B"
"HPG","13:17:04",26.8,0.2,1300,10099700,"B"
"HPG","13:17:04",26.8,0.2,800,10098400,"B"
"HPG","13:16:59",26.8,0.2,600,10097600,"B"
"HPG","13:16:59",26.8,0.2,1000,10097000,"B"
"HPG","13:16:56",26.8,0.2,400,10096000,"B"
"HPG","13:16:53",26.8,0.2,10000,10095600,"B"
"HPG","13:16:52",26.85,0.25,200,10085600,"S"
"HPG","13:16:45",26.8,0.2,700,10085400,"B"
"HPG","13:16:39",26.8,0.2,500,10084700,"B"
"HPG","13:16:36",26.8,0.2,700,10084200,"B"
"HPG","13:16:34",26.8,0.2,1300,10083500,"B"
"HPG","13:16:32",26.8,0.2,1000,10082200,"B"
"HPG","13:16:24",26.8,0.2,1000,10081200,"B"
"HPG","13:16:23",26.8,0.2,52500,10080200,"S"
"HPG","13:16:21",26.75,0.15,400,10027700,"B"
"HPG","13:16:18",26.75,0.15,800,10027300,"B"
"HPG","13:16:10",26.8,0.2,300,10026500,"S"
"HPG","13:16:08",26.8,0.2,700,10026200,"S"
"HPG","13:16:07",26.75,0.15,25700,10025500,"B"
"HPG","13:16:06",26.8,0.2,400,9999800,"S"
"HPG","13:16:05",26.8,0.2,500,9999400,"S"
"HPG","13:16:04",26.75,0.15,1300,9998900,"B"
"HPG","13:15:58",26.8,0.2,1000,9997600,"S"
"HPG","13:15:47",26.8,0.2,1000,9996600,"S"
"HPG","13:15:44",26.8,0.2,4100,9995600,"S"
"HPG","13:15:42",26.8,0.2,100,9991500,"S"
"HPG","13:15:40",26.8,0.2,4000,9991400,"S"
"HPG","13:15:39",26.8,0.2,1000,9987400,"S"
"HPG","13:15:38",26.8,0.2,900,9986400,"S"
"HPG","13:15:37",26.8,0.2,100,9985500,"S"
"HPG","13:15:36",26.8,0.2,200,9985400,"S"
"HPG","13:15:34",26.75,0.15,1300,9985200,"B"
"HPG","13:15:33",26.75,0.15,800,9983900,"B"
"HPG","13:15:33",26.8,0.2,5000,9983100,"S"
"HPG","13:15:32",26.8,0.2,100,9978100,"S"
"HPG","13:15:28",26.8,0.2,1500,9978000,"S"
"HPG","13:15:27",26.8,0.2,10000,9976500,"S"
"HPG","13:15:22",26.8,0.2,2000,9966500,"S"
"HPG","13:15:19",26.8,0.2,100,9964500,"S"
"HPG","13:15:18",26.8,0.2,200,9964400,"S"
"HPG","13:15:16",26.8,0.2,500,9964200,"S"
"HPG","13:15:15",26.8,0.2,2000,9963700,"S"
"HPG","13:15:15",26.75,0.15,700,9961700,"B"
"HPG","13:15:15",26.8,0.2,400,9961000,"S"
"HPG","13:15:13",26.8,0.2,2000,9960600,"S"
"HPG","13:15:05",26.8,0.2,5000,9958600,"S"
"HPG","13:15:04",26.8,0.2,2000,9953600,"S"
"HPG","13:15:04",26.75,0.15,1300,9951600,"B"
"HPG","13:15:02",26.8,0.2,500,9950300,"S"
"HPG","13:14:59",26.8,0.2,200,9949800,"S"
"HPG","13:14:58",26.8,0.2,3000,9949600,"S"
"HPG","13:14:58",26.75,0.15,1700,9946600,"B"
"HPG","13:14:53",26.8,0.2,5000,9944900,"S"
"HPG","13:14:50",26.8,0.2,2000,9939900,"S"
"HPG","13:14:48",26.75,0.15,800,9937900,"B"
"HPG","13:14:48",26.8,0.2,500,9937100,"S"
"HPG","13:14:48",26.8,0.2,2000,9936600,"S"
"HPG","13:14:43",26.8,0.2,200,9934600,"S"
"HPG","13:14:39",26.8,0.2,1000,9934400,"S"
"HPG","13:14:37",26.8,0.2,400,9933400,"S"
"HPG","13:14:37",26.8,0.2,1600,9933000,"S"
"HPG","13:14:36",26.8,0.2,2300,9931400,"S"
"HPG","13:14:35",26.8,0.2,200,9929100,"S"
"HPG","13:14:34",26.75,0.15,1300,9928900,"B"
"HPG","13:14:28",26.8,0.2,300,9927600,"S"
"HPG","13:14:26",26.8,0.2,1000,9927300,"S"
"HPG","13:14:25",26.75,0.15,600,9926300,"B"
"HPG","13:14:19",26.8,0.2,3000,9925700,"S"
"HPG","13:14:18",26.8,0.2,3400,9922700,"S"
"HPG","13:14:17",26.8,0.2,300,9919300,"S"
"HPG","13:14:10",26.8,0.2,300,9919000,"S"
"HPG","13:14:09",26.8,0.2,400,9918700,"S"
"HPG","13:14:08",26.8,0.2,1500,9918300,"S"
"HPG","13:14:04",26.8,0.2,400,9916800,"S"
"HPG","13:14:04",26.75,0.15,1300,9916400,"B"
"HPG","13:14:03",26.75,0.15,800,9915100,"B"
"HPG","13:14:02",26.8,0.2,2900,9914300,"S"
"HPG","13:14:00",26.8,0.2,3000,9911400,"S"
"HPG","13:13:58",26.8,0.2,14000,9908400,"S"
"HPG","13:13:56",26.8,0.2,500,9894400,"S"
"HPG","13:13:55",26.8,0.2,1000,9893900,"S"
"HPG","13:13:47",26.8,0.2,100,9892900,"S"
"HPG","13:13:37",26.8,0.2,3200,9892800,"S"
"HPG","13:13:35",26.8,0.2,2000,9889600,"S"
"HPG","13:13:34",26.75,0.15,1300,9887600,"B"
"HPG","13:13:34",26.8,0.2,400,9886300,"S"
"HPG","13:13:32",26.75,0.15,700,9885900,"B"
"HPG","13:13:30",26.8,0.2,200,9885200,"S"
"HPG","13:13:29",26.8,0.2,100,9885000,"S"
"HPG","13:13:26",26.8,0.2,1200,9884900,"S"
"HPG","13:13:26",26.8,0.2,2500,9883700,"S"
"HPG","13:13:23",26.8,0.2,2800,9881200,"S"
"HPG","13:13:22",26.8,0.2,7200,9878400,"S"
"HPG","13:13:22",26.8,0.2,6000,9871200,"S"
"HPG","13:13:18",26.75,0.15,800,9865200,"B"
"HPG","13:13:15",26.8,0.2,1000,9864400,"S"
"HPG","13:13:12",26.75,0.15,100,9863400,"B"
"HPG","13:13:12",26.8,0.2,5000,9863300,"S"
"HPG","13:13:05",26.75,0.15,400,9858300,"B"
"HPG","13:13:04",26.75,0.15,1300,9857900,"B"
"HPG","13:13:02",26.8,0.2,600,9856600,"S"
"HPG","13:13:01",26.8,0.2,1200,9856000,"B"
"HPG","13:12:58",26.8,0.2,2000,9854800,"B"
"HPG","13:12:57",26.8,0.2,2000,9852800,"B"
"HPG","13:12:55",26.8,0.2,100,9850800,"B"
"HPG","13:12:52",26.8,0.2,1000,9850700,"B"
"HPG","13:12:51",26.8,0.2,1500,9849700,"B"
"HPG","13:12:49",26.8,0.2,400,9848200,"B"
"HPG","13:12:46",26.8,0.2,500,9847800,"B"
"HPG","13:12:43",26.8,0.2,200,9847300,"B"
"HPG","13:12:43",26.8,0.2,5100,9847100,"B"
"HPG","13:12:42",26.8,0.2,700,9842000,"B"
"HPG","13:12:41",26.8,0.2,1500,9841300,"B"
"HPG","13:12:40",26.8,0.2,600,9839800,"B"
"HPG","13:12:36",26.8,0.2,14600,9839200,"S"
"HPG","13:12:34",26.8,0.2,15400,9824600,"B"
"HPG","13:12:34",26.8,0.2,8000,9809200,"B"
"HPG","13:12:33",26.8,0.2,1300,9801200,"B"
"HPG","13:12:33",26.8,0.2,800,9799900,"B"
"HPG","13:12:32",26.8,0.2,10000,9799100,"B"
"HPG","13:12:29",26.8,0.2,25000,9789100,"B"
"HPG","13:12:29",26.85,0.25,5000,9764100,"S"
"HPG","13:12:29",26.8,0.2,500,9759100,"B"
"HPG","13:12:25",26.8,0.2,5000,9758600,"B"
"HPG","13:12:24",26.8,0.2,400,9753600,"B"
"HPG","13:12:23",26.8,0.2,30000,9753200,"B"
"HPG","13:12:19",26.8,0.2,30000,9723200,"B"
"HPG","13:12:17",26.8,0.2,500,9693200,"B"
"HPG","13:12:16",26.8,0.2,5000,9692700,"B"
"HPG","13:12:12",26.8,0.2,700,9687700,"B"
"HPG","13:12:11",26.8,0.2,1000,9687000,"B"
"HPG","13:12:10",26.8,0.2,5000,9686000,"B"
"HPG","13:12:10",26.85,0.25,13000,9681000,"S"
"HPG","13:12:03",26.8,0.2,1300,9668000,"B"
"HPG","13:12:00",26.8,0.2,2800,9666700,"B"
"HPG","13:11:59",26.8,0.2,200,9663900,"B"
"HPG","13:11:57",26.8,0.2,30000,9663700,"B"
"HPG","13:11:54",26.8,0.2,600,9633700,"B"
"HPG","13:11:49",26.8,0.2,700,9633100,"B"
"HPG","13:11:48",26.8,0.2,800,9632400,"B"
"HPG","13:11:40",26.8,0.2,300,9631600,"B"
"HPG","13:11:38",26.8,0.2,16200,9631300,"S"
"HPG","13:11:37",26.8,0.2,13800,9615100,"B"
"HPG","13:11:36",26.8,0.2,500,9601300,"B"
"HPG","13:11:34",26.8,0.2,28000,9600600,"S"
"HPG","13:11:34",26.8,0.2,20500,9572600,"S"
"HPG","13:11:32",26.8,0.2,5000,9552100,"S"
"HPG","13:11:32",26.75,0.15,1300,9547100,"B"
"HPG","13:11:30",26.8,0.2,5000,9545800,"S"
"HPG","13:11:29",26.8,0.2,200,9540800,"S"
"HPG","13:11:29",26.8,0.2,100,9540600,"S"
"HPG","13:11:28",26.8,0.2,200,9540500,"S"
"HPG","13:11:28",26.8,0.2,800,9540300,"S"
"HPG","13:11:27",26.8,0.2,8500,9539500,"S"
"HPG","13:11:23",26.8,0.2,20000,9531000,"S"
"HPG","13:11:22",26.8,0.2,2000,9511000,"S"
"HPG","13:11:21",26.8,0.2,6700,9509000,"S"
"HPG","13:11:21",26.8,0.2,10000,9502300,"S"
"HPG","13:11:20",26.8,0.2,1500,9492300,"S"
"HPG","13:11:20",26.8,0.2,1000,9490800,"S"
"HPG","13:11:16",26.8,0.2,1000,9489800,"S"
"HPG","13:11:15",26.75,0.15,20000,9488800,"B"
"HPG","13:11:15",26.8,0.2,500,9468800,"S"
"HPG","13:11:14",26.8,0.2,73500,9468300,"S"
"HPG","13:11:11",26.8,0.2,50000,9394800,"S"
"HPG","13:11:09",26.8,0.2,200,9344800,"S"
"HPG","13:11:05",26.8,0.2,1000,9344600,"S"
"HPG","13:11:03",26.75,0.15,10000,9343600,"B"
"HPG","13:11:02",26.75,0.15,800,9333600,"B"
"HPG","13:11:02",26.75,0.15,1600,9332800,"B"
"HPG","13:11:01",26.75,0.15,300,9331200,"B"
"HPG","13:11:00",26.75,0.15,500,9330900,"B"
"HPG","13:10:58",26.75,0.15,700,9330400,"B"
"HPG","13:10:57",26.75,0.15,700,9329700,"B"
"HPG","13:10:57",26.75,0.15,500,9329000,"S"
"HPG","13:10:56",26.75,0.15,434100,9328500,"S"
"HPG","13:10:52",26.75,0.15,1000,8894400,"S"
"HPG","13:10:48",26.7,0.1,20000,8893400,"B"
"HPG","13:10:43",26.75,0.15,200,8873400,"S"
"HPG","13:10:40",26.75,0.15,700,8873200,"S"
"HPG","13:10:39",26.7,0.1,20000,8872500,"B"
"HPG","13:10:39",26.75,0.15,500,8852500,"S"
"HPG","13:10:38",26.75,0.15,2000,8852000,"S"
"HPG","13:10:36",26.7,0.1,400,8850000,"B"
"HPG","13:10:32",26.7,0.1,1300,8849600,"B"
"HPG","13:10:31",26.75,0.15,1000,8848300,"S"
"HPG","13:10:27",26.75,0.15,100,8847300,"S"
"HPG","13:10:26",26.75,0.15,500,8847200,"S"
"HPG","13:10:25",26.75,0.15,100,8846700,"S"
"HPG","13:10:25",26.7,0.1,1500,8846600,"B"
"HPG","13:10:23",26.7,0.1,20000,8845100,"B"
"HPG","13:10:22",26.7,0.1,200,8825100,"B"
"HPG","13:10:17",26.7,0.1,700,8824900,"B"
"HPG","13:10:08",26.7,0.1,215200,8824200,"S"
"HPG","13:10:07",26.7,0.1,5100,8609000,"S"
"HPG","13:10:04",26.7,0.1,100000,8603900,"S"
"HPG","13:10:02",26.7,0.1,3000,8503900,"S"
"HPG","13:10:02",26.65,0.05,1300,8500900,"B"
"HPG","13:10:02",26.7,0.1,100,8499600,"S"
"HPG","13:09:57",26.7,0.1,12000,8499500,"S"
"HPG","13:09:54",26.7,0.1,20000,8487500,"S"
"HPG","13:09:49",26.7,0.1,500,8467500,"S"
"HPG","13:09:48",26.7,0.1,300,8467000,"S"
"HPG","13:09:47",26.7,0.1,100,8466700,"S"
"HPG","13:09:43",26.7,0.1,500,8466600,"S"
"HPG","13:09:42",26.7,0.1,2300,8466100,"S"
"HPG","13:09:39",26.7,0.1,2000,8463800,"S"
"HPG","13:09:34",26.7,0.1,500,8461800,"S"
"HPG","13:09:33",26.7,0.1,1100,8461300,"S"
"HPG","13:09:32",26.7,0.1,100,8460200,"S"
"HPG","13:09:31",26.65,0.05,2100,8460100,"B"
"HPG","13:09:29",26.7,0.1,1000,8458000,"S"
"HPG","13:09:26",26.7,0.1,500,8457000,"S"
"HPG","13:09:25",26.7,0.1,200,8456500,"S"
"HPG","13:09:25",26.7,0.1,1000,8456300,"S"
"HPG","13:09:15",26.7,0.1,1000,8455300,"S"
"HPG","13:09:13",26.7,0.1,1000,8454300,"S"
"HPG","13:09:12",26.7,0.1,100,8453300,"S"
"HPG","13:09:03",26.7,0.1,100,8453200,"S"
"HPG","13:09:02",26.65,0.05,1500,8453100,"B"
"HPG","13:08:55",26.65,0.05,500,8451600,"B"
"HPG","13:08:48",26.65,0.05,20800,8451100,"S"
"HPG","13:08:47",26.6,0,800,8430300,"B"
"HPG","13:08:46",26.65,0.05,1100,8429500,"S"
"HPG","13:08:45",26.65,0.05,2000,8428400,"S"
"HPG","13:08:44",26.65,0.05,5000,8426400,"S"
"HPG","13:08:43",26.65,0.05,30000,8421400,"S"
"HPG","13:08:41",26.65,0.05,400,8391400,"S"
"HPG","13:08:40",26.65,0.05,5000,8391000,"S"
"HPG","13:08:32",26.65,0.05,100,8386000,"S"
"HPG","13:08:30",26.6,0,1300,8385900,"B"
"HPG","13:08:28",26.65,0.05,500,8384600,"S"
"HPG","13:08:22",26.65,0.05,100,8384100,"S"
"HPG","13:08:16",26.65,0.05,500,8384000,"S"
"HPG","13:08:10",26.65,0.05,500,8383500,"S"
"HPG","13:08:01",26.6,0,1300,8383000,"B"
"HPG","13:08:00",26.6,0,1300,8381700,"B"
"HPG","13:07:57",26.65,0.05,500,8380400,"S"
"HPG","13:07:56",26.65,0.05,5000,8379900,"S"
"HPG","13:07:45",26.65,0.05,6500,8374900,"B"
"HPG","13:07:44",26.65,0.05,600,8368400,"B"
"HPG","13:07:42",26.65,0.05,15000,8367800,"B"
"HPG","13:07:39",26.65,0.05,10000,8352800,"B"
"HPG","13:07:33",26.65,0.05,20000,8342800,"B"
"HPG","13:07:30",26.65,0.05,1300,8322800,"B"
"HPG","13:07:26",26.65,0.05,900,8321500,"B"
"HPG","13:07:24",26.65,0.05,500,8320600,"B"
"HPG","13:07:23",26.65,0.05,2500,8320100,"B"
"HPG","13:07:21",26.65,0.05,1000,8317600,"B"
"HPG","13:07:19",26.65,0.05,20000,8316600,"B"
"HPG","13:07:17",26.65,0.05,2200,8296600,"B"
"HPG","13:07:15",26.65,0.05,5000,8294400,"B"
"HPG","13:07:11",26.65,0.05,500,8289400,"B"
"HPG","13:07:08",26.65,0.05,500,8288900,"B"
"HPG","13:07:00",26.65,0.05,1300,8288400,"B"
"HPG","13:06:54",26.65,0.05,20000,8287100,"B"
"HPG","13:06:50",26.65,0.05,600,8267100,"B"
"HPG","13:06:40",26.65,0.05,300,8266500,"B"
"HPG","13:06:33",26.65,0.05,600,8266200,"B"
"HPG","13:06:31",26.65,0.05,800,8265600,"B"
"HPG","13:06:30",26.65,0.05,1300,8264800,"B"
"HPG","13:06:16",26.65,0.05,600,8263500,"B"
"HPG","13:06:15",26.65,0.05,20600,8262900,"B"
"HPG","13:06:02",26.65,0.05,100,8242300,"B"
"HPG","13:06:00",26.65,0.05,1300,8242200,"B"
"HPG","13:05:57",26.65,0.05,500,8240900,"B"
"HPG","13:05:45",26.65,0.05,800,8240400,"B"
"HPG","13:05:39",26.65,0.05,600,8239600,"B"
"HPG","13:05:31",26.65,0.05,20000,8239000,"B"
"HPG","13:05:30",26.65,0.05,1300,8219000,"B"
"HPG","13:05:21",26.65,0.05,600,8217700,"B"
"HPG","13:05:09",26.65,0.05,20000,8217100,"B"
"HPG","13:05:03",26.65,0.05,600,8197100,"B"
"HPG","13:05:01",26.65,0.05,1500,8196500,"B"
"HPG","13:05:00",26.65,0.05,1300,8195000,"B"
"HPG","13:04:54",26.65,0.05,20000,8193700,"B"
"HPG","13:04:53",26.7,0.1,300,8173700,"S"
"HPG","13:04:46",26.65,0.05,600,8173400,"B"
"HPG","13:04:40",26.65,0.05,20000,8172800,"B"
"HPG","13:04:36",26.65,0.05,200,8152800,"B"
"HPG","13:04:32",26.65,0.05,500,8152600,"B"
"HPG","13:04:30",26.65,0.05,1300,8152100,"B"
"HPG","13:04:29",26.65,0.05,20000,8150800,"B"
"HPG","13:04:28",26.65,0.05,500,8130800,"B"
"HPG","13:04:23",26.65,0.05,2000,8130300,"B"
"HPG","13:04:20",26.65,0.05,200,8128300,"B"
"HPG","13:04:16",26.65,0.05,800,8128100,"B"
"HPG","13:04:10",26.65,0.05,600,8127300,"B"
"HPG","13:04:07",26.65,0.05,500,8126700,"B"
"HPG","13:04:02",26.65,0.05,41300,8126200,"S"
"HPG","13:04:01",26.65,0.05,100,8084900,"S"
"HPG","13:04:00",26.65,0.05,500,8084800,"S"
"HPG","13:04:00",26.6,0,1300,8084300,"B"
"HPG","13:03:52",26.6,0,600,8083000,"B"
"HPG","13:03:51",26.65,0.05,800,8082400,"S"
"HPG","13:03:45",26.6,0,200,8081600,"B"
"HPG","13:03:34",26.6,0,600,8081400,"B"
"HPG","13:03:30",26.6,0,800,8080800,"B"
"HPG","13:03:30",26.6,0,1300,8080000,"B"
"HPG","13:03:25",26.65,0.05,5000,8078700,"S"
"HPG","13:03:25",26.6,0,10000,8073700,"B"
"HPG","13:03:23",26.6,0,15000,8063700,"B"
"HPG","13:03:16",26.6,0,500,8048700,"B"
"HPG","13:03:00",26.6,0,1600,8048200,"B"
"HPG","13:02:58",26.6,0,600,8046600,"B"
"HPG","13:02:46",26.6,0,800,8046000,"B"
"HPG","13:02:37",26.65,0.05,100,8045200,"S"
"HPG","13:02:33",26.6,0,200,8045100,"B"
"HPG","13:02:30",26.6,0,1300,8044900,"B"
"HPG","13:02:23",26.6,0,600,8043600,"B"
"HPG","13:02:05",26.6,0,500,8043000,"B"
"HPG","13:01:59",26.6,0,2100,8042500,"B"
"HPG","13:01:55",26.65,0.05,500,8040400,"S"
"HPG","13:01:53",26.65,0.05,5000,8039900,"S"
"HPG","13:01:50",26.65,0.05,100,8034900,"S"
"HPG","13:01:35",26.65,0.05,100,8034800,"S"
"HPG","13:01:29",26.6,0,1300,8034700,"B"
"HPG","13:01:29",26.6,0,600,8033400,"B"
"HPG","13:01:27",26.6,0,100,8032600,"B"
"HPG","13:01:14",26.6,0,800,8032500,"B"
"HPG","13:01:08",26.65,0.05,200,8031700,"S"
"HPG","13:01:08",26.65,0.05,4900,8031500,"S"
"HPG","13:01:00",26.65,0.05,1000,8026600,"S"
"HPG","13:01:00",26.6,0,1000,8025600,"B"
"HPG","13:00:59",26.6,0,1400,8024600,"B"
"HPG","13:00:49",26.65,0.05,500,8023200,"S"
"HPG","13:00:42",26.65,0.05,400,8022700,"S"
"HPG","13:00:39",26.65,0.05,500,8022300,"S"
"HPG","13:00:35",26.65,0.05,1000,8021800,"S"
"HPG","13:00:30",26.6,0,800,8020800,"B"
"HPG","13:00:28",26.65,0.05,100,8020000,"S"
"HPG","13:00:26",26.65,0.05,1000,8019900,"S"
"HPG","13:00:25",26.65,0.05,400,8018900,"S"
"HPG","13:00:23",26.65,0.05,100,8018500,"S"
"HPG","13:00:15",26.65,0.05,20200,8018400,"S"
"HPG","13:00:13",26.65,0.05,20600,7998200,"S"
"HPG","13:00:10",26.65,0.05,200,7977600,"S"
"HPG","13:00:09",26.65,0.05,500,7977400,"S"
"HPG","13:00:08",26.65,0.05,1100,7976900,"S"
"HPG","13:00:07",26.65,0.05,1600,7975800,"S"
"HPG","13:00:06",26.65,0.05,200,7974200,"S"
"HPG","13:00:05",26.65,0.05,1400,7974000,"S"
"HPG","13:00:04",26.65,0.05,300,7972600,"S"
"HPG","13:00:03",26.65,0.05,5100,7972300,"S"
"HPG","13:00:02",26.65,0.05,2100,7967200,"S"
"HPG","13:00:02",26.6,0,100,7965100,"B"
"HPG","13:00:02",26.65,0.05,7400,7965000,"S"
"HPG","13:00:01",26.6,0,3000,7957600,"B"
"HPG","13:00:01",26.65,0.05,100,7954600,"S"
"HPG","13:00:01",26.6,0,200,7954500,"B"
"HPG","13:00:01",26.65,0.05,2800,7954300,"S"
"HPG","13:00:01",26.6,0,900,7951500,"B"
"HPG","13:00:00",26.65,0.05,4800,7950600,"S"
"HPG","11:29:51",26.65,0.05,200,7945800,"S"
"HPG","11:29:44",26.65,0.05,100,7945600,"S"
"HPG","11:29:39",26.6,0,500,7945500,"B"
"HPG","11:28:58",26.6,0,1200,7945000,"B"
"HPG","11:28:57",26.65,0.05,300,7943800,"S"
"HPG","11:28:27",26.6,0,1200,7943500,"B"
"HPG","11:27:59",26.6,0,200,7942300,"B"
"HPG","11:27:59",26.6,0,800,7942100,"B"
"HPG","11:27:57",26.6,0,1200,7941300,"B"
"HPG","11:27:47",26.6,0,1000,7940100,"B"
"HPG","11:27:30",26.6,0,100,7939100,"B"
"HPG","11:27:27",26.6,0,1200,7939000,"B"
"HPG","11:27:26",26.65,0.05,100,7937800,"S"
"HPG","11:27:19",26.65,0.05,100,7937700,"S"
"HPG","11:26:58",26.65,0.05,500,7937600,"S"
"HPG","11:26:57",26.6,0,1200,7937100,"B"
"HPG","11:26:52",26.6,0,700,7935900,"B"
"HPG","11:26:46",26.65,0.05,100,7935200,"S"
"HPG","11:26:40",26.65,0.05,100,7935100,"S"
"HPG","11:26:32",26.6,0,200,7935000,"B"
"HPG","11:26:26",26.6,0,1200,7934800,"B"
"HPG","11:26:26",26.65,0.05,500,7933600,"S"
"HPG","11:26:18",26.65,0.05,100,7933100,"S"
"HPG","11:25:59",26.65,0.05,900,7933000,"B"
"HPG","11:25:57",26.65,0.05,1200,7932100,"B"
"HPG","11:25:45",26.65,0.05,800,7930900,"B"
"HPG","11:25:27",26.7,0.1,1300,7930100,"S"
"HPG","11:25:27",26.65,0.05,1200,7928800,"B"
"HPG","11:25:20",26.7,0.1,500,7927600,"S"
"HPG","11:25:05",26.7,0.1,100,7927100,"S"
"HPG","11:25:02",26.65,0.05,200,7927000,"B"
"HPG","11:24:56",26.65,0.05,1200,7926800,"B"
"HPG","11:24:49",26.65,0.05,200,7925600,"B"
"HPG","11:24:42",26.7,0.1,1000,7925400,"S"
"HPG","11:24:42",26.65,0.05,20000,7924400,"B"
"HPG","11:24:39",26.65,0.05,800,7904400,"B"
"HPG","11:24:37",26.65,0.05,5000,7903600,"B"
"HPG","11:24:36",26.65,0.05,4000,7898600,"B"
"HPG","11:24:33",26.65,0.05,200,7894600,"B"
"HPG","11:24:26",26.65,0.05,1200,7894400,"B"
"HPG","11:24:21",26.65,0.05,200,7893200,"B"
"HPG","11:24:17",26.65,0.05,20000,7893000,"B"
"HPG","11:24:16",26.7,0.1,100,7873000,"S"
"HPG","11:24:15",26.7,0.1,500,7872900,"S"
"HPG","11:24:05",26.7,0.1,200,7872400,"S"
"HPG","11:24:03",26.65,0.05,200,7872200,"B"
"HPG","11:23:56",26.65,0.05,1200,7872000,"B"
"HPG","11:23:35",26.65,0.05,200,7870800,"B"
"HPG","11:23:33",26.65,0.05,20000,7870600,"B"
"HPG","11:23:32",26.65,0.05,800,7850600,"B"
"HPG","11:23:26",26.65,0.05,1200,7849800,"B"
"HPG","11:23:23",26.65,0.05,500,7848600,"B"
"HPG","11:23:16",26.65,0.05,2000,7848100,"B"
"HPG","11:23:05",26.65,0.05,200,7846100,"B"
"HPG","11:22:55",26.65,0.05,1200,7845900,"B"
"HPG","11:22:50",26.65,0.05,2000,7844700,"B"
"HPG","11:22:28",26.7,0.1,1000,7842700,"S"
"HPG","11:22:26",26.65,0.05,1200,7841700,"B"
"HPG","11:22:25",26.65,0.05,800,7840500,"B"
"HPG","11:22:15",26.65,0.05,7200,7839700,"B"
"HPG","11:22:15",26.65,0.05,12800,7832500,"B"
"HPG","11:22:07",26.65,0.05,400,7819700,"B"
"HPG","11:22:00",26.65,0.05,20000,7819300,"B"
"HPG","11:21:55",26.65,0.05,1200,7799300,"B"
"HPG","11:21:53",26.65,0.05,10000,7798100,"B"
"HPG","11:21:39",26.65,0.05,200,7788100,"B"
"HPG","11:21:37",26.65,0.05,400,7787900,"B"
"HPG","11:21:34",26.65,0.05,1000,7787500,"B"
"HPG","11:21:25",26.65,0.05,1200,7786500,"B"
"HPG","11:21:18",26.65,0.05,800,7785300,"B"
"HPG","11:21:08",26.65,0.05,300,7784500,"B"
"HPG","11:21:03",26.65,0.05,300,7784200,"B"
"HPG","11:20:59",26.65,0.05,100,7783900,"B"
"HPG","11:20:55",26.65,0.05,1200,7783800,"B"
"HPG","11:20:50",26.65,0.05,2700,7782600,"B"
"HPG","11:20:44",26.65,0.05,200,7779900,"B"
"HPG","11:20:38",26.65,0.05,400,7779700,"B"
"HPG","11:20:25",26.65,0.05,1200,7779300,"B"
"HPG","11:20:21",26.65,0.05,1000,7778100,"B"
"HPG","11:20:11",26.65,0.05,800,7777100,"B"
"HPG","11:20:08",26.65,0.05,20400,7776300,"B"
"HPG","11:19:55",26.65,0.05,1200,7755900,"B"
"HPG","11:19:53",26.65,0.05,22400,7754700,"S"
"HPG","11:19:52",26.65,0.05,400,7732300,"S"
"HPG","11:19:51",26.65,0.05,200,7731900,"S"
"HPG","11:19:45",26.65,0.05,5000,7731700,"S"
"HPG","11:19:43",26.65,0.05,100,7726700,"S"
"HPG","11:19:37",26.65,0.05,8000,7726600,"S"
"HPG","11:19:33",26.65,0.05,100,7718600,"S"
"HPG","11:19:24",26.6,0,1200,7718500,"B"
"HPG","11:19:23",26.65,0.05,8500,7717300,"S"
"HPG","11:19:19",26.65,0.05,100,7708800,"S"
"HPG","11:19:17",26.65,0.05,500,7708700,"S"
"HPG","11:19:14",26.65,0.05,300,7708200,"S"
"HPG","11:19:10",26.65,0.05,500,7707900,"S"
"HPG","11:19:05",26.65,0.05,300,7707400,"B"
"HPG","11:19:02",26.65,0.05,10700,7707100,"S"
"HPG","11:19:00",26.65,0.05,16000,7696400,"S"
"HPG","11:18:59",26.65,0.05,1000,7680400,"S"
"HPG","11:18:54",26.6,0,1200,7679400,"B"
"HPG","11:18:54",26.65,0.05,1000,7678200,"S"
"HPG","11:18:53",26.65,0.05,2000,7677200,"S"
"HPG","11:18:52",26.65,0.05,11000,7675200,"S"
"HPG","11:18:47",26.65,0.05,500,7664200,"S"
"HPG","11:18:33",26.65,0.05,8000,7663700,"S"
"HPG","11:18:30",26.65,0.05,1600,7655700,"S"
"HPG","11:18:27",26.65,0.05,8000,7654100,"S"
"HPG","11:18:24",26.6,0,1200,7646100,"B"
"HPG","11:18:11",26.6,0,400,7644900,"B"
"HPG","11:18:05",26.6,0,100,7644500,"B"
"HPG","11:17:58",26.6,0,800,7644400,"B"
"HPG","11:17:54",26.6,0,1200,7643600,"B"
"HPG","11:17:54",26.65,0.05,3000,7642400,"S"
"HPG","11:17:41",26.65,0.05,500,7639400,"S"
"HPG","11:17:37",26.65,0.05,3000,7638900,"S"
"HPG","11:17:36",26.65,0.05,100,7635900,"S"
"HPG","11:17:31",26.65,0.05,800,7635800,"B"
"HPG","11:17:31",26.65,0.05,20000,7635000,"B"
"HPG","11:17:24",26.65,0.05,30000,7615000,"B"
"HPG","11:17:24",26.65,0.05,1200,7585000,"B"
"HPG","11:17:21",26.65,0.05,10000,7583800,"B"
"HPG","11:17:20",26.65,0.05,20000,7573800,"B"
"HPG","11:17:11",26.65,0.05,300,7553800,"B"
"HPG","11:16:54",26.65,0.05,1200,7553500,"B"
"HPG","11:16:51",26.65,0.05,800,7552300,"B"
"HPG","11:16:43",26.65,0.05,400,7551500,"B"
"HPG","11:16:24",26.65,0.05,1200,7551100,"B"
"HPG","11:16:13",26.65,0.05,400,7549900,"B"
"HPG","11:16:06",26.65,0.05,1900,7549500,"B"
"HPG","11:15:54",26.65,0.05,1200,7547600,"B"
"HPG","11:15:53",26.65,0.05,20000,7546400,"B"
"HPG","11:15:44",26.65,0.05,1200,7526400,"B"
"HPG","11:15:28",26.65,0.05,1700,7525200,"B"
"HPG","11:15:25",26.65,0.05,20000,7523500,"B"
"HPG","11:15:24",26.65,0.05,1200,7503500,"B"
"HPG","11:15:23",26.65,0.05,500,7502300,"B"
"HPG","11:15:21",26.65,0.05,1000,7501800,"B"
"HPG","11:15:14",26.65,0.05,300,7500800,"B"
"HPG","11:14:54",26.65,0.05,1200,7500500,"B"
"HPG","11:14:47",26.65,0.05,700,7499300,"B"
"HPG","11:14:40",26.7,0.1,1000,7498600,"S"
"HPG","11:14:37",26.65,0.05,800,7497600,"B"
"HPG","11:14:35",26.65,0.05,100,7496800,"B"
"HPG","11:14:34",26.65,0.05,20000,7496700,"B"
"HPG","11:14:26",26.65,0.05,5000,7476700,"B"
"HPG","11:14:23",26.65,0.05,1200,7471700,"B"
"HPG","11:14:16",26.65,0.05,400,7470500,"B"
"HPG","11:14:14",26.65,0.05,20000,7470100,"B"
"HPG","11:14:00",26.65,0.05,300,7450100,"B"
"HPG","11:13:53",26.65,0.05,1200,7449800,"B"
"HPG","11:13:47",26.65,0.05,20000,7448600,"B"
"HPG","11:13:46",26.7,0.1,800,7428600,"S"
"HPG","11:13:46",26.65,0.05,400,7427800,"B"
"HPG","11:13:38",26.65,0.05,900,7427400,"B"
"HPG","11:13:31",26.65,0.05,700,7426500,"B"
"HPG","11:13:25",26.65,0.05,13100,7425800,"S"
"HPG","11:13:24",26.65,0.05,5000,7412700,"S"
"HPG","11:13:23",26.6,0,1200,7407700,"B"
"HPG","11:13:22",26.65,0.05,5000,7406500,"S"
"HPG","11:13:19",26.65,0.05,500,7401500,"S"
"HPG","11:12:58",26.65,0.05,800,7401000,"S"
"HPG","11:12:53",26.6,0,1200,7400200,"B"
"HPG","11:12:51",26.65,0.05,1000,7399000,"S"
"HPG","11:12:46",26.65,0.05,3000,7398000,"S"
"HPG","11:12:40",26.65,0.05,500,7395000,"S"
"HPG","11:12:36",26.65,0.05,1000,7394500,"S"
"HPG","11:12:34",26.65,0.05,100,7393500,"S"
"HPG","11:12:30",26.65,0.05,8000,7393400,"S"
"HPG","11:12:24",26.65,0.05,500,7385400,"S"
"HPG","11:12:24",26.6,0,800,7384900,"B"
"HPG","11:12:17",26.65,0.05,2500,7382900,"S"
"HPG","11:12:14",26.65,0.05,3100,7380400,"S"
"HPG","11:11:53",26.6,0,1200,7377300,"B"
"HPG","11:11:47",26.65,0.05,300,7376100,"S"
"HPG","11:11:41",26.65,0.05,3000,7375800,"S"
"HPG","11:11:23",26.6,0,1200,7372800,"B"
"HPG","11:11:19",26.6,0,300,7371600,"B"
"HPG","11:11:17",26.6,0,800,7371300,"B"
"HPG","11:10:53",26.6,0,1200,7370500,"B"
"HPG","11:10:47",26.65,0.05,100,7369300,"S"
"HPG","11:10:42",26.65,0.05,500,7369200,"S"
"HPG","11:10:35",26.6,0,100,7368700,"B"
"HPG","11:10:33",26.65,0.05,5000,7368600,"S"
"HPG","11:10:31",26.65,0.05,10000,7363600,"S"
"HPG","11:10:28",26.65,0.05,77200,7353600,"B"
"HPG","11:10:23",26.65,0.05,10000,7276400,"B"
"HPG","11:10:22",26.65,0.05,1200,7266400,"B"
"HPG","11:10:17",26.7,0.1,100,7265200,"S"
"HPG","11:10:10",26.65,0.05,800,7265100,"B"
"HPG","11:10:04",26.65,0.05,12000,7264300,"S"
"HPG","11:10:02",26.65,0.05,500,7252300,"S"
"HPG","11:09:59",26.65,0.05,1100,7251800,"S"
"HPG","11:09:58",26.65,0.05,100,7250700,"S"
"HPG","11:09:52",26.6,0,1200,7250600,"B"
"HPG","11:09:51",26.65,0.05,100,7249400,"S"
"HPG","11:09:50",26.65,0.05,5000,7249300,"S"
"HPG","11:09:44",26.65,0.05,100,7244300,"S"
"HPG","11:09:40",26.65,0.05,200,7244200,"S"
"HPG","11:09:30",26.65,0.05,8000,7244000,"S"
"HPG","11:09:26",26.65,0.05,8000,7236000,"S"
"HPG","11:09:22",26.6,0,1200,7228000,"B"
"HPG","11:09:20",26.65,0.05,200,7226800,"S"
"HPG","11:09:03",26.65,0.05,100,7226600,"S"
"HPG","11:09:03",26.6,0,800,7226500,"B"
"HPG","11:09:01",26.65,0.05,100,7225700,"S"
"HPG","11:08:52",26.6,0,1200,7225600,"B"
"HPG","11:08:51",26.65,0.05,100,7224400,"S"
"HPG","11:08:42",26.65,0.05,100,7224300,"S"
"HPG","11:08:26",26.65,0.05,100,7224200,"S"
"HPG","11:08:24",26.65,0.05,1500,7224100,"S"
"HPG","11:08:22",26.6,0,1200,7222600,"B"
"HPG","11:08:22",26.6,0,400,7221400,"B"
"HPG","11:08:19",26.6,0,100,7221000,"B"
"HPG","11:08:17",26.65,0.05,100,7220900,"S"
"HPG","11:08:17",26.65,0.05,10000,7220800,"S"
"HPG","11:08:15",26.65,0.05,1000,7210800,"S"
"HPG","11:08:12",26.65,0.05,100,7209800,"S"
"HPG","11:08:10",26.65,0.05,100,7209700,"S"
"HPG","11:07:59",26.65,0.05,100,7209600,"S"
"HPG","11:07:57",26.65,0.05,100,7209500,"S"
"HPG","11:07:56",26.6,0,800,7209400,"B"
"HPG","11:07:52",26.6,0,1200,7208600,"B"
"HPG","11:07:51",26.65,0.05,500,7207400,"S"
"HPG","11:07:49",26.65,0.05,200,7206900,"S"
"HPG","11:07:47",26.65,0.05,100,7206700,"S"
"HPG","11:07:40",26.65,0.05,500,7206600,"S"
"HPG","11:07:34",26.65,0.05,100,7206100,"S"
"HPG","11:07:33",26.65,0.05,100,7206000,"S"
"HPG","11:07:27",26.65,0.05,239500,7205900,"B"
"HPG","11:07:23",26.65,0.05,300,6966400,"B"
"HPG","11:07:22",26.65,0.05,1200,6966100,"B"
"HPG","11:07:21",26.7,0.1,200,6964900,"S"
"HPG","11:07:09",26.7,0.1,100,6964700,"S"
"HPG","11:06:57",26.65,0.05,14400,6964600,"B"
"HPG","11:06:53",26.7,0.1,500,6950200,"S"
"HPG","11:06:52",26.65,0.05,1200,6949700,"B"
"HPG","11:06:50",26.65,0.05,800,6948500,"B"
"HPG","11:06:46",26.7,0.1,21000,6947700,"S"
"HPG","11:06:36",26.65,0.05,10000,6926700,"B"
"HPG","11:06:36",26.7,0.1,1000,6916700,"S"
"HPG","11:06:24",26.65,0.05,400,6915700,"B"
"HPG","11:06:22",26.65,0.05,1200,6915300,"B"
"HPG","11:06:07",26.65,0.05,100,6914100,"B"
"HPG","11:06:05",26.7,0.1,200,6914000,"S"
"HPG","11:06:02",26.7,0.1,6300,6913800,"S"
"HPG","11:05:53",26.7,0.1,500,6907500,"S"
"HPG","11:05:51",26.65,0.05,1200,6907000,"B"
"HPG","11:05:43",26.65,0.05,800,6905800,"B"
"HPG","11:05:26",26.7,0.1,1000,6905000,"S"
"HPG","11:05:23",26.7,0.1,400,6904000,"S"
"HPG","11:05:21",26.65,0.05,1200,6903600,"B"
"HPG","11:05:20",26.7,0.1,200,6902400,"S"
"HPG","11:05:17",26.7,0.1,200,6902200,"S"
"HPG","11:05:15",26.7,0.1,10400,6902000,"B"
"HPG","11:05:01",26.7,0.1,10000,6891600,"B"
"HPG","11:04:59",26.7,0.1,11000,6881600,"B"
"HPG","11:04:56",26.7,0.1,400,6870600,"B"
"HPG","11:04:51",26.7,0.1,1200,6870200,"B"
"HPG","11:04:47",26.7,0.1,2900,6869000,"B"
"HPG","11:04:44",26.7,0.1,10000,6866100,"B"
"HPG","11:04:41",26.7,0.1,200,6856100,"B"
"HPG","11:04:36",26.7,0.1,800,6855900,"B"
"HPG","11:04:27",26.7,0.1,400,6855100,"B"
"HPG","11:04:23",26.7,0.1,20000,6854700,"B"
"HPG","11:04:21",26.7,0.1,1200,6834700,"B"
"HPG","11:04:18",26.75,0.15,5300,6833500,"S"
"HPG","11:04:13",26.7,0.1,1900,6828200,"B"
"HPG","11:03:56",26.7,0.1,400,6826300,"B"
"HPG","11:03:55",26.7,0.1,900,6825900,"B"
"HPG","11:03:55",26.75,0.15,300,6825000,"S"
"HPG","11:03:51",26.7,0.1,1200,6824700,"B"
"HPG","11:03:45",26.75,0.15,5300,6823500,"S"
"HPG","11:03:29",26.7,0.1,800,6818200,"B"
"HPG","11:03:27",26.7,0.1,300,6817400,"B"
"HPG","11:03:21",26.7,0.1,1200,6817100,"B"
"HPG","11:03:19",26.75,0.15,5300,6815900,"S"
"HPG","11:03:17",26.7,0.1,100,6810600,"B"
"HPG","11:03:11",26.75,0.15,5300,6810500,"S"
"HPG","11:03:08",26.7,0.1,3400,6805200,"S"
"HPG","11:03:06",26.7,0.1,200,6801800,"S"
"HPG","11:02:59",26.7,0.1,300,6801600,"S"
"HPG","11:02:58",26.7,0.1,1000,6801300,"S"
"HPG","11:02:55",26.7,0.1,20000,6800300,"S"
"HPG","11:02:53",26.7,0.1,3800,6780300,"S"
"HPG","11:02:52",26.7,0.1,96200,6776500,"S"
"HPG","11:02:51",26.7,0.1,10200,6680300,"S"
"HPG","11:02:51",26.65,0.05,1200,6670100,"B"
"HPG","11:02:49",26.7,0.1,200,6668900,"S"
"HPG","11:02:47",26.7,0.1,5300,6668700,"S"
"HPG","11:02:45",26.7,0.1,30000,6663400,"S"
"HPG","11:02:38",26.7,0.1,5300,6633400,"S"
"HPG","11:02:29",26.65,0.05,400,6628100,"B"
"HPG","11:02:28",26.7,0.1,5300,6627700,"S"
"HPG","11:02:22",26.65,0.05,800,6622400,"B"
"HPG","11:02:21",26.65,0.05,1200,6621600,"B"
"HPG","11:02:16",26.7,0.1,5300,6620400,"S"
"HPG","11:02:05",26.7,0.1,10600,6615100,"S"
"HPG","11:02:04",26.7,0.1,5300,6604500,"S"
"HPG","11:02:04",26.65,0.05,300,6599200,"B"
"HPG","11:01:51",26.7,0.1,5300,6598900,"S"
"HPG","11:01:50",26.65,0.05,1200,6593600,"B"
"HPG","11:01:46",26.65,0.05,200,6592400,"B"
"HPG","11:01:30",26.65,0.05,300,6592200,"B"
"HPG","11:01:20",26.65,0.05,1200,6591900,"B"
"HPG","11:01:16",26.65,0.05,800,6590700,"B"
"HPG","11:01:10",26.7,0.1,300,6589900,"S"
"HPG","11:01:06",26.7,0.1,5300,6589600,"S"
"HPG","11:01:05",26.7,0.1,10000,6584300,"S"
"HPG","11:01:00",26.7,0.1,4000,6574300,"S"
"HPG","11:00:57",26.65,0.05,200,6570300,"B"
"HPG","11:00:50",26.65,0.05,1200,6570100,"B"
"HPG","11:00:48",26.65,0.05,43800,6568900,"S"
"HPG","11:00:47",26.65,0.05,3500,6525100,"S"
"HPG","11:00:47",26.65,0.05,10000,6521600,"S"
"HPG","11:00:45",26.65,0.05,1000,6511600,"S"
"HPG","11:00:45",26.65,0.05,5300,6510600,"S"
"HPG","11:00:44",26.65,0.05,1000,6505300,"S"
"HPG","11:00:44",26.65,0.05,700,6504300,"S"
"HPG","11:00:41",26.65,0.05,2300,6503600,"S"
"HPG","11:00:40",26.65,0.05,10000,6501300,"S"
"HPG","11:00:38",26.65,0.05,10100,6491300,"S"
"HPG","11:00:37",26.65,0.05,100,6481200,"S"
"HPG","11:00:35",26.65,0.05,2000,6481100,"S"
"HPG","11:00:34",26.65,0.05,100,6479100,"S"
"HPG","11:00:32",26.65,0.05,5300,6479000,"S"
"HPG","11:00:27",26.65,0.05,1500,6473700,"S"
"HPG","11:00:20",26.65,0.05,5300,6472200,"S"
"HPG","11:00:20",26.6,0,1200,6466900,"B"
"HPG","11:00:19",26.65,0.05,3000,6465700,"S"
"HPG","11:00:10",26.65,0.05,8000,6462700,"S"
"HPG","11:00:09",26.6,0,800,6454700,"B"
"HPG","11:00:02",26.65,0.05,8000,6453900,"S"
"HPG","11:00:00",26.65,0.05,5300,6445900,"S"
"HPG","10:59:56",26.6,0,500,6440600,"B"
"HPG","10:59:50",26.6,0,1200,6440100,"B"
"HPG","10:59:49",26.65,0.05,500,6438900,"S"
"HPG","10:59:32",26.6,0,300,6438400,"B"
"HPG","10:59:20",26.6,0,1200,6438100,"B"
"HPG","10:59:10",26.6,0,100,6436900,"B"
"HPG","10:59:05",26.6,0,200,6436800,"B"
"HPG","10:59:03",26.6,0,500,6436600,"B"
"HPG","10:59:02",26.6,0,800,6436100,"B"
"HPG","10:59:01",26.6,0,200,6435300,"B"
"HPG","10:58:59",26.6,0,100,6435100,"B"
"HPG","10:58:59",26.6,0,200,6435000,"B"
"HPG","10:58:58",26.6,0,100,6434800,"B"
"HPG","10:58:57",26.6,0,100,6434700,"B"
"HPG","10:58:56",26.6,0,400,6434600,"B"
"HPG","10:58:54",26.6,0,100,6434200,"B"
"HPG","10:58:52",26.6,0,100,6434100,"B"
"HPG","10:58:50",26.6,0,1300,6434000,"B"
"HPG","10:58:49",26.6,0,100,6432700,"B"
"HPG","10:58:47",26.65,0.05,5000,6432600,"S"
"HPG","10:58:38",26.6,0,400,6427600,"B"
"HPG","10:58:33",26.65,0.05,5300,6427200,"S"
"HPG","10:58:26",26.6,0,100,6421500,"B"
"HPG","10:58:20",26.6,0,1200,6421400,"B"
"HPG","10:58:03",26.6,0,400,6420200,"B"
"HPG","10:57:55",26.6,0,800,6419800,"B"
"HPG","10:57:49",26.6,0,1200,6419000,"B"
"HPG","10:57:40",26.65,0.05,100,6417800,"S"
"HPG","10:57:35",26.65,0.05,500,6417700,"S"
"HPG","10:57:33",26.65,0.05,5300,6417200,"S"
