"symbol","time","price","change","vol","total","side"
"MWG","14:45:00",40.65,1.05,467700,5738900,
"MWG","14:29:54",40.75,1.15,700,5271200,"S"
"MWG","14:29:53",40.55,0.95,500,5270500,"B"
"MWG","14:29:51",40.55,0.95,4000,5270000,"B"
"MWG","14:29:51",40.6,1,31000,5266000,"B"
"MWG","14:29:51",40.7,1.1,6000,5235000,"B"
"MWG","14:29:48",40.75,1.15,700,5229000,"B"
"MWG","14:29:47",40.75,1.15,500,5228300,"B"
"MWG","14:29:44",40.75,1.15,3000,5227800,"B"
"MWG","14:29:40",40.75,1.15,1900,5224800,"S"
"MWG","14:29:39",40.6,1,900,5222900,"B"
"MWG","14:29:39",40.65,1.05,1000,5222000,"B"
"MWG","14:29:39",40.7,1.1,2200,5221000,"B"
"MWG","14:29:36",40.75,1.15,500,5218800,"S"
"MWG","14:29:34",40.7,1.1,100,5218300,"B"
"MWG","14:29:30",40.75,1.15,3200,5218200,"B"
"MWG","14:29:26",40.75,1.15,100,5215000,"B"
"MWG","14:29:23",40.75,1.15,200,5214900,"B"
"MWG","14:29:20",40.8,1.2,200,5214700,"S"
"MWG","14:29:20",40.8,1.2,6100,5214500,"S"
"MWG","14:29:14",40.8,1.2,100,5208400,"S"
"MWG","14:29:10",40.8,1.2,100,5208300,"S"
"MWG","14:29:09",40.8,1.2,2700,5208200,"B"
"MWG","14:29:06",40.8,1.2,100,5205500,"B"
"MWG","14:29:04",40.9,1.3,1200,5205400,"S"
"MWG","14:29:04",40.85,1.25,12200,5204200,"S"
"MWG","14:29:04",40.8,1.2,4100,5192000,"B"
"MWG","14:29:01",40.8,1.2,8200,5187900,"B"
"MWG","14:29:00",40.85,1.25,1900,5179700,"S"
"MWG","14:28:58",40.85,1.25,900,5177800,"B"
"MWG","14:28:57",40.85,1.25,100,5176900,"S"
"MWG","14:28:54",40.8,1.2,19000,5176800,"B"
"MWG","14:28:54",40.85,1.25,1500,5157800,"B"
"MWG","14:28:51",40.85,1.25,300,5156300,"B"
"MWG","14:28:51",40.9,1.3,1900,5156000,"S"
"MWG","14:28:50",40.9,1.3,2500,5154100,"S"
"MWG","14:28:48",40.85,1.25,200,5151600,"S"
"MWG","14:28:45",40.8,1.2,41000,5151400,"B"
"MWG","14:28:43",40.9,1.3,2000,5110400,"S"
"MWG","14:28:42",40.8,1.2,900,5108400,"B"
"MWG","14:28:41",40.9,1.3,2500,5107400,"S"
"MWG","14:28:40",40.85,1.25,100,5104900,"B"
"MWG","14:28:40",40.9,1.3,3000,5104800,"S"
"MWG","14:28:39",40.9,1.3,600,5101800,"S"
"MWG","14:28:36",40.85,1.25,100,5101200,"B"
"MWG","14:28:34",40.85,1.25,1600,5101100,"S"
"MWG","14:28:34",40.8,1.2,100,5099500,"B"
"MWG","14:28:33",40.8,1.2,10000,5099400,"B"
"MWG","14:28:32",40.8,1.2,100,5089400,"B"
"MWG","14:28:31",40.8,1.2,20900,5089300,"S"
"MWG","14:28:31",40.75,1.15,100,5068400,"B"
"MWG","14:28:28",40.8,1.2,100,5068300,"S"
"MWG","14:28:27",40.8,1.2,1900,5068200,"S"
"MWG","14:28:26",40.8,1.2,100,5066300,"S"
"MWG","14:28:25",40.75,1.15,300,5066200,"B"
"MWG","14:28:25",40.8,1.2,1500,5065900,"B"
"MWG","14:28:24",40.8,1.2,100,5064400,"B"
"MWG","14:28:22",40.8,1.2,500,5064300,"B"
"MWG","14:28:21",40.8,1.2,200,5063800,"B"
"MWG","14:28:20",40.8,1.2,7900,5063600,"S"
"MWG","14:28:18",40.75,1.15,8700,5055700,"B"
"MWG","14:28:14",40.8,1.2,1900,5047000,"S"
"MWG","14:28:13",40.8,1.2,300,5045100,"S"
"MWG","14:28:11",40.8,1.2,100,5044800,"S"
"MWG","14:28:10",40.8,1.2,1900,5044700,"S"
"MWG","14:28:08",40.75,1.15,4100,5042800,"B"
"MWG","14:28:06",40.75,1.15,4100,5038700,"B"
"MWG","14:28:04",40.75,1.15,500,5034600,"B"
"MWG","14:28:00",40.8,1.2,100,5034100,"S"
"MWG","14:27:56",40.75,1.15,1000,5034000,"B"
"MWG","14:27:54",40.75,1.15,2100,5031000,"S"
"MWG","14:27:50",40.75,1.15,1000,5028900,"S"
"MWG","14:27:49",40.7,1.1,100,5018900,"S"
"MWG","14:27:48",40.65,1.05,200,5018800,"B"
"MWG","14:27:43",40.7,1.1,1000,5018600,"S"
"MWG","14:27:41",40.7,1.1,300,5017600,"S"
"MWG","14:27:41",40.65,1.05,1600,5017300,"S"
"MWG","14:27:36",40.65,1.05,100,5015700,"S"
"MWG","14:27:36",40.6,1,100,5015600,"B"
"MWG","14:27:34",40.65,1.05,1900,5015500,"S"
"MWG","14:27:27",40.65,1.05,1900,5013600,"S"
"MWG","14:27:26",40.65,1.05,1600,5011700,"S"
"MWG","14:27:26",40.6,1,100,5010100,"B"
"MWG","14:27:22",40.65,1.05,1000,5010000,"S"
"MWG","14:27:21",40.65,1.05,500,5009000,"S"
"MWG","14:27:19",40.65,1.05,1900,5008500,"S"
"MWG","14:27:16",40.6,1,100,5006600,"B"
"MWG","14:27:15",40.65,1.05,1900,5006500,"S"
"MWG","14:27:12",40.65,1.05,12400,5004600,"S"
"MWG","14:27:12",40.6,1,500,4992200,"B"
"MWG","14:27:11",40.6,1,100,4991700,"B"
"MWG","14:27:11",40.65,1.05,1900,4991600,"S"
"MWG","14:27:09",40.6,1,500,4989700,"B"
"MWG","14:27:08",40.6,1,100,4989200,"B"
"MWG","14:27:08",40.6,1,400,4989100,"S"
"MWG","14:27:07",40.6,1,300,4988700,"S"
"MWG","14:27:06",40.6,1,100,4988400,"S"
"MWG","14:27:04",40.6,1,2000,4988300,"S"
"MWG","14:27:04",40.6,1,200,4986300,"S"
"MWG","14:27:02",40.55,0.95,100,4986100,"B"
"MWG","14:27:01",40.65,1.05,1900,4986000,"S"
"MWG","14:26:58",40.55,0.95,400,4984100,"B"
"MWG","14:26:58",40.6,1,300,4983700,"B"
"MWG","14:26:57",40.55,0.95,100,4983400,"B"
"MWG","14:26:55",40.65,1.05,1900,4983300,"S"
"MWG","14:26:51",40.55,0.95,100,4981400,"B"
"MWG","14:26:49",40.55,0.95,3300,4981300,"B"
"MWG","14:26:49",40.6,1,3900,4978000,"S"
"MWG","14:26:47",40.6,1,10000,4974100,"S"
"MWG","14:26:44",40.55,0.95,200,4964100,"B"
"MWG","14:26:44",40.6,1,1900,4963900,"S"
"MWG","14:26:43",40.55,0.95,500,4962000,"B"
"MWG","14:26:37",40.55,0.95,200,4961500,"B"
"MWG","14:26:36",40.6,1,1000,4961300,"S"
"MWG","14:26:33",40.55,0.95,100,4960300,"B"
"MWG","14:26:30",40.6,1,1900,4960200,"S"
"MWG","14:26:28",40.6,1,100,4958300,"S"
"MWG","14:26:27",40.6,1,300,4958200,"S"
"MWG","14:26:25",40.6,1,1100,4957900,"S"
"MWG","14:26:21",40.6,1,600,4956800,"S"
"MWG","14:26:20",40.6,1,3500,4956200,"S"
"MWG","14:26:18",40.6,1,6000,4952700,"S"
"MWG","14:26:18",40.55,0.95,100,4946700,"B"
"MWG","14:26:18",40.6,1,100,4946600,"S"
"MWG","14:26:16",40.6,1,3800,4946500,"S"
"MWG","14:26:14",40.6,1,3000,4942700,"S"
"MWG","14:26:10",40.6,1,1900,4939700,"S"
"MWG","14:26:09",40.55,0.95,300,4937800,"B"
"MWG","14:26:07",40.55,0.95,100,4937500,"B"
"MWG","14:26:06",40.6,1,1000,4937400,"S"
"MWG","14:26:01",40.55,0.95,1500,4936400,"S"
"MWG","14:26:00",40.55,0.95,1900,4934900,"S"
"MWG","14:25:59",40.55,0.95,6600,4933000,"B"
"MWG","14:25:54",40.55,0.95,1500,4926400,"B"
"MWG","14:25:50",40.6,1,3500,4924900,"S"
"MWG","14:25:49",40.55,0.95,400,4921400,"B"
"MWG","14:25:47",40.6,1,100,4921000,"S"
"MWG","14:25:47",40.55,0.95,200,4920900,"B"
"MWG","14:25:45",40.55,0.95,100,4920700,"B"
"MWG","14:25:44",40.6,1,5700,4920600,"S"
"MWG","14:25:43",40.55,0.95,100,4914900,"B"
"MWG","14:25:41",40.55,0.95,100,4914800,"B"
"MWG","14:25:39",40.6,1,1900,4914700,"S"
"MWG","14:25:33",40.5,0.9,100,4912800,"B"
"MWG","14:25:33",40.6,1,1400,4912700,"S"
"MWG","14:25:33",40.55,0.95,500,4911300,"S"
"MWG","14:25:32",40.5,0.9,9000,4910800,"S"
"MWG","14:25:31",40.5,0.9,2500,4901800,"B"
"MWG","14:25:28",40.6,1,1900,4898800,"S"
"MWG","14:25:27",40.5,0.9,500,4896900,"S"
"MWG","14:25:26",40.5,0.9,1000,4896400,"S"
"MWG","14:25:24",40.5,0.9,500,4895400,"B"
"MWG","14:25:23",40.6,1,700,4894900,"S"
"MWG","14:25:23",40.55,0.95,1200,4894200,"S"
"MWG","14:25:23",40.55,0.95,17200,4893000,"S"
"MWG","14:25:23",40.5,0.9,16800,4875800,"S"
"MWG","14:25:22",40.45,0.85,100,4859000,"B"
"MWG","14:25:22",40.5,0.9,400,4858900,"S"
"MWG","14:25:20",40.5,0.9,5000,4858500,"S"
"MWG","14:25:18",40.5,0.9,1900,4853500,"S"
"MWG","14:25:16",40.5,0.9,3000,4851600,"S"
"MWG","14:25:12",40.5,0.9,2100,4848600,"S"
"MWG","14:25:11",40.45,0.85,300,4846500,"B"
"MWG","14:25:05",40.45,0.85,100,4846200,"B"
"MWG","14:25:02",40.5,0.9,2000,4846100,"S"
"MWG","14:25:01",40.5,0.9,24800,4844100,"B"
"MWG","14:24:58",40.55,0.95,100,4819300,"S"
"MWG","14:24:56",40.5,0.9,300,4819200,"B"
"MWG","14:24:55",40.5,0.9,600,4818900,"B"
"MWG","14:24:55",40.55,0.95,1900,4818300,"S"
"MWG","14:24:52",40.5,0.9,2000,4816400,"B"
"MWG","14:24:48",40.5,0.9,1000,4814400,"B"
"MWG","14:24:47",40.5,0.9,800,4813400,"B"
"MWG","14:24:46",40.5,0.9,200,4812600,"B"
"MWG","14:24:45",40.55,0.95,1900,4812400,"S"
"MWG","14:24:44",40.5,0.9,100,4810500,"B"
"MWG","14:24:42",40.5,0.9,100,4810400,"B"
"MWG","14:24:41",40.5,0.9,1100,4810300,"B"
"MWG","14:24:40",40.5,0.9,100,4809200,"B"
"MWG","14:24:40",40.55,0.95,300,4809100,"S"
"MWG","14:24:40",40.5,0.9,500,4808800,"B"
"MWG","14:24:40",40.55,0.95,1900,4808300,"S"
"MWG","14:24:39",40.55,0.95,100,4806400,"S"
"MWG","14:24:38",40.5,0.9,7900,4806300,"S"
"MWG","14:24:37",40.5,0.9,1200,4798400,"S"
"MWG","14:24:36",40.5,0.9,1400,4797200,"S"
"MWG","14:24:36",40.45,0.85,4600,4795800,"B"
"MWG","14:24:34",40.5,0.9,600,4791200,"S"
"MWG","14:24:33",40.5,0.9,1900,4790600,"S"
"MWG","14:24:32",40.4,0.8,100,4788700,"B"
"MWG","14:24:31",40.45,0.85,1000,4788600,"B"
"MWG","14:24:29",40.45,0.85,300,4787600,"B"
"MWG","14:24:27",40.5,0.9,1700,4787300,"S"
"MWG","14:24:27",40.5,0.9,300,4785600,"S"
"MWG","14:24:26",40.45,0.85,200,4785300,"B"
"MWG","14:24:23",40.45,0.85,100,4785100,"B"
"MWG","14:24:23",40.45,0.85,7600,4785000,"B"
"MWG","14:24:23",40.55,0.95,3000,4774000,"S"
"MWG","14:24:23",40.5,0.9,2500,4771000,"B"
"MWG","14:24:22",40.5,0.9,5900,4768500,"B"
"MWG","14:24:22",40.55,0.95,2000,4762600,"S"
"MWG","14:24:21",40.55,0.95,200,4760600,"S"
"MWG","14:24:21",40.5,0.9,100,4760400,"B"
"MWG","14:24:21",40.55,0.95,1900,4760300,"S"
"MWG","14:24:20",40.5,0.9,100,4758400,"B"
"MWG","14:24:16",40.5,0.9,2500,4758300,"B"
"MWG","14:24:16",40.5,0.9,100,4755800,"B"
"MWG","14:24:15",40.5,0.9,200,4755700,"B"
"MWG","14:24:12",40.5,0.9,100,4755500,"B"
"MWG","14:24:10",40.5,0.9,100,4755400,"B"
"MWG","14:24:10",40.5,0.9,6200,4755300,"S"
"MWG","14:24:10",40.45,0.85,500,4749100,"B"
"MWG","14:24:09",40.5,0.9,3800,4748600,"S"
"MWG","14:24:07",40.45,0.85,8700,4744800,"S"
"MWG","14:24:05",40.45,0.85,1000,4736100,"S"
"MWG","14:24:04",40.4,0.8,100,4735100,"B"
"MWG","14:24:03",40.45,0.85,3800,4735000,"S"
"MWG","14:24:00",40.4,0.8,100,4731200,"B"
"MWG","14:23:56",40.5,0.9,3800,4731100,"S"
"MWG","14:23:55",40.35,0.75,1000,4727300,"B"
"MWG","14:23:54",40.35,0.75,100,4726300,"B"
"MWG","14:23:53",40.5,0.9,18000,4726200,"S"
"MWG","14:23:50",40.45,0.85,2000,4708200,"B"
"MWG","14:23:50",40.5,0.9,200,4706200,"S"
"MWG","14:23:49",40.5,0.9,2100,4706000,"S"
"MWG","14:23:49",40.45,0.85,500,4703900,"S"
"MWG","14:23:49",40.4,0.8,1400,4703400,"S"
"MWG","14:23:48",40.4,0.8,4600,4702000,"B"
"MWG","14:23:48",40.45,0.85,200,4697400,"S"
"MWG","14:23:48",40.5,0.9,200,4697200,"S"
"MWG","14:23:47",40.5,0.9,200,4697000,"S"
"MWG","14:23:47",40.45,0.85,1300,4696800,"S"
"MWG","14:23:47",40.4,0.8,600,4695500,"B"
"MWG","14:23:46",40.4,0.8,100,4694900,"B"
"MWG","14:23:44",40.45,0.85,6000,4694800,"S"
"MWG","14:23:42",40.45,0.85,3800,4688800,"S"
"MWG","14:23:42",40.4,0.8,1500,4685000,"B"
"MWG","14:23:42",40.45,0.85,200,4683500,"S"
"MWG","14:23:42",40.4,0.8,100,4683300,"B"
"MWG","14:23:41",40.4,0.8,3100,4683200,"S"
"MWG","14:23:41",40.4,0.8,1100,4680100,"S"
"MWG","14:23:39",40.45,0.85,600,4679000,"S"
"MWG","14:23:39",40.4,0.8,2700,4678400,"S"
"MWG","14:23:38",40.4,0.8,300,4675700,"S"
"MWG","14:23:37",40.45,0.85,1000,4675400,"S"
"MWG","14:23:36",40.45,0.85,3800,4674400,"S"
"MWG","14:23:35",40.4,0.8,1000,4670600,"S"
"MWG","14:23:34",40.35,0.75,100,4669600,"B"
"MWG","14:23:33",40.45,0.85,5400,4669500,"S"
"MWG","14:23:33",40.4,0.8,2600,4664100,"S"
"MWG","14:23:32",40.4,0.8,10000,4661500,"S"
"MWG","14:23:31",40.35,0.75,100,4651500,"B"
"MWG","14:23:30",40.35,0.75,1600,4651400,"B"
"MWG","14:23:29",40.4,0.8,100,4649800,"S"
"MWG","14:23:29",40.35,0.75,2500,4649700,"B"
"MWG","14:23:28",40.35,0.75,300,4647200,"B"
"MWG","14:23:28",40.45,0.85,1900,4646900,"S"
"MWG","14:23:28",40.4,0.8,1900,4645000,"S"
"MWG","14:23:27",40.4,0.8,1000,4643100,"S"
"MWG","14:23:25",40.35,0.75,1100,4642100,"B"
"MWG","14:23:22",40.35,0.75,1000,4641000,"B"
"MWG","14:23:17",40.4,0.8,3800,4640000,"S"
"MWG","14:23:16",40.4,0.8,6100,4636200,"B"
"MWG","14:23:14",40.45,0.85,3000,4630100,"S"
"MWG","14:23:13",40.45,0.85,200,4627100,"S"
"MWG","14:23:12",40.45,0.85,1000,4626900,"S"
"MWG","14:23:08",40.45,0.85,1900,4625900,"S"
"MWG","14:23:06",40.45,0.85,1000,4624000,"B"
"MWG","14:23:06",40.5,0.9,12500,4623000,"B"
"MWG","14:23:05",40.5,0.9,200,4610500,"B"
"MWG","14:23:04",40.5,0.9,200,4610300,"B"
"MWG","14:23:03",40.55,0.95,1000,4610100,"S"
"MWG","14:23:01",40.5,0.9,1600,4609100,"B"
"MWG","14:22:59",40.55,0.95,2000,4607500,"S"
"MWG","14:22:57",40.55,0.95,9000,4605500,"S"
"MWG","14:22:55",40.5,0.9,400,4596500,"B"
"MWG","14:22:54",40.5,0.9,15100,4596100,"B"
"MWG","14:22:53",40.55,0.95,5200,4570200,"S"
"MWG","14:22:53",40.5,0.9,300,4565000,"B"
"MWG","14:22:53",40.55,0.95,4000,4564700,"S"
"MWG","14:22:53",40.5,0.9,5000,4560700,"B"
"MWG","14:22:53",40.5,0.9,1000,4555700,"B"
"MWG","14:22:53",40.55,0.95,500,4554700,"S"
"MWG","14:22:51",40.5,0.9,3100,4554200,"B"
"MWG","14:22:50",40.55,0.95,5000,4551100,"S"
"MWG","14:22:49",40.55,0.95,1000,4546100,"S"
"MWG","14:22:49",40.5,0.9,300,4545100,"B"
"MWG","14:22:48",40.5,0.9,20000,4544800,"B"
"MWG","14:22:48",40.55,0.95,16000,4524800,"S"
"MWG","14:22:48",40.5,0.9,100,4508800,"B"
"MWG","14:22:46",40.5,0.9,5700,4508700,"B"
"MWG","14:22:46",40.55,0.95,10000,4503000,"S"
"MWG","14:22:45",40.5,0.9,100,4493000,"B"
"MWG","14:22:44",40.5,0.9,11000,4492900,"B"
"MWG","14:22:43",40.5,0.9,25600,4481900,"S"
"MWG","14:22:43",40.45,0.85,2800,4456300,"S"
"MWG","14:22:42",40.45,0.85,5000,4453500,"S"
"MWG","14:22:40",40.35,0.75,100,4448500,"B"
"MWG","14:22:38",40.45,0.85,1300,4448400,"S"
"MWG","14:22:38",40.35,0.75,100,4447100,"B"
"MWG","14:22:38",40.35,0.75,1000,4447000,"B"
"MWG","14:22:35",40.45,0.85,100,4445800,"S"
"MWG","14:22:35",40.35,0.75,2000,4445700,"B"
"MWG","14:22:34",40.45,0.85,500,4443700,"S"
"MWG","14:22:34",40.4,0.8,3300,4443200,"S"
"MWG","14:22:33",40.4,0.8,500,4439900,"S"
"MWG","14:22:33",40.35,0.75,300,4439400,"S"
"MWG","14:22:33",40.3,0.7,500,4439100,"B"
"MWG","14:22:32",40.3,0.7,500,4438600,"B"
"MWG","14:22:31",40.3,0.7,100,4438100,"B"
"MWG","14:22:30",40.3,0.7,3100,4438000,"S"
"MWG","14:22:29",40.3,0.7,20000,4434900,"S"
"MWG","14:22:28",40.3,0.7,3800,4414900,"S"
"MWG","14:22:25",40.3,0.7,400,4411100,"S"
"MWG","14:22:24",40.25,0.65,100,4410700,"B"
"MWG","14:22:23",40.25,0.65,4100,4410600,"S"
"MWG","14:22:19",40.2,0.6,6600,4406500,"S"
"MWG","14:22:18",40.2,0.6,900,4399900,"S"
"MWG","14:22:18",40.15,0.55,2100,4399000,"B"
"MWG","14:22:17",40.2,0.6,2000,4396900,"S"
"MWG","14:22:15",40.2,0.6,7000,4394900,"S"
"MWG","14:22:14",40.2,0.6,500,4387900,"S"
"MWG","14:22:13",40.2,0.6,1400,4387400,"S"
"MWG","14:22:11",40.2,0.6,500,4386000,"S"
"MWG","14:22:09",40.2,0.6,25000,4385500,"S"
"MWG","14:22:08",40.2,0.6,7000,4360500,"S"
"MWG","14:22:07",40.2,0.6,1900,4353500,"S"
"MWG","14:22:05",40.15,0.55,100,4351600,"B"
"MWG","14:22:04",40.15,0.55,5000,4351500,"S"
"MWG","14:22:02",40.1,0.5,2800,4346500,"S"
"MWG","14:22:01",40.05,0.45,100,4343700,"B"
"MWG","14:22:01",40.1,0.5,1900,4343600,"S"
"MWG","14:21:58",40.05,0.45,400,4339700,"S"
"MWG","14:21:53",40.05,0.45,1900,4339300,"S"
"MWG","14:21:50",40,0.4,63200,4337400,"S"
"MWG","14:21:48",40,0.4,500,4274200,"S"
"MWG","14:21:47",40,0.4,1900,4273700,"S"
"MWG","14:21:46",40,0.4,200,4271800,"S"
"MWG","14:21:46",39.9,0.3,100,4271600,"B"
"MWG","14:21:43",40,0.4,6600,4271500,"S"
"MWG","14:21:43",39.95,0.35,18400,4264900,"S"
"MWG","14:21:42",39.95,0.35,5000,4246500,"S"
"MWG","14:21:41",39.9,0.3,1900,4241500,"S"
"MWG","14:21:39",39.9,0.3,14900,4239600,"S"
"MWG","14:21:35",39.85,0.25,1300,4224700,"S"
"MWG","14:21:34",39.85,0.25,2700,4223400,"S"
"MWG","14:21:33",39.85,0.25,3900,4220700,"S"
"MWG","14:21:31",39.85,0.25,200,4216800,"S"
"MWG","14:21:28",39.85,0.25,3000,4216600,"S"
"MWG","14:21:26",39.85,0.25,1000,4213600,"S"
"MWG","14:21:22",39.85,0.25,1900,4212600,"S"
"MWG","14:21:21",39.8,0.2,100,4210700,"B"
"MWG","14:21:20",39.8,0.2,7200,4210600,"S"
"MWG","14:21:18",39.8,0.2,200,4203400,"S"
"MWG","14:21:15",39.8,0.2,1900,4203200,"S"
"MWG","14:21:10",39.75,0.15,7300,4201300,"S"
"MWG","14:21:04",39.75,0.15,1900,4194000,"S"
"MWG","14:20:58",39.7,0.1,3600,4192100,"S"
"MWG","14:20:56",39.7,0.1,1900,4188500,"S"
"MWG","14:20:52",39.7,0.1,100,4186600,"S"
"MWG","14:20:50",39.7,0.1,2000,4186500,"S"
"MWG","14:20:50",39.65,0.05,4100,4184500,"B"
"MWG","14:20:49",39.65,0.05,600,4180400,"B"
"MWG","14:20:49",39.65,0.05,3500,4179800,"B"
"MWG","14:20:48",39.7,0.1,16000,4176300,"S"
"MWG","14:20:45",39.7,0.1,1900,4160300,"S"
"MWG","14:20:43",39.65,0.05,500,4158400,"B"
"MWG","14:20:43",39.65,0.05,20100,4157900,"S"
"MWG","14:20:41",39.65,0.05,4900,4137800,"S"
"MWG","14:20:41",39.65,0.05,2500,4132900,"S"
"MWG","14:20:39",39.65,0.05,12200,4130400,"S"
"MWG","14:20:37",39.65,0.05,1900,4118200,"S"
"MWG","14:20:29",39.6,0,100,4116300,"B"
"MWG","14:20:28",39.6,0,300,4116200,"B"
"MWG","14:20:28",39.65,0.05,1900,4115900,"S"
"MWG","14:20:19",39.6,0,100,4114000,"B"
"MWG","14:20:14",39.65,0.05,1900,4113900,"S"
"MWG","14:20:07",39.65,0.05,1900,4112000,"S"
"MWG","14:20:07",39.6,0,900,4110100,"B"
"MWG","14:20:06",39.6,0,100,4109200,"B"
"MWG","14:20:01",39.65,0.05,900,4109100,"S"
"MWG","14:20:00",39.65,0.05,1900,4108200,"S"
"MWG","14:19:53",39.65,0.05,1900,4106300,"S"
"MWG","14:19:50",39.6,0,6600,4104400,"S"
"MWG","14:19:47",39.6,0,1900,4097800,"S"
"MWG","14:19:37",39.6,0,500,4095900,"S"
"MWG","14:19:33",39.5,-0.1,17500,4095400,"B"
"MWG","14:19:33",39.55,-0.05,2500,4077900,"B"
"MWG","14:19:31",39.6,0,1900,4075400,"S"
"MWG","14:19:28",39.5,-0.1,13200,4073500,"B"
"MWG","14:19:28",39.55,-0.05,10000,4060300,"S"
"MWG","14:19:28",39.55,-0.05,6900,4050300,"B"
"MWG","14:19:27",39.6,0,2500,4043400,"S"
"MWG","14:19:19",39.6,0,900,4040900,"S"
"MWG","14:19:18",39.55,-0.05,300,4040000,"B"
"MWG","14:19:12",39.6,0,300,4039700,"S"
"MWG","14:19:10",39.6,0,1900,4039400,"S"
"MWG","14:19:09",39.55,-0.05,600,4037500,"B"
"MWG","14:19:09",39.55,-0.05,7600,4036900,"B"
"MWG","14:19:06",39.55,-0.05,1900,4029300,"B"
"MWG","14:19:00",39.6,0,2100,4027400,"S"
"MWG","14:18:56",39.55,-0.05,1200,4025300,"B"
"MWG","14:18:48",39.6,0,1900,4024100,"S"
"MWG","14:18:46",39.55,-0.05,1500,4022200,"S"
"MWG","14:18:45",39.55,-0.05,2000,4020700,"S"
"MWG","14:18:38",39.5,-0.1,100,4018700,"B"
"MWG","14:18:36",39.55,-0.05,1900,4018600,"S"
"MWG","14:18:34",39.5,-0.1,1000,4016700,"B"
"MWG","14:18:29",39.5,-0.1,500,4015700,"B"
"MWG","14:18:22",39.5,-0.1,600,4015200,"B"
"MWG","14:18:17",39.5,-0.1,2000,4014600,"B"
"MWG","14:18:13",39.5,-0.1,500,4012600,"B"
"MWG","14:18:11",39.55,-0.05,2000,4012100,"S"
"MWG","14:18:07",39.55,-0.05,1900,4010100,"S"
"MWG","14:17:57",39.5,-0.1,3000,4008200,"B"
"MWG","14:17:55",39.55,-0.05,300,4005200,"S"
"MWG","14:17:54",39.55,-0.05,1000,4004900,"S"
"MWG","14:17:53",39.5,-0.1,3500,4003900,"B"
"MWG","14:17:49",39.5,-0.1,100,4000400,"B"
"MWG","14:17:38",39.5,-0.1,2000,4000300,"B"
"MWG","14:17:35",39.5,-0.1,14000,3998300,"B"
"MWG","14:17:34",39.55,-0.05,8100,3984300,"B"
"MWG","14:17:00",39.55,-0.05,100,3976200,"B"
"MWG","14:16:59",39.55,-0.05,18400,3976100,"S"
"MWG","14:16:57",39.5,-0.1,6800,3957700,"B"
"MWG","14:16:49",39.55,-0.05,300,3950900,"S"
"MWG","14:16:45",39.5,-0.1,5000,3950600,"B"
"MWG","14:16:45",39.5,-0.1,100,3945600,"B"
"MWG","14:16:41",39.5,-0.1,2000,3945500,"B"
"MWG","14:16:24",39.5,-0.1,5000,3943500,"B"
"MWG","14:16:21",39.5,-0.1,1200,3938500,"B"
"MWG","14:16:17",39.55,-0.05,100,3937300,"S"
"MWG","14:16:12",39.5,-0.1,100,3937200,"B"
"MWG","14:16:10",39.5,-0.1,500,3937100,"B"
"MWG","14:16:04",39.5,-0.1,4000,3936600,"B"
"MWG","14:16:01",39.5,-0.1,100,3932600,"B"
"MWG","14:15:49",39.5,-0.1,1500,3932500,"B"
"MWG","14:15:43",39.5,-0.1,2300,3931000,"S"
"MWG","14:15:40",39.5,-0.1,300,3928700,"S"
"MWG","14:15:38",39.5,-0.1,10000,3928400,"S"
"MWG","14:15:38",39.45,-0.15,1500,3918400,"B"
"MWG","14:15:32",39.45,-0.15,300,3916900,"B"
"MWG","14:15:28",39.5,-0.1,5100,3916600,"B"
"MWG","14:15:25",39.5,-0.1,5000,3911500,"B"
"MWG","14:15:24",39.5,-0.1,100,3906500,"B"
"MWG","14:15:09",39.45,-0.15,3800,3906400,"B"
"MWG","14:15:08",39.6,0,1300,3902600,"S"
"MWG","14:15:08",39.55,-0.05,10900,3901300,"S"
"MWG","14:15:06",39.55,-0.05,900,3890400,"S"
"MWG","14:14:53",39.55,-0.05,1200,3889500,"S"
"MWG","14:14:49",39.45,-0.15,27600,3888300,"B"
"MWG","14:14:49",39.5,-0.1,63600,3860700,"B"
"MWG","14:14:40",39.55,-0.05,100,3797100,"S"
"MWG","14:14:39",39.5,-0.1,900,3797000,"B"
"MWG","14:14:37",39.5,-0.1,100,3796100,"B"
"MWG","14:14:30",39.5,-0.1,5700,3796000,"B"
"MWG","14:14:27",39.55,-0.05,100,3790300,"S"
"MWG","14:14:26",39.55,-0.05,2500,3790200,"B"
"MWG","14:14:25",39.55,-0.05,11500,3787700,"B"
"MWG","14:14:21",39.55,-0.05,3400,3776200,"B"
"MWG","14:14:18",39.55,-0.05,3100,3772800,"B"
"MWG","14:14:16",39.55,-0.05,8200,3769700,"B"
"MWG","14:14:15",39.55,-0.05,4100,3761500,"B"
"MWG","14:14:11",39.55,-0.05,100,3757400,"B"
"MWG","14:14:07",39.6,0,500,3757300,"S"
"MWG","14:13:55",39.55,-0.05,500,3756800,"B"
"MWG","14:13:50",39.55,-0.05,100,3756300,"B"
"MWG","14:13:46",39.6,0,8300,3756200,"B"
"MWG","14:13:45",39.6,0,20700,3747900,"B"
"MWG","14:13:42",39.6,0,8200,3727200,"B"
"MWG","14:13:40",39.65,0.05,900,3719000,"S"
"MWG","14:13:36",39.65,0.05,800,3718100,"S"
"MWG","14:13:34",39.65,0.05,1000,3717300,"S"
"MWG","14:13:26",39.65,0.05,4800,3716300,"S"
"MWG","14:13:17",39.65,0.05,100,3711500,"B"
"MWG","14:13:08",39.65,0.05,2000,3711400,"B"
"MWG","14:13:03",39.65,0.05,100,3709400,"B"
"MWG","14:12:52",39.65,0.05,100,3709300,"S"
"MWG","14:12:49",39.65,0.05,4900,3709200,"B"
"MWG","14:12:41",39.65,0.05,5000,3704300,"B"
"MWG","14:12:40",39.65,0.05,15800,3699300,"S"
"MWG","14:12:32",39.65,0.05,500,3683500,"S"
"MWG","14:12:24",39.65,0.05,1400,3683000,"B"
"MWG","14:12:20",39.65,0.05,3000,3681600,"B"
"MWG","14:12:17",39.65,0.05,100,3678600,"B"
"MWG","14:12:15",39.65,0.05,30000,3678500,"B"
"MWG","14:12:06",39.65,0.05,1000,3648500,"B"
"MWG","14:11:58",39.7,0.1,100,3647500,"S"
"MWG","14:11:50",39.7,0.1,900,3647400,"S"
"MWG","14:11:39",39.7,0.1,2700,3646500,"B"
"MWG","14:11:35",39.7,0.1,100,3643800,"B"
"MWG","14:11:34",39.7,0.1,100,3643700,"B"
"MWG","14:11:33",39.7,0.1,1000,3643600,"B"
"MWG","14:11:32",39.7,0.1,2000,3642600,"B"
"MWG","14:11:30",39.7,0.1,100,3640600,"B"
"MWG","14:11:25",39.7,0.1,700,3640500,"B"
"MWG","14:11:23",39.7,0.1,1200,3639800,"B"
"MWG","14:10:54",39.7,0.1,500,3638600,"B"
"MWG","14:10:52",39.75,0.15,900,3638100,"S"
"MWG","14:10:50",39.75,0.15,12200,3637200,"S"
"MWG","14:10:49",39.7,0.1,1000,3625000,"B"
"MWG","14:10:45",39.7,0.1,100,3624000,"B"
"MWG","14:10:41",39.7,0.1,1000,3623900,"B"
"MWG","14:10:34",39.7,0.1,1000,3622900,"B"
"MWG","14:10:24",39.7,0.1,300,3621900,"B"
"MWG","14:10:24",39.75,0.15,1400,3621600,"S"
"MWG","14:10:18",39.7,0.1,2200,3620200,"S"
"MWG","14:10:14",39.7,0.1,6600,3618000,"S"
"MWG","14:10:13",39.7,0.1,500,3611400,"S"
"MWG","14:10:09",39.7,0.1,10900,3610900,"S"
"MWG","14:10:08",39.7,0.1,900,3600000,"S"
"MWG","14:10:04",39.7,0.1,1000,3599100,"S"
"MWG","14:10:03",39.7,0.1,2000,3598100,"S"
"MWG","14:09:59",39.65,0.05,100,3596100,"B"
"MWG","14:09:53",39.7,0.1,500,3596000,"S"
"MWG","14:09:50",39.65,0.05,3000,3595500,"B"
"MWG","14:09:47",39.7,0.1,4000,3592500,"S"
"MWG","14:09:44",39.7,0.1,7000,3588500,"S"
"MWG","14:09:42",39.7,0.1,1000,3581500,"S"
"MWG","14:09:37",39.7,0.1,2900,3580500,"S"
"MWG","14:09:31",39.7,0.1,1000,3577600,"S"
"MWG","14:09:30",39.7,0.1,2000,3576600,"S"
"MWG","14:09:27",39.7,0.1,900,3574600,"S"
"MWG","14:09:22",39.7,0.1,100,3573700,"S"
"MWG","14:09:13",39.65,0.05,100,3573600,"B"
"MWG","14:09:01",39.65,0.05,1300,3573500,"B"
"MWG","14:08:57",39.65,0.05,200,3572200,"B"
"MWG","14:08:54",39.7,0.1,500,3572000,"S"
"MWG","14:08:37",39.65,0.05,200,3571500,"B"
"MWG","14:08:36",39.7,0.1,500,3571300,"S"
"MWG","14:08:28",39.65,0.05,4200,3570800,"B"
"MWG","14:08:27",39.65,0.05,4100,3566600,"B"
"MWG","14:08:13",39.65,0.05,300,3562500,"B"
"MWG","14:08:03",39.65,0.05,4100,3562200,"B"
"MWG","14:08:02",39.65,0.05,4100,3558100,"B"
"MWG","14:07:43",39.65,0.05,100,3554000,"B"
"MWG","14:07:21",39.65,0.05,100,3553900,"B"
"MWG","14:07:15",39.65,0.05,1000,3553800,"B"
"MWG","14:07:14",39.7,0.1,100,3552800,"S"
"MWG","14:06:58",39.65,0.05,100,3552700,"B"
"MWG","14:06:47",39.65,0.05,300,3552600,"B"
"MWG","14:06:41",39.65,0.05,4500,3552300,"B"
"MWG","14:06:13",39.65,0.05,100,3547800,"B"
"MWG","14:06:12",39.65,0.05,500,3547700,"B"
"MWG","14:05:50",39.65,0.05,5000,3547200,"B"
"MWG","14:05:29",39.6,0,100,3542200,"B"
"MWG","14:05:28",39.7,0.1,5600,3542100,"S"
"MWG","14:05:28",39.65,0.05,6600,3536500,"S"
"MWG","14:05:19",39.6,0,300,3529900,"B"
"MWG","14:05:14",39.65,0.05,900,3529600,"S"
"MWG","14:05:06",39.65,0.05,2300,3528700,"B"
"MWG","14:04:54",39.65,0.05,600,3526400,"B"
"MWG","14:04:46",39.65,0.05,500,3525800,"B"
"MWG","14:04:45",39.65,0.05,100,3525300,"B"
"MWG","14:04:43",39.65,0.05,100,3525200,"B"
"MWG","14:04:36",39.65,0.05,4100,3525100,"B"
"MWG","14:04:27",39.65,0.05,8200,3521000,"B"
"MWG","14:04:25",39.65,0.05,300,3512800,"B"
"MWG","14:04:00",39.65,0.05,100,3512500,"B"
"MWG","14:03:51",39.7,0.1,3500,3512400,"S"
"MWG","14:03:38",39.65,0.05,500,3508900,"B"
"MWG","14:03:17",39.65,0.05,100,3508400,"B"
"MWG","14:03:09",39.7,0.1,900,3508300,"S"
"MWG","14:02:58",39.7,0.1,200,3507400,"S"
"MWG","14:02:41",39.7,0.1,500,3507200,"S"
"MWG","14:02:32",39.65,0.05,100,3506700,"B"
"MWG","14:02:27",39.65,0.05,1300,3506600,"S"
"MWG","14:02:25",39.65,0.05,5900,3505300,"S"
"MWG","14:02:23",39.65,0.05,3000,3499400,"S"
"MWG","14:02:23",39.65,0.05,400,3496400,"S"
"MWG","14:02:21",39.65,0.05,1000,3496000,"S"
"MWG","14:02:14",39.65,0.05,300,3495000,"S"
"MWG","14:02:09",39.65,0.05,1000,3494700,"S"
"MWG","14:02:07",39.65,0.05,500,3493700,"S"
"MWG","14:02:05",39.65,0.05,100,3493200,"S"
"MWG","14:02:03",39.65,0.05,100,3493100,"S"
"MWG","14:01:53",39.65,0.05,500,3493000,"S"
"MWG","14:01:49",39.6,0,100,3492500,"B"
"MWG","14:01:47",39.65,0.05,500,3492400,"S"
"MWG","14:01:43",39.65,0.05,900,3491900,"S"
"MWG","14:01:41",39.65,0.05,3200,3491000,"S"
"MWG","14:01:09",39.65,0.05,300,3487800,"S"
"MWG","14:01:05",39.6,0,100,3487500,"B"
"MWG","14:01:00",39.6,0,500,3487400,"S"
"MWG","14:00:55",39.6,0,5000,3486900,"S"
"MWG","14:00:54",39.6,0,100,3481900,"S"
"MWG","14:00:50",39.6,0,15000,3481800,"S"
"MWG","14:00:49",39.55,-0.05,4100,3466800,"B"
"MWG","14:00:49",39.55,-0.05,4100,3462700,"B"
"MWG","14:00:45",39.6,0,17200,3458600,"S"
"MWG","14:00:36",39.6,0,3800,3441400,"S"
"MWG","14:00:22",39.55,-0.05,100,3437600,"B"
"MWG","14:00:19",39.55,-0.05,100,3437500,"B"
"MWG","14:00:18",39.55,-0.05,1300,3437400,"S"
"MWG","14:00:17",39.55,-0.05,500,3436100,"S"
"MWG","14:00:15",39.55,-0.05,500,3435600,"S"
"MWG","14:00:06",39.55,-0.05,800,3435100,"S"
"MWG","14:00:01",39.55,-0.05,500,3434300,"S"
"MWG","13:59:57",39.55,-0.05,12200,3433800,"S"
"MWG","13:59:49",39.5,-0.1,5000,3421600,"B"
"MWG","13:59:40",39.5,-0.1,1200,3416600,"B"
"MWG","13:59:39",39.5,-0.1,100,3415400,"B"
"MWG","13:59:38",39.55,-0.05,3000,3415300,"S"
"MWG","13:58:55",39.5,-0.1,100,3412300,"B"
"MWG","13:58:53",39.55,-0.05,900,3412200,"S"
"MWG","13:58:46",39.55,-0.05,100,3411300,"S"
"MWG","13:58:37",39.55,-0.05,54700,3411200,"B"
"MWG","13:58:12",39.55,-0.05,100,3356500,"B"
"MWG","13:57:55",39.55,-0.05,1500,3356400,"B"
"MWG","13:57:30",39.55,-0.05,100,3354900,"B"
"MWG","13:57:27",39.55,-0.05,1000,3354800,"B"
"MWG","13:57:22",39.55,-0.05,4000,3353800,"B"
"MWG","13:57:09",39.55,-0.05,2300,3349800,"B"
"MWG","13:56:54",39.55,-0.05,100,3347500,"B"
"MWG","13:56:47",39.55,-0.05,100,3347400,"B"
"MWG","13:56:24",39.55,-0.05,200,3347300,"B"
"MWG","13:56:11",39.55,-0.05,300,3347100,"B"
"MWG","13:56:09",39.55,-0.05,4100,3346800,"B"
"MWG","13:56:08",39.55,-0.05,4100,3342700,"B"
"MWG","13:56:04",39.55,-0.05,100,3338600,"B"
"MWG","13:55:58",39.55,-0.05,2400,3338500,"B"
"MWG","13:55:22",39.55,-0.05,100,3336100,"B"
"MWG","13:55:20",39.55,-0.05,700,3336000,"B"
"MWG","13:55:14",39.6,0,200,3335300,"S"
"MWG","13:55:01",39.55,-0.05,500,3335100,"B"
"MWG","13:55:00",39.6,0,1600,3334600,"S"
"MWG","13:54:58",39.6,0,1400,3333000,"S"
"MWG","13:54:52",39.55,-0.05,25000,3331600,"B"
"MWG","13:54:39",39.55,-0.05,100,3306600,"B"
"MWG","13:54:34",39.55,-0.05,2500,3306500,"B"
"MWG","13:54:32",39.6,0,5000,3304000,"S"
"MWG","13:54:18",39.55,-0.05,500,3299000,"B"
"MWG","13:54:16",39.55,-0.05,5000,3298500,"B"
"MWG","13:53:58",39.55,-0.05,100,3293500,"B"
"MWG","13:53:57",39.55,-0.05,100,3293400,"B"
"MWG","13:53:40",39.55,-0.05,500,3293300,"B"
"MWG","13:53:36",39.6,0,10000,3292800,"S"
"MWG","13:53:15",39.55,-0.05,100,3282800,"B"
"MWG","13:52:38",39.55,-0.05,2000,3282700,"B"
"MWG","13:52:36",39.6,0,200,3280700,"S"
"MWG","13:52:33",39.55,-0.05,100,3280500,"B"
"MWG","13:52:16",39.6,0,100,3280400,"S"
"MWG","13:52:12",39.6,0,600,3280300,"S"
"MWG","13:51:50",39.55,-0.05,200,3279700,"B"
"MWG","13:51:49",39.55,-0.05,8200,3279500,"B"
"MWG","13:51:36",39.55,-0.05,6000,3271300,"S"
"MWG","13:51:35",39.55,-0.05,500,3265300,"S"
"MWG","13:51:32",39.55,-0.05,400,3264800,"S"
"MWG","13:51:29",39.55,-0.05,800,3264400,"S"
"MWG","13:51:15",39.55,-0.05,10000,3263600,"S"
"MWG","13:51:08",39.5,-0.1,100,3253600,"B"
"MWG","13:50:55",39.5,-0.1,5000,3253500,"B"
"MWG","13:50:50",39.55,-0.05,19000,3248500,"B"
"MWG","13:50:48",39.6,0,200,3229500,"S"
"MWG","13:50:45",39.55,-0.05,1000,3229300,"B"
"MWG","13:50:44",39.6,0,300,3228300,"S"
"MWG","13:50:42",39.6,0,1000,3228000,"S"
"MWG","13:50:31",39.6,0,100,3227000,"S"
"MWG","13:50:30",39.55,-0.05,500,3226900,"B"
"MWG","13:50:26",39.55,-0.05,100,3226400,"B"
"MWG","13:50:18",39.55,-0.05,100,3226300,"B"
"MWG","13:50:12",39.55,-0.05,6800,3226200,"B"
"MWG","13:50:06",39.55,-0.05,3800,3219400,"B"
"MWG","13:50:02",39.55,-0.05,13700,3215600,"B"
"MWG","13:50:01",39.55,-0.05,2000,3201900,"B"
"MWG","13:49:55",39.55,-0.05,4600,3199900,"B"
"MWG","13:49:54",39.55,-0.05,4100,3195300,"B"
"MWG","13:49:53",39.55,-0.05,4100,3191200,"B"
"MWG","13:49:52",39.55,-0.05,300,3187100,"B"
"MWG","13:49:50",39.55,-0.05,200,3186800,"B"
"MWG","13:49:45",39.55,-0.05,100,3186600,"B"
"MWG","13:49:40",39.55,-0.05,100,3186500,"B"
"MWG","13:49:03",39.55,-0.05,20100,3186400,"B"
"MWG","13:49:03",39.6,0,900,3166300,"S"
"MWG","13:48:40",39.6,0,300,3165400,"S"
"MWG","13:48:22",39.55,-0.05,100,3165100,"B"
"MWG","13:48:11",39.55,-0.05,400,3165000,"B"
"MWG","13:47:40",39.55,-0.05,100,3164600,"B"
"MWG","13:47:17",39.55,-0.05,7000,3164500,"B"
"MWG","13:46:59",39.55,-0.05,100,3157500,"B"
"MWG","13:46:53",39.55,-0.05,4000,3155400,"B"
"MWG","13:46:49",39.6,0,1000,3151400,"S"
"MWG","13:46:42",39.6,0,300,3150400,"S"
"MWG","13:46:21",39.6,0,200,3150100,"S"
"MWG","13:46:17",39.55,-0.05,100,3149900,"B"
"MWG","13:46:14",39.6,0,900,3149800,"S"
"MWG","13:45:46",39.6,0,500,3148900,"S"
"MWG","13:45:45",39.6,0,100,3148400,"S"
"MWG","13:45:38",39.55,-0.05,10000,3148300,"B"
"MWG","13:45:36",39.55,-0.05,100,3138300,"B"
"MWG","13:45:31",39.6,0,900,3138200,"S"
"MWG","13:45:30",39.6,0,1000,3137300,"S"
"MWG","13:45:14",39.6,0,10000,3136300,"S"
"MWG","13:45:06",39.6,0,6500,3126300,"B"
"MWG","13:45:05",39.6,0,1100,3119800,"B"
"MWG","13:45:04",39.6,0,7600,3118700,"B"
"MWG","13:45:02",39.6,0,14000,3111100,"B"
"MWG","13:45:00",39.6,0,5000,3097100,"B"
"MWG","13:44:59",39.6,0,200,3092100,"B"
"MWG","13:44:55",39.6,0,100,3091900,"B"
"MWG","13:44:52",39.6,0,5000,3091800,"B"
"MWG","13:44:50",39.65,0.05,900,3086800,"S"
"MWG","13:44:42",39.65,0.05,100,3085900,"S"
"MWG","13:44:30",39.6,0,600,3085800,"B"
"MWG","13:44:25",39.6,0,4100,3085200,"B"
"MWG","13:44:17",39.6,0,2000,3081100,"B"
"MWG","13:44:14",39.6,0,100,3079100,"B"
"MWG","13:44:10",39.6,0,1500,3079000,"B"
"MWG","13:43:56",39.6,0,4700,3077500,"B"
"MWG","13:43:56",39.6,0,3500,3072800,"B"
"MWG","13:43:47",39.65,0.05,300,3069300,"S"
"MWG","13:43:35",39.6,0,200,3069000,"B"
"MWG","13:43:32",39.6,0,100,3068800,"B"
"MWG","13:43:30",39.6,0,3800,3068700,"B"
"MWG","13:43:25",39.6,0,3800,3064900,"B"
"MWG","13:43:24",39.65,0.05,900,3061100,"S"
"MWG","13:43:24",39.6,0,3800,3060200,"B"
"MWG","13:43:12",39.65,0.05,200,3056400,"S"
"MWG","13:43:06",39.6,0,100,3056200,"B"
"MWG","13:43:00",39.6,0,800,3056100,"B"
"MWG","13:42:51",39.6,0,100,3055200,"B"
"MWG","13:42:11",39.6,0,100,3055100,"B"
"MWG","13:42:02",39.6,0,1000,3055000,"B"
"MWG","13:42:00",39.65,0.05,900,3054000,"S"
"MWG","13:41:59",39.65,0.05,400,3053100,"S"
"MWG","13:41:50",39.65,0.05,100,3052700,"S"
"MWG","13:41:45",39.65,0.05,400,3052600,"S"
"MWG","13:41:37",39.65,0.05,1000,3052200,"S"
"MWG","13:41:37",39.65,0.05,3800,3051200,"S"
"MWG","13:41:30",39.6,0,100,3047400,"B"
"MWG","13:41:20",39.65,0.05,500,3047300,"S"
"MWG","13:41:20",39.65,0.05,1000,3046800,"S"
"MWG","13:41:19",39.65,0.05,1000,3045800,"S"
"MWG","13:41:19",39.65,0.05,1800,3044800,"S"
"MWG","13:41:18",39.65,0.05,1800,3043000,"S"
"MWG","13:41:18",39.65,0.05,900,3041200,"S"
"MWG","13:41:18",39.6,0,200,3040300,"B"
"MWG","13:40:52",39.6,0,1400,3039200,"B"
"MWG","13:40:49",39.6,0,100,3037800,"B"
"MWG","13:40:08",39.6,0,100,3037700,"B"
"MWG","13:40:06",39.65,0.05,1800,3037600,"B"
"MWG","13:40:04",39.65,0.05,800,3035800,"B"
"MWG","13:39:57",39.65,0.05,4100,3035000,"B"
"MWG","13:39:54",39.65,0.05,200,3030900,"S"
"MWG","13:39:40",39.65,0.05,3000,3030700,"B"
"MWG","13:39:37",39.65,0.05,100,3027700,"B"
"MWG","13:39:34",39.65,0.05,1700,3027600,"B"
"MWG","13:39:32",39.65,0.05,500,3025900,"B"
"MWG","13:39:27",39.65,0.05,100,3025400,"B"
"MWG","13:39:26",39.65,0.05,400,3025300,"B"
"MWG","13:39:14",39.65,0.05,5000,3024900,"B"
"MWG","13:39:03",39.65,0.05,100,3019900,"B"
"MWG","13:39:01",39.65,0.05,2000,3019800,"B"
"MWG","13:38:58",39.65,0.05,3000,3017800,"B"
"MWG","13:38:48",39.7,0.1,200,3014800,"S"
"MWG","13:38:47",39.65,0.05,100,3014600,"B"
"MWG","13:38:21",39.65,0.05,900,3014500,"S"
"MWG","13:38:20",39.65,0.05,500,3013600,"S"
"MWG","13:38:17",39.65,0.05,19500,3013100,"S"
"MWG","13:38:07",39.6,0,100,2993600,"B"
"MWG","13:38:05",39.65,0.05,2000,2993500,"S"
"MWG","13:37:46",39.65,0.05,900,2991500,"S"
"MWG","13:37:45",39.65,0.05,1800,2990600,"S"
"MWG","13:37:39",39.65,0.05,2000,2988800,"S"
"MWG","13:37:38",39.65,0.05,500,2986800,"S"
"MWG","13:37:32",39.65,0.05,100,2986300,"S"
"MWG","13:37:27",39.6,0,1000,2986200,"B"
"MWG","13:37:26",39.6,0,100,2985200,"B"
"MWG","13:37:20",39.65,0.05,1000,2985100,"S"
"MWG","13:37:19",39.65,0.05,500,2984100,"S"
"MWG","13:37:15",39.65,0.05,500,2983600,"S"
"MWG","13:37:12",39.65,0.05,400,2983100,"S"
"MWG","13:37:04",39.65,0.05,900,2982700,"S"
"MWG","13:36:54",39.65,0.05,1400,2981800,"S"
"MWG","13:36:46",39.6,0,100,2980400,"B"
"MWG","13:36:40",39.6,0,5000,2980300,"B"
"MWG","13:36:39",39.65,0.05,1000,2975300,"S"
"MWG","13:36:34",39.6,0,4100,2974300,"B"
"MWG","13:36:34",39.6,0,4100,2970200,"B"
"MWG","13:36:28",39.6,0,4300,2966100,"B"
"MWG","13:36:12",39.6,0,1000,2961800,"B"
"MWG","13:36:09",39.6,0,15000,2960800,"B"
"MWG","13:36:06",39.6,0,100,2945800,"B"
"MWG","13:35:53",39.65,0.05,1000,2945700,"S"
"MWG","13:35:25",39.6,0,100,2944700,"B"
"MWG","13:35:23",39.6,0,800,2944600,"B"
"MWG","13:35:20",39.6,0,300,2943800,"S"
"MWG","13:35:20",39.6,0,25600,2943500,"S"
"MWG","13:34:45",39.55,-0.05,100,2917900,"B"
"MWG","13:34:06",39.55,-0.05,100,2917800,"B"
"MWG","13:33:52",39.6,0,900,2917700,"S"
"MWG","13:33:51",39.6,0,100,2916800,"S"
"MWG","13:33:35",39.6,0,500,2916700,"S"
"MWG","13:33:33",39.6,0,900,2916200,"S"
"MWG","13:33:33",39.55,-0.05,1500,2915300,"B"
"MWG","13:33:29",39.6,0,200,2913800,"S"
"MWG","13:33:27",39.6,0,2000,2913600,"S"
"MWG","13:33:25",39.55,-0.05,100,2911600,"B"
"MWG","13:33:22",39.6,0,100,2911500,"S"
"MWG","13:32:56",39.6,0,5000,2911400,"S"
"MWG","13:32:48",39.55,-0.05,600,2906400,"B"
"MWG","13:32:48",39.55,-0.05,3500,2905800,"B"
"MWG","13:32:45",39.55,-0.05,100,2902300,"B"
"MWG","13:32:41",39.6,0,200,2902200,"S"
"MWG","13:32:05",39.55,-0.05,100,2902000,"B"
"MWG","13:31:25",39.55,-0.05,100,2901900,"B"
"MWG","13:31:01",39.55,-0.05,200,2901800,"B"
"MWG","13:30:46",39.55,-0.05,100,2901600,"B"
"MWG","13:30:45",39.6,0,2000,2901500,"S"
"MWG","13:30:19",39.55,-0.05,3800,2899500,"B"
"MWG","13:30:06",39.55,-0.05,100,2895700,"B"
"MWG","13:30:04",39.6,0,200,2895600,"S"
"MWG","13:30:03",39.6,0,2100,2895400,"S"
"MWG","13:29:58",39.6,0,1100,2893300,"S"
"MWG","13:29:47",39.6,0,800,2892200,"B"
"MWG","13:29:39",39.6,0,1600,2891400,"B"
"MWG","13:29:37",39.6,0,2000,2889800,"B"
"MWG","13:29:26",39.6,0,100,2887800,"B"
"MWG","13:29:25",39.6,0,5000,2887700,"B"
"MWG","13:29:20",39.65,0.05,900,2882700,"S"
"MWG","13:29:14",39.65,0.05,600,2881800,"S"
"MWG","13:29:14",39.6,0,700,2881200,"S"
"MWG","13:29:11",39.6,0,2500,2880500,"S"
"MWG","13:29:01",39.6,0,1800,2878000,"B"
"MWG","13:28:58",39.6,0,2000,2876200,"B"
"MWG","13:28:56",39.65,0.05,2600,2874200,"S"
"MWG","13:28:55",39.6,0,10000,2871600,"B"
"MWG","13:28:46",39.6,0,100,2861600,"B"
"MWG","13:28:43",39.6,0,4100,2861500,"B"
"MWG","13:28:43",39.6,0,4100,2857400,"B"
"MWG","13:28:42",39.6,0,5700,2853300,"B"
"MWG","13:28:22",39.6,0,3800,2847600,"B"
"MWG","13:28:07",39.6,0,100,2843800,"B"
"MWG","13:27:54",39.6,0,2000,2843700,"B"
"MWG","13:27:53",39.65,0.05,400,2841700,"S"
"MWG","13:27:47",39.6,0,100,2841300,"B"
"MWG","13:27:43",39.65,0.05,100,2841200,"S"
"MWG","13:27:38",39.6,0,100,2841100,"B"
"MWG","13:27:33",39.6,0,100,2841000,"B"
"MWG","13:27:32",39.65,0.05,100,2840900,"S"
"MWG","13:27:28",39.6,0,100,2840800,"B"
"MWG","13:27:25",39.65,0.05,1200,2840700,"S"
"MWG","13:27:22",39.65,0.05,1000,2839500,"S"
"MWG","13:27:20",39.65,0.05,200,2838500,"S"
"MWG","13:27:14",39.65,0.05,900,2838300,"S"
"MWG","13:27:08",39.65,0.05,800,2837400,"S"
"MWG","13:27:01",39.6,0,4900,2836600,"B"
"MWG","13:26:52",39.6,0,400,2831700,"B"
"MWG","13:26:48",39.6,0,100,2831300,"B"
"MWG","13:26:41",39.6,0,300,2831200,"B"
"MWG","13:26:32",39.6,0,5900,2830900,"S"
"MWG","13:26:29",39.6,0,500,2825000,"S"
"MWG","13:26:28",39.6,0,2000,2824500,"S"
"MWG","13:26:27",39.6,0,500,2822500,"S"
"MWG","13:26:26",39.6,0,100,2822000,"S"
"MWG","13:26:23",39.6,0,1500,2821900,"S"
"MWG","13:26:18",39.6,0,19500,2820400,"S"
"MWG","13:26:12",39.6,0,1200,2800900,"S"
"MWG","13:26:09",39.6,0,2000,2799700,"S"
"MWG","13:26:09",39.55,-0.05,100,2797700,"B"
"MWG","13:26:08",39.6,0,5200,2797600,"S"
"MWG","13:26:04",39.6,0,1000,2792400,"S"
"MWG","13:25:58",39.6,0,1000,2791400,"S"
"MWG","13:25:56",39.6,0,200,2790400,"S"
"MWG","13:25:53",39.6,0,100,2790200,"S"
"MWG","13:25:51",39.6,0,100,2790100,"S"
"MWG","13:25:49",39.6,0,1000,2790000,"S"
"MWG","13:25:48",39.6,0,1100,2789000,"S"
"MWG","13:25:42",39.6,0,1100,2787900,"S"
"MWG","13:25:29",39.55,-0.05,100,2786800,"B"
"MWG","13:25:18",39.55,-0.05,3800,2786700,"B"
"MWG","13:25:16",39.6,0,1000,2782900,"S"
"MWG","13:25:12",39.6,0,1000,2781900,"S"
"MWG","13:24:50",39.55,-0.05,100,2780900,"B"
"MWG","13:24:39",39.55,-0.05,5000,2780800,"B"
"MWG","13:24:38",39.6,0,2700,2775800,"S"
"MWG","13:24:37",39.6,0,12300,2773100,"S"
"MWG","13:24:36",39.55,-0.05,100,2760800,"B"
"MWG","13:24:35",39.6,0,1100,2760700,"S"
"MWG","13:24:33",39.6,0,1000,2759600,"S"
"MWG","13:24:14",39.55,-0.05,3800,2758600,"B"
"MWG","13:24:13",39.55,-0.05,1900,2754800,"B"
"MWG","13:24:12",39.55,-0.05,1900,2752900,"B"
"MWG","13:24:10",39.55,-0.05,100,2751000,"B"
"MWG","13:24:08",39.6,0,1000,2750900,"S"
"MWG","13:23:31",39.55,-0.05,22100,2749900,"B"
"MWG","13:23:29",39.6,0,500,2727800,"S"
"MWG","13:23:28",39.6,0,1100,2727300,"S"
"MWG","13:23:22",39.6,0,1200,2726200,"S"
"MWG","13:23:21",39.6,0,4000,2725000,"S"
"MWG","13:23:17",39.6,0,400,2721000,"S"
"MWG","13:23:15",39.55,-0.05,5000,2720600,"B"
"MWG","13:22:52",39.55,-0.05,100,2715600,"B"
"MWG","13:22:44",39.6,0,500,2715500,"S"
"MWG","13:22:36",39.6,0,100,2715000,"S"
"MWG","13:22:34",39.6,0,1200,2714900,"S"
"MWG","13:22:32",39.6,0,600,2713700,"S"
"MWG","13:22:12",39.55,-0.05,100,2713100,"B"
"MWG","13:22:10",39.55,-0.05,100,2713000,"B"
"MWG","13:21:33",39.55,-0.05,100,2712900,"B"
"MWG","13:21:27",39.6,0,6600,2712800,"B"
"MWG","13:21:24",39.65,0.05,1400,2706200,"S"
"MWG","13:21:16",39.6,0,200,2704800,"B"
"MWG","13:21:15",39.6,0,300,2704600,"B"
"MWG","13:21:09",39.6,0,4100,2704300,"B"
"MWG","13:21:09",39.6,0,900,2700200,"B"
"MWG","13:21:06",39.6,0,2000,2699300,"B"
"MWG","13:20:54",39.6,0,200,2697300,"B"
"MWG","13:20:53",39.65,0.05,1000,2697100,"S"
"MWG","13:20:45",39.65,0.05,200,2696100,"S"
"MWG","13:20:44",39.6,0,600,2695400,"B"
"MWG","13:20:43",39.6,0,7600,2694800,"B"
"MWG","13:20:39",39.6,0,3000,2687200,"B"
"MWG","13:20:31",39.6,0,500,2684200,"B"
"MWG","13:20:24",39.6,0,100,2683700,"B"
"MWG","13:20:15",39.6,0,100,2683600,"B"
"MWG","13:20:13",39.6,0,500,2683500,"B"
"MWG","13:20:08",39.6,0,200,2683000,"B"
"MWG","13:20:08",39.6,0,2000,2682800,"B"
"MWG","13:20:01",39.6,0,4100,2680800,"B"
"MWG","13:20:00",39.6,0,4100,2676700,"B"
"MWG","13:19:58",39.6,0,5700,2672600,"B"
"MWG","13:19:48",39.6,0,400,2666900,"B"
"MWG","13:19:44",39.65,0.05,300,2666500,"S"
"MWG","13:19:36",39.6,0,100,2666200,"B"
"MWG","13:19:35",39.6,0,4100,2666100,"B"
"MWG","13:19:35",39.6,0,4100,2662000,"B"
"MWG","13:19:33",39.6,0,100,2657900,"B"
"MWG","13:19:16",39.6,0,100,2657800,"B"
"MWG","13:18:58",39.6,0,5000,2657700,"B"
"MWG","13:18:57",39.6,0,100,2652700,"B"
"MWG","13:18:56",39.65,0.05,500,2652600,"S"
"MWG","13:18:30",39.6,0,200,2652100,"B"
"MWG","13:18:26",39.65,0.05,5000,2651900,"S"
"MWG","13:18:22",39.6,0,1000,2646900,"B"
"MWG","13:18:18",39.6,0,100,2645900,"B"
"MWG","13:18:14",39.6,0,6000,2645800,"S"
"MWG","13:18:13",39.6,0,13700,2639800,"S"
"MWG","13:18:05",39.6,0,1200,2626100,"S"
"MWG","13:18:02",39.6,0,200,2624900,"S"
"MWG","13:17:47",39.6,0,700,2624700,"S"
"MWG","13:17:42",39.6,0,2500,2624000,"B"
"MWG","13:17:41",39.65,0.05,500,2621500,"S"
"MWG","13:17:39",39.6,0,100,2621000,"B"
"MWG","13:17:34",39.6,0,8400,2620900,"S"
"MWG","13:17:33",39.6,0,100,2612500,"S"
"MWG","13:17:32",39.6,0,1000,2612400,"S"
"MWG","13:17:31",39.6,0,100,2611400,"S"
"MWG","13:17:29",39.6,0,300,2611300,"S"
"MWG","13:17:29",39.6,0,100,2611000,"S"
"MWG","13:17:28",39.6,0,5000,2610900,"S"
"MWG","13:17:08",39.6,0,500,2605900,"S"
"MWG","13:17:02",39.6,0,500,2605400,"S"
"MWG","13:17:00",39.55,-0.05,100,2604900,"B"
"MWG","13:16:57",39.6,0,400,2604800,"S"
"MWG","13:16:55",39.6,0,100,2604400,"S"
"MWG","13:16:53",39.6,0,6300,2604300,"S"
"MWG","13:16:52",39.6,0,100,2598000,"S"
"MWG","13:16:48",39.6,0,200,2597900,"S"
"MWG","13:16:44",39.6,0,200,2597700,"S"
"MWG","13:16:24",39.55,-0.05,500,2597500,"S"
"MWG","13:16:23",39.55,-0.05,1500,2597000,"B"
"MWG","13:16:21",39.55,-0.05,100,2595500,"B"
"MWG","13:16:14",39.55,-0.05,4100,2595400,"B"
"MWG","13:16:13",39.55,-0.05,4100,2591300,"B"
"MWG","13:16:11",39.55,-0.05,4100,2587200,"B"
"MWG","13:16:07",39.55,-0.05,200,2583100,"B"
"MWG","13:16:04",39.55,-0.05,300,2582900,"B"
"MWG","13:16:03",39.6,0,1000,2582600,"S"
"MWG","13:15:56",39.55,-0.05,200,2581600,"B"
"MWG","13:15:54",39.55,-0.05,600,2581400,"B"
"MWG","13:15:53",39.55,-0.05,3500,2580800,"B"
"MWG","13:15:51",39.55,-0.05,10000,2577300,"B"
"MWG","13:15:42",39.55,-0.05,100,2567300,"B"
"MWG","13:15:37",39.55,-0.05,4100,2567200,"B"
"MWG","13:15:37",39.55,-0.05,8200,2563100,"B"
"MWG","13:15:33",39.6,0,100,2554900,"S"
"MWG","13:15:09",39.55,-0.05,200,2554800,"B"
"MWG","13:15:03",39.55,-0.05,100,2554600,"B"
"MWG","13:14:47",39.55,-0.05,300,2554500,"B"
"MWG","13:14:24",39.55,-0.05,100,2554200,"B"
"MWG","13:14:18",39.55,-0.05,300,2554100,"B"
"MWG","13:14:16",39.55,-0.05,15700,2553800,"S"
"MWG","13:14:13",39.55,-0.05,700,2538100,"S"
"MWG","13:14:06",39.55,-0.05,500,2537400,"S"
"MWG","13:14:05",39.55,-0.05,5200,2536900,"S"
"MWG","13:14:00",39.55,-0.05,5000,2531700,"S"
"MWG","13:13:52",39.55,-0.05,1000,2526700,"S"
"MWG","13:13:50",39.55,-0.05,100,2525700,"S"
"MWG","13:13:46",39.55,-0.05,4000,2525600,"S"
"MWG","13:13:46",39.5,-0.1,100,2521600,"B"
"MWG","13:13:45",39.55,-0.05,5000,2521500,"S"
"MWG","13:13:41",39.55,-0.05,20000,2516500,"S"
"MWG","13:13:39",39.55,-0.05,500,2496500,"S"
"MWG","13:13:26",39.5,-0.1,21300,2496000,"S"
"MWG","13:13:26",39.5,-0.1,200,2474700,"S"
"MWG","13:13:22",39.5,-0.1,1000,2474500,"S"
"MWG","13:13:16",39.5,-0.1,100,2473500,"S"
"MWG","13:13:07",39.45,-0.15,100,2473400,"B"
"MWG","13:13:06",39.5,-0.1,1000,2473300,"S"
"MWG","13:12:54",39.5,-0.1,100,2472300,"S"
"MWG","13:12:53",39.45,-0.15,600,2472200,"B"
"MWG","13:12:46",39.45,-0.15,2000,2471600,"B"
"MWG","13:12:44",39.5,-0.1,100,2469600,"S"
"MWG","13:12:40",39.5,-0.1,500,2469500,"S"
"MWG","13:12:39",39.5,-0.1,29400,2469000,"S"
"MWG","13:12:35",39.5,-0.1,5000,2439600,"S"
"MWG","13:12:29",39.45,-0.15,100,2434600,"B"
"MWG","13:12:20",39.45,-0.15,44600,2434500,"S"
"MWG","13:12:16",39.45,-0.15,100,2389900,"S"
"MWG","13:12:14",39.45,-0.15,600,2389800,"S"
"MWG","13:12:12",39.45,-0.15,900,2389200,"S"
"MWG","13:12:04",39.45,-0.15,500,2388300,"S"
"MWG","13:11:50",39.4,-0.2,100,2387800,"B"
"MWG","13:11:49",39.45,-0.15,1000,2387700,"S"
"MWG","13:11:42",39.45,-0.15,100,2386700,"S"
"MWG","13:11:40",39.4,-0.2,1600,2386600,"B"
"MWG","13:11:31",39.4,-0.2,15000,2385000,"B"
"MWG","13:11:12",39.4,-0.2,100,2370000,"B"
"MWG","13:11:00",39.4,-0.2,2000,2369900,"B"
"MWG","13:10:33",39.4,-0.2,100,2367900,"B"
"MWG","13:10:31",39.45,-0.15,1000,2367800,"S"
"MWG","13:10:26",39.45,-0.15,1000,2366800,"S"
"MWG","13:10:03",39.45,-0.15,1300,2365800,"S"
"MWG","13:09:59",39.45,-0.15,100,2364500,"S"
"MWG","13:09:57",39.4,-0.2,200,2364400,"B"
"MWG","13:09:55",39.4,-0.2,100,2364200,"B"
"MWG","13:09:42",39.45,-0.15,100,2364100,"S"
"MWG","13:09:27",39.4,-0.2,20200,2364000,"S"
"MWG","13:09:26",39.35,-0.25,1000,2343800,"B"
"MWG","13:09:22",39.35,-0.25,100,2342800,"B"
"MWG","13:09:20",39.4,-0.2,1200,2342700,"S"
"MWG","13:09:16",39.35,-0.25,100,2341500,"B"
"MWG","13:09:05",39.35,-0.25,10000,2341400,"B"
"MWG","13:09:03",39.35,-0.25,800,2331400,"B"
"MWG","13:08:40",39.35,-0.25,100,2330600,"B"
"MWG","13:08:38",39.35,-0.25,100,2330500,"B"
"MWG","13:08:23",39.4,-0.2,100,2330400,"S"
"MWG","13:08:21",39.35,-0.25,28000,2330300,"B"
"MWG","13:08:16",39.4,-0.2,2000,2302300,"S"
"MWG","13:08:08",39.35,-0.25,500,2300300,"B"
"MWG","13:07:59",39.35,-0.25,100,2299800,"B"
"MWG","13:07:55",39.4,-0.2,1000,2299700,"S"
"MWG","13:07:25",39.4,-0.2,100,2298700,"S"
"MWG","13:07:21",39.35,-0.25,100,2298600,"B"
"MWG","13:07:19",39.35,-0.25,1600,2298500,"B"
"MWG","13:07:12",39.4,-0.2,100,2296900,"S"
"MWG","13:06:55",39.35,-0.25,15400,2296800,"B"
"MWG","13:06:43",39.35,-0.25,100,2281400,"B"
"MWG","13:06:27",39.35,-0.25,1000,2281300,"B"
"MWG","13:06:05",39.35,-0.25,5000,2280300,"B"
"MWG","13:06:04",39.35,-0.25,100,2275300,"B"
"MWG","13:06:03",39.35,-0.25,200,2275200,"B"
"MWG","13:05:47",39.35,-0.25,200,2275000,"B"
"MWG","13:05:45",39.35,-0.25,2000,2274800,"B"
"MWG","13:05:26",39.25,-0.35,100,2272800,"B"
"MWG","13:05:23",39.25,-0.35,21900,2272700,"B"
"MWG","13:05:23",39.3,-0.3,20500,2250800,"B"
"MWG","13:05:23",39.35,-0.25,12600,2230300,"B"
"MWG","13:04:48",39.35,-0.25,100,2217700,"B"
"MWG","13:04:34",39.35,-0.25,7500,2217600,"S"
"MWG","13:04:18",39.35,-0.25,100,2210100,"S"
"MWG","13:04:10",39.3,-0.3,100,2210000,"B"
"MWG","13:04:08",39.35,-0.25,500,2209900,"S"
"MWG","13:04:02",39.35,-0.25,1000,2209400,"S"
"MWG","13:04:00",39.35,-0.25,400,2208400,"S"
"MWG","13:03:47",39.3,-0.3,800,2208000,"B"
"MWG","13:03:32",39.3,-0.3,100,2207200,"B"
"MWG","13:02:54",39.3,-0.3,100,2207100,"B"
"MWG","13:02:48",39.4,-0.2,1400,2207000,"S"
"MWG","13:02:47",39.3,-0.3,300,2205600,"B"
"MWG","13:02:45",39.3,-0.3,500,2205300,"B"
"MWG","13:02:16",39.3,-0.3,100,2204800,"B"
"MWG","13:01:38",39.3,-0.3,100,2204700,"B"
"MWG","13:01:01",39.25,-0.35,3600,2204600,"S"
"MWG","13:01:00",39.2,-0.4,100,2201000,"B"
"MWG","13:00:57",39.25,-0.35,100,2200900,"S"
"MWG","13:00:54",39.25,-0.35,200,2200800,"S"
"MWG","13:00:48",39.25,-0.35,1000,2200600,"S"
"MWG","13:00:43",39.25,-0.35,500,2199600,"S"
"MWG","13:00:37",39.25,-0.35,100,2198900,"S"
"MWG","13:00:36",39.25,-0.35,100,2198800,"S"
"MWG","13:00:26",39.25,-0.35,100,2198700,"S"
"MWG","13:00:25",39.25,-0.35,40000,2198600,"S"
"MWG","13:00:23",39.25,-0.35,500,2158600,"S"
"MWG","13:00:16",39.25,-0.35,8500,2158100,"S"
"MWG","13:00:15",39.25,-0.35,500,2149600,"S"
"MWG","13:00:12",39.25,-0.35,2500,2149100,"S"
"MWG","13:00:11",39.25,-0.35,28300,2146600,"B"
"MWG","13:00:11",39.3,-0.3,68800,2118300,"B"
"MWG","13:00:10",39.3,-0.3,9300,2049500,"B"
"MWG","13:00:10",39.35,-0.25,700,2040200,"B"
"MWG","13:00:10",39.45,-0.15,2300,2039500,"S"
"MWG","13:00:10",39.4,-0.2,3200,2037200,"S"
"MWG","13:00:09",39.4,-0.2,1000,2034000,"S"
"MWG","13:00:08",39.4,-0.2,1000,2033000,"S"
"MWG","13:00:08",39.35,-0.25,100,2032000,"S"
"MWG","13:00:04",39.35,-0.25,200,2031900,"S"
"MWG","13:00:02",39.35,-0.25,1100,2031700,"S"
"MWG","13:00:01",39.35,-0.25,1200,2030600,"S"
"MWG","13:00:01",39.35,-0.25,17400,2029400,"B"
"MWG","13:00:00",39.35,-0.25,1000,2012000,"B"
"MWG","13:00:00",39.4,-0.2,100,2011000,"B"
"MWG","13:00:00",39.35,-0.25,900,2010900,"B"
"MWG","13:00:00",39.4,-0.2,3300,2010000,"B"
"MWG","11:29:05",39.4,-0.2,300,2006700,"B"
"MWG","11:29:00",39.4,-0.2,1000,2006400,"B"
"MWG","11:28:58",39.45,-0.15,100,2005400,"S"
"MWG","11:28:46",39.4,-0.2,5000,2005300,"B"
"MWG","11:28:37",39.4,-0.2,2000,2000300,"B"
"MWG","11:28:35",39.4,-0.2,5000,1998300,"B"
"MWG","11:28:28",39.4,-0.2,100,1993300,"B"
"MWG","11:27:52",39.4,-0.2,200,1993200,"B"
"MWG","11:27:27",39.4,-0.2,1200,1993000,"S"
"MWG","11:27:24",39.4,-0.2,1000,1991800,"S"
"MWG","11:27:22",39.35,-0.25,300,1990800,"B"
"MWG","11:27:17",39.4,-0.2,200,1990500,"S"
"MWG","11:26:59",39.4,-0.2,2600,1990300,"S"
"MWG","11:26:57",39.4,-0.2,200,1987700,"S"
"MWG","11:26:40",39.4,-0.2,1000,1987500,"S"
"MWG","11:26:39",39.35,-0.25,300,1986500,"B"
"MWG","11:26:35",39.35,-0.25,100,1986200,"B"
"MWG","11:25:47",39.35,-0.25,400,1986100,"S"
"MWG","11:25:44",39.35,-0.25,100,1985700,"S"
"MWG","11:25:35",39.35,-0.25,2900,1985600,"B"
"MWG","11:25:34",39.35,-0.25,1700,1982700,"B"
"MWG","11:25:30",39.35,-0.25,100,1981000,"B"
"MWG","11:25:17",39.35,-0.25,100,1980900,"B"
"MWG","11:24:52",39.35,-0.25,10000,1980800,"B"
"MWG","11:24:48",39.4,-0.2,100,1970800,"S"
"MWG","11:24:04",39.4,-0.2,1000,1970700,"S"
"MWG","11:24:02",39.4,-0.2,1000,1969700,"S"
"MWG","11:24:01",39.4,-0.2,200,1968700,"S"
"MWG","11:23:59",39.35,-0.25,100,1968500,"B"
"MWG","11:23:40",39.4,-0.2,1000,1968400,"S"
"MWG","11:23:39",39.4,-0.2,1000,1967400,"S"
"MWG","11:23:35",39.35,-0.25,200,1966400,"B"
"MWG","11:23:29",39.4,-0.2,2100,1966200,"B"
"MWG","11:23:19",39.4,-0.2,300,1964100,"B"
"MWG","11:23:18",39.4,-0.2,100,1963800,"B"
"MWG","11:23:11",39.45,-0.15,1400,1963700,"S"
"MWG","11:22:41",39.4,-0.2,100,1962300,"B"
"MWG","11:22:31",39.45,-0.15,2000,1962200,"S"
"MWG","11:22:22",39.45,-0.15,1000,1960200,"S"
"MWG","11:21:56",39.45,-0.15,22500,1959200,"S"
"MWG","11:21:56",39.4,-0.2,27500,1936700,"S"
"MWG","11:21:50",39.35,-0.25,1500,1909200,"B"
"MWG","11:21:28",39.4,-0.2,100,1907700,"S"
"MWG","11:21:24",39.35,-0.25,100,1907600,"B"
"MWG","11:21:04",39.4,-0.2,1000,1907500,"S"
"MWG","11:20:19",39.4,-0.2,100,1906500,"S"
"MWG","11:20:06",39.35,-0.25,100,1906400,"B"
"MWG","11:19:56",39.4,-0.2,2200,1906300,"S"
"MWG","11:19:55",39.35,-0.25,4000,1904100,"B"
"MWG","11:18:53",39.35,-0.25,200,1900100,"B"
"MWG","11:18:49",39.35,-0.25,100,1899900,"B"
"MWG","11:18:25",39.35,-0.25,100,1899800,"B"
"MWG","11:18:08",39.35,-0.25,100,1899700,"B"
"MWG","11:17:52",39.35,-0.25,100,1899600,"B"
"MWG","11:17:42",39.35,-0.25,200,1899500,"B"
"MWG","11:17:32",39.35,-0.25,5700,1899300,"B"
"MWG","11:17:31",39.35,-0.25,100,1893600,"B"
"MWG","11:17:03",39.35,-0.25,10000,1893500,"B"
"MWG","11:17:01",39.35,-0.25,2300,1883500,"B"
"MWG","11:16:50",39.35,-0.25,200,1881200,"B"
"MWG","11:16:14",39.35,-0.25,100,1881000,"B"
"MWG","11:16:01",39.35,-0.25,100,1880900,"B"
"MWG","11:15:41",39.35,-0.25,400,1880800,"B"
"MWG","11:15:06",39.35,-0.25,200,1880400,"B"
"MWG","11:14:57",39.35,-0.25,100,1880200,"B"
"MWG","11:14:49",39.4,-0.2,500,1880100,"S"
"MWG","11:14:47",39.4,-0.2,1200,1879600,"S"
"MWG","11:14:46",39.4,-0.2,1800,1878400,"S"
"MWG","11:14:46",39.4,-0.2,1200,1876600,"S"
"MWG","11:14:38",39.4,-0.2,1000,1875400,"S"
"MWG","11:14:37",39.35,-0.25,20000,1874400,"B"
"MWG","11:14:35",39.4,-0.2,1000,1854400,"S"
"MWG","11:14:11",39.4,-0.2,800,1853400,"S"
"MWG","11:14:11",39.35,-0.25,2000,1852600,"B"
"MWG","11:13:54",39.4,-0.2,200,1850600,"S"
"MWG","11:13:40",39.35,-0.25,100,1850400,"B"
"MWG","11:13:32",39.4,-0.2,100,1850300,"S"
"MWG","11:13:22",39.4,-0.2,200,1850200,"S"
"MWG","11:13:18",39.4,-0.2,1000,1850000,"S"
"MWG","11:13:02",39.4,-0.2,400,1849000,"S"
"MWG","11:12:22",39.35,-0.25,100,1848600,"B"
"MWG","11:12:00",39.4,-0.2,1000,1848500,"S"
"MWG","11:11:55",39.4,-0.2,100,1847500,"S"
"MWG","11:11:27",39.35,-0.25,300,1847400,"B"
"MWG","11:11:23",39.4,-0.2,500,1847100,"S"
"MWG","11:11:15",39.4,-0.2,500,1846600,"S"
"MWG","11:11:08",39.4,-0.2,500,1846100,"S"
"MWG","11:11:05",39.35,-0.25,100,1845600,"B"
"MWG","11:11:03",39.4,-0.2,200,1845500,"S"
"MWG","11:10:42",39.4,-0.2,1000,1845300,"S"
"MWG","11:10:40",39.4,-0.2,8000,1844300,"S"
"MWG","11:10:33",39.4,-0.2,500,1836300,"S"
"MWG","11:10:17",39.35,-0.25,200,1835800,"B"
"MWG","11:10:11",39.4,-0.2,300,1835600,"S"
"MWG","11:10:10",39.4,-0.2,800,1835300,"S"
"MWG","11:09:49",39.4,-0.2,100,1834500,"S"
"MWG","11:09:48",39.35,-0.25,100,1834400,"B"
"MWG","11:09:47",39.35,-0.25,400,1834300,"B"
"MWG","11:09:46",39.35,-0.25,100,1833900,"B"
"MWG","11:09:38",39.4,-0.2,100,1833800,"S"
"MWG","11:09:24",39.4,-0.2,900,1833700,"S"
"MWG","11:09:14",39.4,-0.2,500,1832800,"S"
"MWG","11:08:57",39.4,-0.2,100,1832300,"S"
"MWG","11:08:46",39.4,-0.2,3000,1832200,"S"
"MWG","11:08:45",39.35,-0.25,100,1829200,"B"
"MWG","11:08:32",39.35,-0.25,100,1829100,"B"
"MWG","11:08:19",39.35,-0.25,500,1829000,"B"
"MWG","11:07:14",39.35,-0.25,100,1828500,"B"
"MWG","11:07:11",39.4,-0.2,100,1828400,"S"
"MWG","11:07:09",39.4,-0.2,100,1828300,"S"
"MWG","11:06:58",39.4,-0.2,500,1828200,"S"
"MWG","11:06:57",39.35,-0.25,5200,1827700,"B"
"MWG","11:06:54",39.4,-0.2,1500,1822500,"S"
"MWG","11:06:51",39.4,-0.2,100,1821000,"S"
"MWG","11:06:49",39.4,-0.2,1000,1820900,"S"
"MWG","11:06:46",39.4,-0.2,100,1819900,"S"
"MWG","11:06:40",39.4,-0.2,5000,1819800,"S"
"MWG","11:06:31",39.4,-0.2,10000,1814800,"S"
"MWG","11:06:29",39.4,-0.2,100,1804800,"S"
"MWG","11:06:21",39.4,-0.2,500,1804700,"S"
"MWG","11:06:08",39.4,-0.2,300,1804200,"S"
"MWG","11:05:57",39.35,-0.25,100,1803900,"B"
"MWG","11:05:53",39.4,-0.2,500,1803800,"S"
"MWG","11:05:53",39.4,-0.2,1400,1803300,"S"
"MWG","11:05:49",39.4,-0.2,100,1801900,"S"
"MWG","11:05:46",39.35,-0.25,1000,1801800,"B"
"MWG","11:05:41",39.4,-0.2,100,1800800,"S"
"MWG","11:05:34",39.4,-0.2,1000,1800700,"S"
"MWG","11:05:31",39.4,-0.2,1000,1799700,"S"
"MWG","11:05:28",39.4,-0.2,500,1798700,"S"
"MWG","11:05:24",39.4,-0.2,1500,1798200,"S"
"MWG","11:05:19",39.4,-0.2,30000,1796700,"S"
"MWG","11:05:15",39.4,-0.2,500,1766700,"S"
"MWG","11:04:46",39.4,-0.2,100,1766200,"S"
"MWG","11:04:41",39.35,-0.25,100,1766100,"B"
"MWG","11:04:37",39.4,-0.2,600,1766000,"S"
"MWG","11:04:26",39.4,-0.2,100,1765400,"S"
"MWG","11:04:19",39.4,-0.2,300,1765300,"S"
"MWG","11:04:18",39.4,-0.2,1900,1765000,"S"
"MWG","11:04:13",39.4,-0.2,900,1763100,"S"
"MWG","11:04:03",39.4,-0.2,1000,1762200,"S"
"MWG","11:04:02",39.4,-0.2,800,1761200,"S"
"MWG","11:03:46",39.4,-0.2,1900,1760400,"S"
"MWG","11:03:24",39.35,-0.25,100,1758500,"B"
"MWG","11:03:20",39.4,-0.2,1900,1758400,"S"
"MWG","11:03:17",39.4,-0.2,1000,1756500,"S"
"MWG","11:03:12",39.4,-0.2,1900,1755500,"S"
"MWG","11:03:08",39.35,-0.25,2500,1753600,"S"
"MWG","11:03:06",39.35,-0.25,200,1751100,"S"
"MWG","11:03:05",39.35,-0.25,1300,1750900,"S"
"MWG","11:03:03",39.35,-0.25,100,1749600,"S"
"MWG","11:03:02",39.35,-0.25,100,1749500,"S"
"MWG","11:03:00",39.35,-0.25,500,1749400,"S"
"MWG","11:02:59",39.35,-0.25,9700,1748900,"S"
"MWG","11:02:55",39.35,-0.25,1000,1739200,"S"
"MWG","11:02:51",39.35,-0.25,2000,1738200,"S"
"MWG","11:02:47",39.35,-0.25,3400,1736200,"S"
"MWG","11:02:46",39.35,-0.25,1000,1732800,"S"
"MWG","11:02:41",39.35,-0.25,900,1731800,"S"
"MWG","11:02:39",39.35,-0.25,100,1730900,"S"
"MWG","11:02:39",39.35,-0.25,600,1730800,"S"
"MWG","11:02:38",39.35,-0.25,1900,1730200,"S"
"MWG","11:02:38",39.35,-0.25,200,1728300,"S"
"MWG","11:02:36",39.35,-0.25,19900,1728100,"S"
"MWG","11:02:34",39.35,-0.25,1000,1708200,"S"
"MWG","11:02:29",39.35,-0.25,2000,1707200,"S"
"MWG","11:02:28",39.35,-0.25,1900,1705200,"S"
"MWG","11:02:28",39.35,-0.25,2100,1703300,"S"
"MWG","11:02:23",39.35,-0.25,2000,1701200,"S"
"MWG","11:02:23",39.35,-0.25,300,1699200,"S"
"MWG","11:02:22",39.35,-0.25,100,1698900,"S"
"MWG","11:02:17",39.35,-0.25,1900,1698800,"S"
"MWG","11:02:14",39.35,-0.25,3000,1696900,"S"
"MWG","11:02:07",39.3,-0.3,100,1693900,"B"
"MWG","11:02:05",39.35,-0.25,1900,1693800,"S"
"MWG","11:01:55",39.3,-0.3,100,1691900,"B"
"MWG","11:01:52",39.35,-0.25,1900,1691800,"S"
"MWG","11:01:41",39.3,-0.3,2000,1689900,"B"
"MWG","11:01:40",39.3,-0.3,67700,1687900,"S"
"MWG","11:01:39",39.3,-0.3,3200,1620200,"S"
"MWG","11:01:38",39.3,-0.3,1200,1617000,"S"
"MWG","11:01:31",39.3,-0.3,1000,1615800,"S"
"MWG","11:01:09",39.3,-0.3,10000,1614800,"S"
"MWG","11:01:08",39.3,-0.3,1000,1604800,"S"
"MWG","11:01:07",39.3,-0.3,1900,1603800,"S"
"MWG","11:01:04",39.3,-0.3,200,1601900,"S"
"MWG","11:01:03",39.3,-0.3,1000,1601700,"S"
"MWG","11:00:56",39.3,-0.3,1000,1600700,"S"
"MWG","11:00:52",39.3,-0.3,1600,1599700,"S"
"MWG","11:00:50",39.25,-0.35,100,1598100,"B"
"MWG","11:00:50",39.3,-0.3,1900,1598000,"S"
"MWG","11:00:48",39.3,-0.3,2200,1596100,"S"
"MWG","11:00:45",39.3,-0.3,1900,1593900,"S"
"MWG","11:00:44",39.3,-0.3,2100,1592000,"S"
"MWG","11:00:33",39.3,-0.3,1900,1589900,"S"
"MWG","11:00:21",39.3,-0.3,1900,1588000,"S"
"MWG","11:00:18",39.25,-0.35,13100,1586100,"S"
"MWG","11:00:16",39.25,-0.35,1000,1573000,"S"
"MWG","11:00:15",39.25,-0.35,500,1572000,"S"
"MWG","11:00:13",39.25,-0.35,5000,1571500,"S"
"MWG","11:00:12",39.25,-0.35,1500,1566500,"S"
"MWG","11:00:06",39.25,-0.35,100,1565000,"S"
"MWG","11:00:04",39.25,-0.35,3000,1564900,"S"
"MWG","11:00:02",39.2,-0.4,400,1561900,"B"
"MWG","11:00:00",39.25,-0.35,3600,1561500,"S"
"MWG","10:59:59",39.25,-0.35,1000,1557900,"S"
"MWG","10:59:53",39.2,-0.4,500,1556900,"B"
"MWG","10:59:50",39.2,-0.4,500,1556400,"B"
"MWG","10:59:34",39.2,-0.4,100,1555900,"B"
"MWG","10:59:28",39.25,-0.35,1000,1555800,"S"
"MWG","10:59:27",39.25,-0.35,100,1554800,"S"
"MWG","10:59:23",39.25,-0.35,200,1554700,"S"
"MWG","10:59:20",39.25,-0.35,1500,1554500,"S"
"MWG","10:59:19",39.25,-0.35,1000,1553000,"S"
"MWG","10:59:18",39.2,-0.4,500,1552000,"B"
"MWG","10:59:13",39.25,-0.35,5000,1551500,"S"
"MWG","10:59:12",39.2,-0.4,900,1546500,"B"
"MWG","10:59:11",39.2,-0.4,9100,1545600,"B"
"MWG","10:59:05",39.25,-0.35,100,1536500,"S"
"MWG","10:58:58",39.2,-0.4,6000,1536400,"B"
"MWG","10:58:55",39.25,-0.35,2000,1530400,"S"
"MWG","10:58:53",39.2,-0.4,300,1528400,"B"
"MWG","10:58:35",39.25,-0.35,500,1528100,"S"
"MWG","10:58:33",39.2,-0.4,2000,1527600,"B"
"MWG","10:58:32",39.25,-0.35,1000,1523700,"S"
"MWG","10:58:18",39.25,-0.35,200,1522700,"S"
"MWG","10:58:17",39.2,-0.4,100,1522500,"B"
"MWG","10:58:15",39.25,-0.35,100,1522400,"S"
"MWG","10:58:11",39.25,-0.35,100,1522300,"S"
"MWG","10:58:09",39.25,-0.35,100,1522200,"S"
"MWG","10:58:05",39.25,-0.35,1000,1522100,"S"
"MWG","10:58:03",39.25,-0.35,1000,1521100,"S"
"MWG","10:57:59",39.25,-0.35,15000,1520100,"S"
"MWG","10:57:56",39.25,-0.35,500,1505100,"S"
"MWG","10:57:52",39.25,-0.35,100,1504600,"S"
"MWG","10:57:51",39.25,-0.35,200,1504500,"S"
"MWG","10:57:44",39.25,-0.35,1200,1504300,"S"
"MWG","10:57:42",39.25,-0.35,5000,1503100,"S"
"MWG","10:57:42",39.2,-0.4,2000,1498100,"B"
"MWG","10:57:41",39.2,-0.4,100,1496100,"B"
"MWG","10:57:33",39.25,-0.35,300,1496000,"S"
"MWG","10:57:32",39.25,-0.35,800,1495700,"B"
"MWG","10:57:29",39.25,-0.35,7600,1494900,"B"
"MWG","10:57:25",39.25,-0.35,700,1487300,"B"
"MWG","10:57:22",39.25,-0.35,30000,1486600,"B"
"MWG","10:57:16",39.25,-0.35,5000,1456600,"B"
"MWG","10:57:14",39.25,-0.35,5000,1451600,"B"
"MWG","10:57:13",39.25,-0.35,5000,1446600,"B"
"MWG","10:57:11",39.3,-0.3,100,1441600,"S"
"MWG","10:57:10",39.25,-0.35,5000,1441500,"B"
"MWG","10:57:02",39.3,-0.3,2100,1436500,"S"
"MWG","10:57:01",39.25,-0.35,100,1434400,"B"
"MWG","10:56:59",39.25,-0.35,5000,1434300,"B"
"MWG","10:56:58",39.3,-0.3,100,1429300,"S"
"MWG","10:56:48",39.3,-0.3,1000,1429200,"S"
"MWG","10:56:44",39.25,-0.35,1600,1428200,"B"
"MWG","10:56:42",39.25,-0.35,4700,1426600,"B"
"MWG","10:56:40",39.3,-0.3,200,1421900,"S"
"MWG","10:56:37",39.3,-0.3,2000,1421700,"S"
"MWG","10:56:34",39.3,-0.3,100,1419700,"S"
"MWG","10:56:33",39.3,-0.3,2700,1419600,"B"
"MWG","10:56:27",39.3,-0.3,5000,1416900,"B"
"MWG","10:56:21",39.25,-0.35,100,1411900,"B"
"MWG","10:56:21",39.3,-0.3,400,1411800,"B"
"MWG","10:56:01",39.35,-0.25,1000,1411400,"S"
"MWG","10:55:56",39.3,-0.3,900,1410400,"S"
"MWG","10:55:55",39.3,-0.3,200,1409500,"S"
"MWG","10:55:51",39.3,-0.3,100,1409300,"S"
"MWG","10:55:47",39.3,-0.3,500,1409200,"S"
"MWG","10:55:44",39.25,-0.35,100,1408700,"B"
"MWG","10:55:42",39.3,-0.3,600,1408600,"S"
"MWG","10:55:40",39.25,-0.35,6500,1408000,"B"
"MWG","10:55:39",39.3,-0.3,1000,1401500,"S"
"MWG","10:55:27",39.3,-0.3,300,1400500,"S"
"MWG","10:55:24",39.3,-0.3,100,1400200,"S"
"MWG","10:55:14",39.3,-0.3,2000,1400100,"B"
"MWG","10:55:13",39.3,-0.3,5700,1398100,"B"
"MWG","10:55:02",39.3,-0.3,2500,1392400,"B"
"MWG","10:55:00",39.3,-0.3,500,1389900,"B"
"MWG","10:54:58",39.3,-0.3,600,1389400,"B"
"MWG","10:54:54",39.3,-0.3,1600,1388800,"S"
"MWG","10:54:53",39.3,-0.3,400,1387200,"S"
"MWG","10:54:47",39.3,-0.3,1000,1386800,"S"
"MWG","10:54:42",39.3,-0.3,200,1385800,"S"
"MWG","10:54:36",39.3,-0.3,600,1385600,"S"
"MWG","10:54:34",39.25,-0.35,500,1385000,"B"
"MWG","10:54:28",39.25,-0.35,100,1384500,"B"
"MWG","10:54:25",39.3,-0.3,300,1384400,"S"
"MWG","10:54:23",39.3,-0.3,1000,1384100,"S"
"MWG","10:54:18",39.3,-0.3,900,1383100,"S"
"MWG","10:54:16",39.3,-0.3,14000,1382200,"B"
"MWG","10:54:14",39.3,-0.3,500,1368200,"B"
"MWG","10:54:11",39.3,-0.3,10000,1367700,"B"
"MWG","10:54:06",39.3,-0.3,1200,1357700,"B"
"MWG","10:54:01",39.35,-0.25,100,1356500,"S"
"MWG","10:53:31",39.3,-0.3,4000,1356400,"B"
"MWG","10:53:28",39.35,-0.25,1000,1352400,"S"
"MWG","10:53:19",39.35,-0.25,300,1351400,"S"
"MWG","10:53:11",39.3,-0.3,100,1351100,"B"
"MWG","10:53:01",39.35,-0.25,200,1351000,"S"
"MWG","10:52:59",39.35,-0.25,100,1350800,"S"
"MWG","10:52:57",39.35,-0.25,100,1350700,"S"
"MWG","10:52:51",39.3,-0.3,2000,1350600,"B"
"MWG","10:52:50",39.3,-0.3,1000,1348600,"B"
"MWG","10:52:16",39.3,-0.3,2000,1347600,"B"
"MWG","10:52:11",39.35,-0.25,500,1345600,"S"
"MWG","10:51:55",39.3,-0.3,100,1345100,"B"
"MWG","10:51:54",39.3,-0.3,1000,1345000,"B"
"MWG","10:51:52",39.35,-0.25,200,1344000,"S"
"MWG","10:51:52",39.3,-0.3,10000,1343800,"B"
"MWG","10:51:51",39.35,-0.25,100,1333800,"S"
"MWG","10:51:31",39.35,-0.25,1000,1333700,"S"
"MWG","10:51:26",39.35,-0.25,1000,1332700,"S"
"MWG","10:51:19",39.35,-0.25,1400,1331700,"S"
"MWG","10:51:16",39.35,-0.25,1000,1330300,"S"
"MWG","10:51:06",39.35,-0.25,100,1329300,"S"
"MWG","10:51:02",39.3,-0.3,5700,1329200,"B"
"MWG","10:50:39",39.3,-0.3,100,1323500,"B"
"MWG","10:50:16",39.35,-0.25,200,1323400,"S"
"MWG","10:50:14",39.35,-0.25,1800,1323200,"B"
"MWG","10:50:02",39.35,-0.25,10000,1321400,"B"
"MWG","10:49:38",39.35,-0.25,200,1311400,"B"
"MWG","10:49:32",39.35,-0.25,300,1311200,"B"
"MWG","10:49:28",39.35,-0.25,600,1310900,"B"
"MWG","10:49:26",39.35,-0.25,400,1310300,"B"
"MWG","10:49:23",39.35,-0.25,100,1309900,"B"
"MWG","10:49:02",39.35,-0.25,1000,1309800,"B"
"MWG","10:48:55",39.35,-0.25,100,1308800,"B"
"MWG","10:48:48",39.35,-0.25,1800,1308700,"B"
"MWG","10:48:41",39.35,-0.25,1000,1306900,"B"
"MWG","10:48:40",39.35,-0.25,5000,1305900,"B"
"MWG","10:48:06",39.35,-0.25,100,1300900,"B"
"MWG","10:47:48",39.35,-0.25,3000,1300800,"B"
"MWG","10:47:30",39.4,-0.2,1100,1297800,"S"
"MWG","10:47:27",39.4,-0.2,100,1296700,"S"
"MWG","10:46:54",39.4,-0.2,100,1296600,"S"
"MWG","10:46:51",39.35,-0.25,100,1296500,"B"
"MWG","10:46:50",39.35,-0.25,400,1296400,"B"
"MWG","10:46:39",39.4,-0.2,100,1296000,"S"
"MWG","10:46:35",39.4,-0.2,100,1295900,"S"
"MWG","10:46:13",39.4,-0.2,100,1295800,"S"
"MWG","10:45:55",39.35,-0.25,2300,1295700,"B"
"MWG","10:45:50",39.35,-0.25,2000,1293400,"B"
"MWG","10:45:34",39.35,-0.25,100,1291400,"B"
"MWG","10:45:17",39.35,-0.25,2000,1291300,"B"
"MWG","10:45:08",39.35,-0.25,500,1289300,"B"
"MWG","10:44:57",39.35,-0.25,7600,1288800,"B"
"MWG","10:44:56",39.35,-0.25,8400,1281200,"B"
"MWG","10:44:51",39.35,-0.25,100,1272800,"B"
"MWG","10:44:34",39.35,-0.25,200,1272700,"B"
"MWG","10:44:18",39.35,-0.25,100,1272500,"B"
"MWG","10:44:17",39.4,-0.2,200,1272400,"S"
"MWG","10:44:10",39.35,-0.25,5000,1272200,"B"
"MWG","10:43:58",39.35,-0.25,100,1267200,"B"
"MWG","10:43:36",39.4,-0.2,4000,1267100,"S"
"MWG","10:43:31",39.4,-0.2,3300,1263100,"S"
"MWG","10:43:12",39.35,-0.25,5000,1259800,"B"
"MWG","10:43:02",39.35,-0.25,100,1254800,"B"
"MWG","10:43:00",39.4,-0.2,500,1254700,"S"
"MWG","10:42:51",39.4,-0.2,400,1254200,"S"
"MWG","10:42:48",39.35,-0.25,3000,1253800,"B"
"MWG","10:42:32",39.4,-0.2,200,1250800,"S"
"MWG","10:42:02",39.35,-0.25,22700,1250600,"S"
"MWG","10:41:59",39.35,-0.25,200,1227900,"S"
"MWG","10:41:59",39.3,-0.3,3000,1227700,"B"
"MWG","10:41:46",39.3,-0.3,4100,1224700,"B"
"MWG","10:41:42",39.35,-0.25,10000,1220600,"S"
"MWG","10:41:33",39.3,-0.3,200,1210600,"B"
"MWG","10:41:32",39.35,-0.25,500,1210400,"S"
"MWG","10:41:29",39.3,-0.3,1100,1209900,"B"
"MWG","10:41:22",39.35,-0.25,3000,1208800,"S"
"MWG","10:41:17",39.35,-0.25,500,1205800,"S"
"MWG","10:41:13",39.35,-0.25,100,1205300,"S"
"MWG","10:41:07",39.35,-0.25,500,1205200,"S"
"MWG","10:41:02",39.35,-0.25,100,1204700,"S"
"MWG","10:40:49",39.35,-0.25,100,1204600,"S"
"MWG","10:40:48",39.35,-0.25,2000,1204500,"S"
"MWG","10:40:41",39.35,-0.25,4200,1202500,"B"
"MWG","10:40:40",39.4,-0.2,500,1198300,"S"
"MWG","10:40:37",39.35,-0.25,5600,1197800,"B"
"MWG","10:40:35",39.4,-0.2,500,1192200,"S"
"MWG","10:40:31",39.35,-0.25,100,1191700,"B"
"MWG","10:40:27",39.4,-0.2,1800,1191600,"S"
"MWG","10:40:19",39.35,-0.25,100,1189800,"B"
"MWG","10:40:19",39.4,-0.2,100,1189700,"S"
"MWG","10:40:18",39.35,-0.25,1000,1189600,"B"
"MWG","10:40:09",39.4,-0.2,300,1188600,"S"
"MWG","10:40:00",39.4,-0.2,1000,1188300,"S"
"MWG","10:39:44",39.4,-0.2,100,1187300,"S"
"MWG","10:39:32",39.4,-0.2,100,1187200,"S"
"MWG","10:39:21",39.4,-0.2,500,1187100,"S"
"MWG","10:39:18",39.35,-0.25,400,1186600,"B"
"MWG","10:39:16",39.4,-0.2,300,1186200,"S"
"MWG","10:39:15",39.35,-0.25,100,1185900,"B"
"MWG","10:39:12",39.4,-0.2,200,1185800,"S"
"MWG","10:39:01",39.4,-0.2,100,1185600,"S"
"MWG","10:38:58",39.4,-0.2,2900,1185500,"B"
"MWG","10:38:55",39.4,-0.2,100,1182600,"B"
"MWG","10:38:54",39.4,-0.2,500,1182500,"B"
"MWG","10:38:50",39.4,-0.2,1000,1182000,"B"
"MWG","10:38:49",39.4,-0.2,200,1181000,"B"
"MWG","10:38:36",39.4,-0.2,500,1180800,"B"
"MWG","10:38:36",39.45,-0.15,100,1180300,"S"
"MWG","10:38:18",39.4,-0.2,3600,1180200,"B"
"MWG","10:38:17",39.4,-0.2,1400,1176600,"B"
"MWG","10:38:06",39.4,-0.2,600,1175200,"B"
"MWG","10:37:59",39.4,-0.2,100,1174600,"B"
"MWG","10:37:59",39.45,-0.15,1000,1174500,"S"
"MWG","10:37:49",39.45,-0.15,100,1173500,"S"
"MWG","10:37:48",39.45,-0.15,100,1173400,"S"
"MWG","10:37:47",39.4,-0.2,2400,1173300,"B"
"MWG","10:37:32",39.45,-0.15,200,1170900,"S"
"MWG","10:36:56",39.45,-0.15,300,1170700,"B"
"MWG","10:36:54",39.45,-0.15,400,1170400,"B"
"MWG","10:36:52",39.45,-0.15,200,1170000,"B"
"MWG","10:36:43",39.45,-0.15,100,1169800,"B"
"MWG","10:36:10",39.45,-0.15,100,1169700,"S"
"MWG","10:35:57",39.5,-0.1,20500,1169600,"S"
"MWG","10:35:57",39.45,-0.15,1200,1149100,"S"
"MWG","10:35:38",39.45,-0.15,1400,1147900,"S"
"MWG","10:35:27",39.4,-0.2,100,1146500,"B"
"MWG","10:35:24",39.45,-0.15,500,1146400,"S"
"MWG","10:35:18",39.45,-0.15,100,1145900,"S"
"MWG","10:35:18",39.45,-0.15,100,1145800,"S"
"MWG","10:34:47",39.45,-0.15,1000,1145700,"S"
"MWG","10:34:26",39.4,-0.2,500,1144700,"S"
"MWG","10:34:20",39.4,-0.2,700,1144200,"S"
"MWG","10:34:19",39.4,-0.2,500,1143500,"S"
"MWG","10:34:13",39.4,-0.2,100,1143000,"S"
"MWG","10:34:12",39.35,-0.25,100,1142900,"B"
"MWG","10:34:11",39.4,-0.2,500,1142800,"S"
"MWG","10:34:08",39.4,-0.2,100,1142300,"S"
"MWG","10:33:47",39.35,-0.25,3200,1142200,"S"
"MWG","10:33:41",39.35,-0.25,4800,1139000,"B"
"MWG","10:33:37",39.35,-0.25,200,1134200,"S"
"MWG","10:33:29",39.35,-0.25,900,1134000,"S"
"MWG","10:33:26",39.35,-0.25,100,1133100,"S"
"MWG","10:33:26",39.35,-0.25,1000,1133000,"S"
"MWG","10:33:22",39.35,-0.25,1200,1132000,"S"
"MWG","10:33:19",39.35,-0.25,1000,1130800,"S"
"MWG","10:33:18",39.35,-0.25,400,1129800,"S"
"MWG","10:33:16",39.35,-0.25,200,1129400,"S"
"MWG","10:33:10",39.35,-0.25,100,1129200,"S"
"MWG","10:33:09",39.3,-0.3,100,1129100,"B"
"MWG","10:33:00",39.35,-0.25,1000,1129000,"S"
"MWG","10:32:59",39.3,-0.3,8000,1128000,"B"
"MWG","10:32:59",39.35,-0.25,200,1120000,"S"
"MWG","10:32:59",39.3,-0.3,1300,1119800,"B"
"MWG","10:32:56",39.3,-0.3,100,1118500,"B"
"MWG","10:32:42",39.35,-0.25,200,1118400,"S"
"MWG","10:32:41",39.35,-0.25,100,1118200,"S"
"MWG","10:32:22",39.35,-0.25,100,1118100,"S"
"MWG","10:32:14",39.3,-0.3,400,1118000,"B"
"MWG","10:32:14",39.3,-0.3,600,1117600,"B"
"MWG","10:32:05",39.35,-0.25,100,1117000,"S"
"MWG","10:31:44",39.35,-0.25,200,1116900,"S"
"MWG","10:31:41",39.25,-0.35,100,1116700,"B"
"MWG","10:31:35",39.25,-0.35,3100,1116600,"B"
"MWG","10:31:35",39.3,-0.3,4400,1113500,"B"
"MWG","10:31:32",39.35,-0.25,5000,1109100,"S"
"MWG","10:31:24",39.3,-0.3,34000,1104100,"B"
"MWG","10:31:14",39.35,-0.25,700,1070100,"S"
"MWG","10:31:10",39.35,-0.25,2600,1069400,"B"
"MWG","10:31:09",39.35,-0.25,4000,1066800,"B"
"MWG","10:31:03",39.4,-0.2,100,1062800,"B"
"MWG","10:31:02",39.4,-0.2,1000,1062700,"B"
"MWG","10:31:01",39.4,-0.2,5000,1061700,"B"
"MWG","10:30:45",39.4,-0.2,9000,1056700,"B"
"MWG","10:30:44",39.4,-0.2,5300,1047700,"B"
"MWG","10:30:44",39.45,-0.15,4800,1042400,"B"
"MWG","10:30:35",39.45,-0.15,200,1037600,"B"
"MWG","10:30:34",39.45,-0.15,500,1037400,"B"
"MWG","10:30:33",39.45,-0.15,600,1036900,"B"
"MWG","10:30:26",39.5,-0.1,4900,1036300,"B"
"MWG","10:30:25",39.5,-0.1,10900,1031400,"B"
"MWG","10:29:45",39.5,-0.1,73500,1020500,"B"
"MWG","10:29:45",39.55,-0.05,26500,947000,"B"
"MWG","10:29:40",39.6,0,300,920500,"S"
"MWG","10:29:15",39.6,0,300,920200,"S"
"MWG","10:29:10",39.55,-0.05,100,919900,"B"
"MWG","10:28:58",39.6,0,200,919800,"S"
"MWG","10:28:57",39.6,0,400,919600,"S"
"MWG","10:28:56",39.6,0,2000,919200,"S"
"MWG","10:28:42",39.6,0,500,917200,"S"
"MWG","10:28:40",39.6,0,100,916700,"S"
"MWG","10:28:25",39.6,0,100,916600,"S"
"MWG","10:28:17",39.6,0,2200,916500,"S"
"MWG","10:28:07",39.6,0,100,914300,"S"
"MWG","10:27:54",39.55,-0.05,100,914200,"B"
"MWG","10:27:52",39.6,0,400,914100,"S"
"MWG","10:27:45",39.6,0,100,913700,"S"
"MWG","10:27:44",39.6,0,100,913600,"S"
"MWG","10:27:08",39.6,0,100,913500,"S"
"MWG","10:27:05",39.55,-0.05,1000,913400,"B"
"MWG","10:26:39",39.55,-0.05,100,912400,"B"
"MWG","10:26:34",39.6,0,100,912300,"S"
"MWG","10:26:20",39.6,0,600,912200,"B"
"MWG","10:25:46",39.6,0,1000,911600,"S"
"MWG","10:25:37",39.6,0,500,910600,"S"
"MWG","10:25:25",39.6,0,500,910100,"S"
"MWG","10:25:24",39.55,-0.05,100,909600,"B"
"MWG","10:25:20",39.6,0,2000,909500,"S"
"MWG","10:25:14",39.6,0,400,907500,"S"
"MWG","10:24:56",39.6,0,3400,907100,"S"
"MWG","10:24:29",39.6,0,1000,903700,"B"
"MWG","10:24:25",39.6,0,200,902700,"B"
"MWG","10:24:23",39.6,0,1000,902500,"B"
"MWG","10:24:16",39.6,0,300,901500,"B"
"MWG","10:24:15",39.6,0,200,901200,"B"
"MWG","10:24:13",39.6,0,1000,901000,"B"
"MWG","10:24:09",39.6,0,100,900000,"B"
"MWG","10:24:05",39.6,0,1600,899900,"B"
"MWG","10:24:05",39.6,0,8900,898300,"B"
"MWG","10:24:04",39.6,0,3000,889400,"B"
"MWG","10:23:55",39.6,0,7900,886400,"B"
"MWG","10:23:53",39.6,0,1100,878500,"B"
"MWG","10:23:46",39.6,0,4900,877400,"B"
"MWG","10:23:45",39.6,0,15100,872500,"B"
"MWG","10:23:39",39.6,0,11100,857400,"B"
"MWG","10:23:26",39.6,0,100,846300,"B"
"MWG","10:23:16",39.6,0,2100,846200,"B"
"MWG","10:23:15",39.65,0.05,4600,844100,"S"
"MWG","10:23:07",39.6,0,2000,839500,"B"
"MWG","10:22:53",39.6,0,100,837500,"B"
"MWG","10:22:34",39.65,0.05,100,837400,"S"
"MWG","10:22:26",39.65,0.05,200,837300,"S"
"MWG","10:22:23",39.65,0.05,100,837100,"S"
"MWG","10:22:06",39.65,0.05,400,837000,"S"
"MWG","10:21:38",39.6,0,100,836600,"B"
"MWG","10:21:27",39.65,0.05,1000,836500,"S"
"MWG","10:21:25",39.65,0.05,100,835500,"S"
"MWG","10:21:22",39.65,0.05,500,835400,"S"
"MWG","10:21:15",39.6,0,500,834900,"B"
"MWG","10:20:56",39.6,0,400,834400,"B"
"MWG","10:20:56",39.6,0,3000,834000,"B"
"MWG","10:20:39",39.65,0.05,400,831000,"B"
"MWG","10:20:33",39.65,0.05,400,830600,"B"
"MWG","10:20:23",39.65,0.05,100,830200,"B"
"MWG","10:20:04",39.65,0.05,2300,830100,"B"
"MWG","10:20:04",39.65,0.05,700,827800,"B"
"MWG","10:19:55",39.65,0.05,500,827100,"B"
"MWG","10:19:23",39.65,0.05,2000,826600,"B"
"MWG","10:19:08",39.65,0.05,100,824600,"B"
"MWG","10:18:59",39.7,0.1,1400,824500,"S"
"MWG","10:18:56",39.65,0.05,100,823100,"B"
"MWG","10:18:27",39.65,0.05,300,823000,"B"
"MWG","10:18:24",39.65,0.05,100,822700,"B"
"MWG","10:18:07",39.65,0.05,2100,822600,"B"
"MWG","10:17:53",39.65,0.05,100,820500,"B"
"MWG","10:17:46",39.65,0.05,6000,820400,"B"
"MWG","10:17:43",39.65,0.05,3800,814400,"B"
"MWG","10:17:34",39.65,0.05,3000,810600,"B"
"MWG","10:17:07",39.65,0.05,2000,807600,"B"
"MWG","10:16:52",39.65,0.05,600,805600,"B"
"MWG","10:16:40",39.65,0.05,1000,805000,"B"
"MWG","10:16:38",39.65,0.05,100,804000,"B"
"MWG","10:16:02",39.65,0.05,1500,803900,"B"
"MWG","10:15:36",39.65,0.05,3700,802400,"B"
"MWG","10:15:23",39.65,0.05,100,798700,"B"
"MWG","10:15:17",39.65,0.05,300,798600,"B"
"MWG","10:15:16",39.65,0.05,1000,798300,"B"
"MWG","10:15:04",39.65,0.05,100,797300,"B"
"MWG","10:14:35",39.65,0.05,2000,797200,"B"
"MWG","10:14:30",39.65,0.05,100,795200,"B"
"MWG","10:14:12",39.65,0.05,500,795100,"B"
"MWG","10:14:08",39.65,0.05,100,794600,"B"
"MWG","10:13:51",39.65,0.05,500,794500,"B"
"MWG","10:13:43",39.65,0.05,2000,794000,"B"
"MWG","10:13:38",39.65,0.05,10000,792000,"B"
"MWG","10:13:23",39.65,0.05,500,782000,"B"
"MWG","10:13:16",39.65,0.05,5000,781500,"B"
"MWG","10:13:08",39.65,0.05,500,776500,"B"
"MWG","10:12:53",39.65,0.05,100,776000,"B"
"MWG","10:12:49",39.65,0.05,2000,775900,"B"
"MWG","10:12:43",39.65,0.05,4000,773900,"B"
"MWG","10:12:22",39.65,0.05,500,769900,"B"
"MWG","10:12:15",39.65,0.05,100,769400,"B"
"MWG","10:12:13",39.65,0.05,500,769300,"B"
"MWG","10:12:12",39.65,0.05,1900,768800,"B"
"MWG","10:12:02",39.65,0.05,100,766900,"B"
"MWG","10:11:52",39.65,0.05,1000,766800,"B"
"MWG","10:11:38",39.65,0.05,100,765800,"B"
"MWG","10:11:22",39.65,0.05,600,765700,"B"
"MWG","10:11:04",39.65,0.05,100,765100,"B"
"MWG","10:10:54",39.65,0.05,3900,765000,"B"
"MWG","10:10:35",39.65,0.05,4000,761100,"B"
"MWG","10:10:23",39.65,0.05,100,757100,"B"
"MWG","10:10:17",39.7,0.1,1000,757000,"B"
"MWG","10:10:16",39.7,0.1,1500,756000,"B"
"MWG","10:10:15",39.75,0.15,200,754500,"S"
"MWG","10:10:12",39.7,0.1,2700,754300,"B"
"MWG","10:10:01",39.7,0.1,1000,751600,"B"
"MWG","10:09:59",39.7,0.1,1200,750600,"B"
"MWG","10:09:52",39.7,0.1,5000,749400,"B"
"MWG","10:09:26",39.7,0.1,100,744400,"B"
"MWG","10:09:08",39.7,0.1,100,744300,"B"
"MWG","10:08:59",39.7,0.1,400,744200,"B"
"MWG","10:08:39",39.75,0.15,100,743800,"S"
"MWG","10:08:32",39.7,0.1,300,743700,"B"
"MWG","10:08:28",39.7,0.1,4400,743400,"B"
"MWG","10:07:54",39.7,0.1,100,739000,"B"
"MWG","10:07:43",39.7,0.1,1000,738900,"B"
"MWG","10:07:32",39.7,0.1,2500,737900,"B"
"MWG","10:07:26",39.7,0.1,1500,735400,"B"
"MWG","10:07:07",39.7,0.1,5200,733900,"S"
"MWG","10:06:39",39.7,0.1,100,728700,"S"
"MWG","10:06:39",39.65,0.05,100,728600,"B"
"MWG","10:06:29",39.7,0.1,200,728500,"S"
"MWG","10:06:27",39.7,0.1,500,728300,"S"
"MWG","10:06:17",39.7,0.1,300,727800,"S"
"MWG","10:06:06",39.7,0.1,200,727500,"B"
"MWG","10:05:55",39.7,0.1,500,727300,"B"
"MWG","10:05:46",39.7,0.1,1000,726800,"B"
"MWG","10:05:24",39.7,0.1,100,725800,"B"
"MWG","10:05:22",39.75,0.15,200,725700,"S"
"MWG","10:05:18",39.7,0.1,4000,725500,"B"
"MWG","10:04:43",39.75,0.15,100,721500,"S"
"MWG","10:04:23",39.75,0.15,3000,721400,"S"
"MWG","10:04:15",39.7,0.1,6000,718400,"B"
"MWG","10:04:14",39.7,0.1,500,712400,"B"
"MWG","10:04:10",39.7,0.1,100,711900,"B"
"MWG","10:04:04",39.7,0.1,100,711800,"B"
"MWG","10:04:01",39.7,0.1,2500,711700,"B"
"MWG","10:03:42",39.7,0.1,1500,709200,"B"
"MWG","10:03:33",39.7,0.1,100,707700,"B"
"MWG","10:03:21",39.7,0.1,200,707600,"B"
"MWG","10:03:21",39.7,0.1,1500,707400,"B"
"MWG","10:02:55",39.7,0.1,100,705900,"B"
"MWG","10:02:38",39.75,0.15,1400,705800,"S"
"MWG","10:02:17",39.7,0.1,400,704400,"B"
"MWG","10:01:59",39.7,0.1,100,704000,"B"
"MWG","10:01:40",39.7,0.1,100,703900,"B"
"MWG","10:01:34",39.7,0.1,800,703800,"B"
"MWG","10:01:18",39.7,0.1,79800,703000,"B"
"MWG","10:01:17",39.7,0.1,20200,623200,"B"
"MWG","10:00:58",39.7,0.1,200,603000,"B"
"MWG","10:00:33",39.7,0.1,500,602800,"B"
"MWG","10:00:26",39.7,0.1,100,602300,"B"
"MWG","10:00:21",39.7,0.1,3800,602200,"B"
"MWG","10:00:20",39.7,0.1,3800,598400,"B"
"MWG","10:00:15",39.75,0.15,100,594600,"S"
"MWG","09:59:57",39.75,0.15,3000,594500,"B"
"MWG","09:59:55",39.75,0.15,8000,591500,"B"
"MWG","09:59:37",39.75,0.15,4500,583500,"B"
"MWG","09:59:35",39.75,0.15,1000,579000,"B"
"MWG","09:59:21",39.75,0.15,1600,578000,"B"
"MWG","09:59:14",39.75,0.15,2000,576400,"B"
"MWG","09:59:11",39.75,0.15,100,574400,"B"
"MWG","09:59:04",39.75,0.15,1800,574300,"B"
"MWG","09:59:02",39.75,0.15,500,572500,"B"
"MWG","09:58:17",39.75,0.15,14700,572000,"S"
"MWG","09:58:07",39.75,0.15,100,557300,"S"
"MWG","09:58:03",39.7,0.1,10000,557200,"B"
"MWG","09:57:57",39.7,0.1,100,547200,"B"
"MWG","09:57:56",39.75,0.15,900,547100,"S"
"MWG","09:57:42",39.7,0.1,1000,546200,"B"
"MWG","09:57:18",39.75,0.15,200,545200,"S"
"MWG","09:56:44",39.7,0.1,2000,545000,"B"
"MWG","09:56:43",39.7,0.1,100,543000,"B"
"MWG","09:56:40",39.75,0.15,100,542900,"S"
"MWG","09:56:34",39.75,0.15,1100,542800,"B"
"MWG","09:56:25",39.75,0.15,1000,541700,"B"
"MWG","09:56:24",39.75,0.15,100,540700,"B"
"MWG","09:56:18",39.75,0.15,1000,540600,"B"
"MWG","09:55:58",39.75,0.15,1200,539600,"S"
"MWG","09:55:54",39.75,0.15,200,538400,"S"
"MWG","09:55:51",39.75,0.15,500,538200,"S"
"MWG","09:55:50",39.75,0.15,1000,537700,"S"
"MWG","09:55:40",39.75,0.15,100,536700,"S"
"MWG","09:55:30",39.75,0.15,100,536600,"S"
"MWG","09:55:29",39.75,0.15,3000,536500,"B"
"MWG","09:55:29",39.75,0.15,2000,533500,"B"
"MWG","09:55:28",39.75,0.15,100,531500,"B"
"MWG","09:55:27",39.75,0.15,200,531400,"B"
"MWG","09:55:13",39.75,0.15,400,531200,"B"
"MWG","09:55:11",39.75,0.15,200,530800,"B"
"MWG","09:55:11",39.75,0.15,10000,530600,"B"
"MWG","09:54:48",39.75,0.15,3000,520600,"B"
"MWG","09:54:46",39.8,0.2,100,517600,"S"
"MWG","09:54:41",39.75,0.15,100,517500,"B"
"MWG","09:54:33",39.75,0.15,5700,517400,"B"
"MWG","09:54:14",39.75,0.15,100,511700,"B"
"MWG","09:54:12",39.8,0.2,300,511600,"S"
"MWG","09:54:07",39.8,0.2,100,511300,"S"
"MWG","09:54:01",39.75,0.15,300,511200,"B"
"MWG","09:53:27",39.75,0.15,500,510900,"B"
"MWG","09:53:12",39.75,0.15,100,510400,"B"
"MWG","09:53:02",39.8,0.2,600,510300,"S"
"MWG","09:53:00",39.75,0.15,100,509700,"B"
"MWG","09:52:41",39.8,0.2,100,509600,"S"
"MWG","09:52:32",39.8,0.2,1000,509500,"S"
"MWG","09:51:45",39.75,0.15,100,508500,"B"
"MWG","09:51:44",39.8,0.2,200,508400,"S"
"MWG","09:51:32",39.8,0.2,100,508200,"S"
"MWG","09:51:28",39.8,0.2,2000,508100,"S"
"MWG","09:51:07",39.75,0.15,100,505900,"B"
"MWG","09:51:05",39.8,0.2,500,505800,"S"
"MWG","09:51:02",39.8,0.2,100,505300,"S"
"MWG","09:50:50",39.8,0.2,1000,505200,"S"
"MWG","09:50:50",39.75,0.15,4900,504200,"B"
"MWG","09:50:44",39.8,0.2,100,499300,"B"
"MWG","09:50:31",39.8,0.2,100,499200,"B"
"MWG","09:50:26",39.8,0.2,100,499100,"B"
"MWG","09:50:22",39.8,0.2,1000,499000,"B"
"MWG","09:50:19",39.8,0.2,4200,498000,"S"
"MWG","09:50:13",39.8,0.2,3000,493800,"S"
"MWG","09:49:31",39.75,0.15,100,490800,"B"
"MWG","09:49:17",39.75,0.15,1000,490700,"B"
"MWG","09:49:17",39.75,0.15,100,489700,"B"
"MWG","09:49:11",39.75,0.15,1000,489600,"B"
"MWG","09:49:05",39.8,0.2,100,488600,"S"
"MWG","09:49:00",39.8,0.2,4900,488500,"S"
"MWG","09:49:00",39.8,0.2,800,483600,"S"
"MWG","09:48:43",39.8,0.2,2000,482800,"S"
"MWG","09:48:18",39.8,0.2,100,480800,"S"
"MWG","09:48:03",39.75,0.15,100,480700,"B"
"MWG","09:47:48",39.8,0.2,1000,480600,"S"
"MWG","09:47:37",39.8,0.2,1000,479600,"S"
"MWG","09:47:35",39.8,0.2,100,478600,"S"
"MWG","09:47:28",39.8,0.2,300,478500,"S"
"MWG","09:47:13",39.8,0.2,2200,478200,"S"
"MWG","09:47:09",39.8,0.2,1000,476000,"S"
"MWG","09:47:07",39.8,0.2,1600,475000,"B"
"MWG","09:47:07",39.8,0.2,20000,473400,"B"
"MWG","09:47:00",39.85,0.25,500,453400,"S"
"MWG","09:46:57",39.85,0.25,10000,452900,"S"
"MWG","09:46:49",39.8,0.2,3100,442900,"B"
"MWG","09:46:45",39.85,0.25,100,439800,"S"
"MWG","09:46:11",39.8,0.2,900,439700,"B"
"MWG","09:46:08",39.85,0.25,1000,438800,"S"
"MWG","09:46:01",39.85,0.25,600,437800,"S"
"MWG","09:45:56",39.85,0.25,100,437200,"S"
"MWG","09:45:54",39.85,0.25,1000,437100,"S"
"MWG","09:45:41",39.85,0.25,1400,436100,"S"
"MWG","09:45:35",39.8,0.2,100,434700,"B"
"MWG","09:45:30",39.85,0.25,100,434600,"S"
"MWG","09:45:24",39.8,0.2,1000,434500,"B"
"MWG","09:45:17",39.85,0.25,100,433500,"S"
"MWG","09:45:16",39.85,0.25,800,433400,"S"
"MWG","09:45:13",39.85,0.25,1000,432600,"S"
"MWG","09:45:09",39.8,0.2,1000,431600,"B"
"MWG","09:45:09",39.85,0.25,1000,430600,"S"
"MWG","09:44:59",39.85,0.25,3100,429600,"S"
"MWG","09:44:56",39.85,0.25,500,426500,"S"
"MWG","09:44:38",39.85,0.25,900,426000,"S"
"MWG","09:44:21",39.8,0.2,100,425100,"B"
"MWG","09:43:32",39.8,0.2,2000,425000,"B"
"MWG","09:43:09",39.85,0.25,1000,423000,"S"
"MWG","09:43:07",39.8,0.2,100,422000,"B"
"MWG","09:43:00",39.85,0.25,500,421900,"S"
"MWG","09:42:55",39.85,0.25,100,421400,"S"
"MWG","09:42:34",39.85,0.25,2000,421300,"S"
"MWG","09:42:29",39.85,0.25,100,419300,"S"
"MWG","09:42:25",39.85,0.25,100,419200,"S"
"MWG","09:42:15",39.85,0.25,1000,419100,"S"
"MWG","09:42:13",39.85,0.25,100,418100,"S"
"MWG","09:41:54",39.85,0.25,2000,418000,"S"
"MWG","09:41:53",39.8,0.2,100,416000,"B"
"MWG","09:41:51",39.8,0.2,400,415900,"S"
"MWG","09:41:48",39.8,0.2,300,415500,"S"
"MWG","09:41:43",39.8,0.2,500,415200,"S"
"MWG","09:41:43",39.8,0.2,5000,414700,"S"
"MWG","09:41:41",39.8,0.2,3000,404700,"S"
"MWG","09:41:29",39.8,0.2,100,401700,"S"
"MWG","09:41:29",39.8,0.2,2000,401600,"S"
"MWG","09:41:22",39.8,0.2,2000,399600,"S"
"MWG","09:41:19",39.8,0.2,200,397600,"S"
"MWG","09:41:16",39.75,0.15,1500,397400,"B"
"MWG","09:41:16",39.8,0.2,600,395900,"S"
"MWG","09:41:14",39.8,0.2,2000,395300,"S"
"MWG","09:41:13",39.8,0.2,100,393300,"S"
"MWG","09:41:07",39.8,0.2,1500,393200,"S"
"MWG","09:40:56",39.8,0.2,100,391700,"S"
"MWG","09:40:52",39.8,0.2,100,391600,"S"
"MWG","09:40:43",39.8,0.2,2000,391500,"S"
"MWG","09:40:40",39.75,0.15,1000,389500,"B"
"MWG","09:40:39",39.75,0.15,100,388500,"B"
"MWG","09:40:34",39.8,0.2,5800,388400,"S"
"MWG","09:40:32",39.75,0.15,200,382600,"B"
"MWG","09:40:26",39.8,0.2,400,382400,"S"
"MWG","09:40:12",39.8,0.2,300,382000,"S"
"MWG","09:40:12",39.8,0.2,2500,381700,"S"
"MWG","09:39:52",39.8,0.2,1000,379200,"S"
"MWG","09:39:25",39.75,0.15,5800,378200,"B"
"MWG","09:39:17",39.8,0.2,100,372400,"S"
"MWG","09:39:15",39.8,0.2,100,372300,"S"
"MWG","09:38:50",39.8,0.2,200,372200,"S"
"MWG","09:38:44",39.75,0.15,200,372000,"S"
"MWG","09:38:40",39.75,0.15,1500,371800,"S"
"MWG","09:38:36",39.75,0.15,200,370300,"S"
"MWG","09:38:35",39.75,0.15,500,370100,"S"
"MWG","09:38:33",39.75,0.15,1000,369600,"S"
"MWG","09:38:31",39.75,0.15,1100,368600,"S"
"MWG","09:38:29",39.75,0.15,500,367500,"S"
"MWG","09:38:17",39.75,0.15,1000,367000,"S"
"MWG","09:38:11",39.7,0.1,100,366000,"B"
"MWG","09:38:08",39.75,0.15,200,365900,"S"
"MWG","09:37:57",39.75,0.15,500,365700,"S"
"MWG","09:37:42",39.75,0.15,800,365200,"S"
"MWG","09:37:34",39.75,0.15,800,364400,"B"
"MWG","09:37:18",39.75,0.15,1400,363600,"S"
"MWG","09:37:15",39.75,0.15,200,362200,"S"
"MWG","09:37:08",39.75,0.15,100,362000,"S"
"MWG","09:36:58",39.7,0.1,100,361900,"B"
"MWG","09:36:55",39.75,0.15,300,361800,"B"
"MWG","09:36:51",39.8,0.2,500,361500,"S"
"MWG","09:36:36",39.7,0.1,4600,361000,"B"
"MWG","09:36:35",39.75,0.15,1100,356400,"B"
"MWG","09:36:22",39.75,0.15,22000,355300,"S"
"MWG","09:36:09",39.7,0.1,300,333300,"B"
"MWG","09:35:44",39.7,0.1,100,333000,"B"
"MWG","09:35:07",39.7,0.1,200,332900,"B"
"MWG","09:34:30",39.7,0.1,100,332700,"B"
"MWG","09:34:29",39.7,0.1,5000,332600,"B"
"MWG","09:34:17",39.7,0.1,2200,327600,"B"
"MWG","09:33:48",39.75,0.15,1000,325400,"S"
"MWG","09:33:38",39.7,0.1,200,324400,"S"
"MWG","09:33:31",39.7,0.1,200,324200,"S"
"MWG","09:33:27",39.7,0.1,1200,324000,"B"
"MWG","09:33:21",39.75,0.15,100,322800,"S"
"MWG","09:33:17",39.65,0.05,100,322700,"B"
"MWG","09:33:14",39.75,0.15,300,322600,"S"
"MWG","09:33:14",39.7,0.1,300,322300,"S"
"MWG","09:33:13",39.7,0.1,4700,322000,"B"
"MWG","09:33:13",39.75,0.15,2000,317300,"S"
"MWG","09:32:44",39.7,0.1,1000,315300,"B"
"MWG","09:32:27",39.7,0.1,4000,314300,"B"
"MWG","09:32:25",39.7,0.1,100,310300,"S"
"MWG","09:32:23",39.7,0.1,100,310200,"S"
"MWG","09:32:20",39.7,0.1,2000,310100,"S"
"MWG","09:32:18",39.7,0.1,1000,308100,"S"
"MWG","09:32:12",39.7,0.1,100,307100,"S"
"MWG","09:32:08",39.7,0.1,1000,307000,"S"
"MWG","09:32:04",39.65,0.05,100,306000,"B"
"MWG","09:31:58",39.7,0.1,1100,305900,"S"
"MWG","09:31:50",39.7,0.1,500,304800,"S"
"MWG","09:31:47",39.65,0.05,1400,304300,"B"
"MWG","09:31:46",39.7,0.1,3100,302900,"B"
"MWG","09:31:45",39.75,0.15,10000,299800,"S"
"MWG","09:30:51",39.75,0.15,1000,289800,"S"
"MWG","09:30:49",39.65,0.05,100,288800,"B"
"MWG","09:30:49",39.7,0.1,100,288700,"B"
"MWG","09:30:41",39.75,0.15,700,288600,"S"
"MWG","09:30:41",39.7,0.1,700,287900,"S"
"MWG","09:30:38",39.7,0.1,100,287200,"S"
"MWG","09:30:31",39.7,0.1,700,287100,"S"
"MWG","09:30:28",39.7,0.1,300,286400,"S"
"MWG","09:30:26",39.7,0.1,100,286100,"S"
"MWG","09:30:22",39.7,0.1,500,286000,"S"
"MWG","09:30:22",39.7,0.1,2000,285500,"S"
"MWG","09:30:14",39.7,0.1,100,283500,"S"
"MWG","09:30:11",39.7,0.1,500,283400,"S"
"MWG","09:30:07",39.65,0.05,3600,282900,"B"
"MWG","09:30:03",39.7,0.1,200,279300,"S"
"MWG","09:29:52",39.7,0.1,200,279100,"S"
"MWG","09:29:51",39.65,0.05,100,278900,"B"
"MWG","09:29:45",39.7,0.1,100,278800,"S"
"MWG","09:29:38",39.65,0.05,900,278700,"B"
"MWG","09:29:36",39.65,0.05,100,277800,"B"
"MWG","09:29:33",39.65,0.05,900,277700,"B"
"MWG","09:29:28",39.65,0.05,700,276800,"B"
"MWG","09:29:27",39.65,0.05,900,276100,"B"
"MWG","09:29:26",39.7,0.1,1000,275200,"S"
"MWG","09:29:21",39.65,0.05,900,274200,"B"
"MWG","09:29:15",39.65,0.05,4000,273300,"B"
"MWG","09:28:56",39.65,0.05,500,269300,"B"
"MWG","09:28:56",39.7,0.1,400,268800,"B"
"MWG","09:28:51",39.7,0.1,900,268400,"B"
"MWG","09:28:45",39.7,0.1,900,267500,"B"
"MWG","09:28:41",39.7,0.1,700,266600,"S"
"MWG","09:28:40",39.65,0.05,5700,265900,"B"
"MWG","09:28:39",39.65,0.05,900,260200,"B"
"MWG","09:28:33",39.65,0.05,900,259300,"B"
"MWG","09:28:32",39.7,0.1,2000,258400,"S"
"MWG","09:28:27",39.7,0.1,100,256400,"S"
"MWG","09:28:27",39.65,0.05,2000,256300,"B"
"MWG","09:28:26",39.65,0.05,900,254300,"B"
"MWG","09:28:25",39.7,0.1,200,253400,"S"
"MWG","09:28:22",39.65,0.05,100,253200,"B"
"MWG","09:28:20",39.65,0.05,900,253100,"B"
"MWG","09:28:18",39.7,0.1,2000,252200,"S"
"MWG","09:28:16",39.65,0.05,900,250200,"B"
"MWG","09:28:12",39.7,0.1,100,249300,"S"
"MWG","09:28:10",39.65,0.05,900,249200,"B"
"MWG","09:27:55",39.7,0.1,500,248300,"S"
"MWG","09:27:54",39.65,0.05,900,247800,"B"
"MWG","09:27:47",39.65,0.05,900,246900,"B"
"MWG","09:27:42",39.7,0.1,300,246000,"S"
"MWG","09:27:40",39.7,0.1,500,245700,"B"
"MWG","09:27:37",39.7,0.1,5200,245200,"B"
"MWG","09:27:28",39.75,0.15,100,240000,"S"
"MWG","09:27:11",39.7,0.1,900,239900,"B"
"MWG","09:27:09",39.7,0.1,3000,239000,"B"
"MWG","09:27:08",39.7,0.1,100,236000,"B"
"MWG","09:27:07",39.75,0.15,1000,235900,"S"
"MWG","09:26:55",39.7,0.1,900,234900,"B"
"MWG","09:26:55",39.75,0.15,200,234000,"S"
"MWG","09:26:49",39.7,0.1,900,233800,"B"
"MWG","09:26:48",39.75,0.15,1000,232900,"S"
"MWG","09:26:47",39.7,0.1,3100,231900,"B"
"MWG","09:26:44",39.7,0.1,900,228800,"B"
"MWG","09:26:44",39.75,0.15,900,227900,"S"
"MWG","09:26:42",39.75,0.15,9700,227000,"B"
"MWG","09:26:36",39.75,0.15,1000,217300,"B"
"MWG","09:26:35",39.8,0.2,200,216300,"S"
"MWG","09:26:32",39.75,0.15,900,216100,"B"
"MWG","09:26:31",39.75,0.15,100,215200,"B"
"MWG","09:26:27",39.75,0.15,1000,215100,"B"
"MWG","09:26:26",39.75,0.15,900,214100,"B"
"MWG","09:26:25",39.75,0.15,100,213200,"B"
"MWG","09:26:21",39.75,0.15,900,213100,"B"
"MWG","09:26:16",39.75,0.15,900,212200,"B"
"MWG","09:26:12",39.75,0.15,900,211300,"B"
"MWG","09:26:06",39.75,0.15,900,210400,"B"
"MWG","09:26:06",39.8,0.2,1000,209500,"S"
"MWG","09:26:00",39.75,0.15,900,208500,"B"
"MWG","09:25:57",39.75,0.15,4400,207600,"B"
"MWG","09:25:55",39.75,0.15,100,203200,"B"
"MWG","09:25:45",39.8,0.2,2400,203100,"S"
"MWG","09:25:16",39.75,0.15,10000,200700,"B"
"MWG","09:25:07",39.75,0.15,8700,190700,"B"
"MWG","09:25:01",39.8,0.2,16400,182000,"B"
"MWG","09:24:41",39.8,0.2,100,165600,"B"
"MWG","09:24:27",39.8,0.2,1000,165500,"B"
"MWG","09:23:55",39.8,0.2,8800,164500,"S"
"MWG","09:23:55",39.8,0.2,500,155700,"S"
"MWG","09:23:54",39.8,0.2,700,155200,"B"
"MWG","09:23:48",39.8,0.2,2300,154500,"S"
"MWG","09:23:41",39.8,0.2,12000,152200,"S"
"MWG","09:23:40",39.8,0.2,1000,140200,"S"
"MWG","09:23:37",39.8,0.2,500,139200,"S"
"MWG","09:23:36",39.8,0.2,8800,138700,"S"
"MWG","09:23:30",39.8,0.2,1700,129900,"S"
"MWG","09:23:28",39.75,0.15,100,128200,"B"
"MWG","09:23:17",39.8,0.2,500,128100,"S"
"MWG","09:23:15",39.8,0.2,100,127600,"S"
"MWG","09:23:04",39.8,0.2,2000,127500,"S"
"MWG","09:23:02",39.75,0.15,100,125500,"B"
"MWG","09:22:45",39.75,0.15,4800,125400,"S"
"MWG","09:22:44",39.75,0.15,2000,120600,"S"
"MWG","09:22:38",39.75,0.15,500,118600,"S"
"MWG","09:22:35",39.75,0.15,1800,118100,"S"
"MWG","09:22:23",39.75,0.15,2100,116300,"B"
"MWG","09:22:23",39.8,0.2,400,114200,"S"
"MWG","09:22:21",39.8,0.2,200,113800,"S"
"MWG","09:22:20",39.8,0.2,200,113600,"S"
"MWG","09:22:19",39.75,0.15,3000,113400,"B"
"MWG","09:22:14",39.75,0.15,100,110400,"B"
"MWG","09:22:13",39.8,0.2,2400,110300,"S"
"MWG","09:22:12",39.8,0.2,600,107900,"S"
"MWG","09:22:11",39.8,0.2,100,107300,"S"
"MWG","09:22:08",39.75,0.15,100,107200,"B"
"MWG","09:21:50",39.8,0.2,1000,107100,"S"
"MWG","09:21:03",39.75,0.15,2100,106100,"S"
"MWG","09:21:02",39.75,0.15,800,104000,"S"
"MWG","09:21:01",39.7,0.1,100,103200,"B"
"MWG","09:20:45",39.75,0.15,100,103100,"S"
"MWG","09:20:32",39.75,0.15,2400,103000,"B"
"MWG","09:20:26",39.75,0.15,1000,100600,"B"
"MWG","09:20:18",39.75,0.15,4800,99600,"S"
"MWG","09:20:12",39.75,0.15,200,94800,"S"
"MWG","09:20:07",39.7,0.1,300,94600,"B"
"MWG","09:20:03",39.7,0.1,200,94300,"B"
"MWG","09:19:52",39.7,0.1,1300,94100,"S"
"MWG","09:19:51",39.7,0.1,100,92800,"S"
"MWG","09:19:50",39.7,0.1,100,92700,"S"
"MWG","09:19:48",39.65,0.05,100,92600,"B"
"MWG","09:19:44",39.7,0.1,100,92500,"S"
"MWG","09:19:43",39.7,0.1,400,92400,"S"
"MWG","09:19:34",39.7,0.1,3000,92000,"S"
"MWG","09:19:28",39.65,0.05,200,89000,"S"
"MWG","09:19:19",39.65,0.05,300,88800,"B"
"MWG","09:18:38",39.6,0,800,88500,"S"
"MWG","09:18:34",39.55,-0.05,100,87700,"B"
"MWG","09:18:32",39.6,0,700,87600,"S"
"MWG","09:18:27",39.55,-0.05,900,86900,"B"
"MWG","09:18:24",39.6,0,100,86000,"S"
"MWG","09:18:12",39.6,0,200,85900,"S"
"MWG","09:18:07",39.6,0,100,85700,"S"
"MWG","09:18:01",39.6,0,400,85600,"B"
"MWG","09:17:48",39.55,-0.05,500,85200,"B"
"MWG","09:17:42",39.6,0,900,84300,"B"
"MWG","09:17:37",39.6,0,900,83400,"B"
"MWG","09:17:31",39.6,0,900,82500,"B"
"MWG","09:17:27",39.55,-0.05,900,81600,"B"
"MWG","09:17:23",39.55,-0.05,900,80700,"B"
"MWG","09:17:10",39.55,-0.05,300,79800,"B"
"MWG","09:17:07",39.55,-0.05,900,79500,"B"
"MWG","09:16:59",39.55,-0.05,200,78600,"B"
"MWG","09:16:58",39.8,0.2,1200,78400,"S"
"MWG","09:16:58",39.6,0,200,77200,"S"
"MWG","09:16:49",39.55,-0.05,500,77000,"B"
"MWG","09:16:19",39.55,-0.05,1000,76500,"S"
"MWG","09:16:17",39.55,-0.05,3500,75500,"S"
"MWG","09:16:16",39.5,-0.1,5700,72000,"B"
"MWG","09:16:12",39.55,-0.05,1000,66300,"S"
"MWG","09:16:11",39.55,-0.05,200,65300,"S"
"MWG","09:16:10",39.5,-0.1,500,65100,"B"
"MWG","09:16:08",39.55,-0.05,5000,64600,"S"
"MWG","09:16:07",39.55,-0.05,100,59600,"S"
"MWG","09:16:06",39.5,-0.1,5700,59500,"B"
"MWG","09:16:05",39.55,-0.05,200,53800,"S"
"MWG","09:16:02",39.55,-0.05,500,53600,"S"
"MWG","09:16:00",39.55,-0.05,16900,53100,"S"
"MWG","09:15:54",39.55,-0.05,100,36200,"S"
"MWG","09:15:50",39.55,-0.05,1000,36100,"S"
"MWG","09:15:43",39.55,-0.05,100,35100,"S"
"MWG","09:15:40",39.55,-0.05,5000,35000,"B"
"MWG","09:15:34",39.6,0,5000,30000,"S"
"MWG","09:15:25",39.6,0,200,25000,"S"
"MWG","09:15:02",39.6,0,100,24800,"S"
"MWG","09:15:00",39.5,-0.1,23800,23800,
