"symbol","time","price","change","vol","total","side"
"TPB","14:45:02",17,0.1,69900,2428400,
"TPB","14:29:34",16.85,-0.05,800,2358500,"S"
"TPB","14:29:33",16.85,-0.05,9400,2357700,"B"
"TPB","14:29:33",16.9,0,3600,2348300,"B"
"TPB","14:29:33",16.95,0.05,1200,2344700,"B"
"TPB","14:29:30",16.95,0.05,8800,2343500,"S"
"TPB","14:29:00",16.95,0.05,2200,2334700,"S"
"TPB","14:28:51",16.95,0.05,2200,2332500,"S"
"TPB","14:28:34",16.95,0.05,2200,2330300,"S"
"TPB","14:28:27",16.95,0.05,2200,2328100,"S"
"TPB","14:28:26",16.95,0.05,5000,2325900,"S"
"TPB","14:28:14",16.95,0.05,2200,2320900,"S"
"TPB","14:28:10",16.95,0.05,2200,2318700,"S"
"TPB","14:28:00",16.9,0,200,2316500,"S"
"TPB","14:27:57",16.9,0,20000,2316300,"S"
"TPB","14:27:43",16.9,0,700,2296300,"S"
"TPB","14:27:42",16.9,0,10000,2295600,"S"
"TPB","14:27:41",16.9,0,2200,2285600,"S"
"TPB","14:27:36",16.9,0,5000,2283400,"S"
"TPB","14:27:34",16.9,0,2200,2278400,"S"
"TPB","14:27:29",16.9,0,200,2276200,"S"
"TPB","14:27:27",16.9,0,2200,2276000,"S"
"TPB","14:27:19",16.9,0,2200,2273800,"S"
"TPB","14:27:11",16.9,0,2200,2271600,"S"
"TPB","14:27:01",16.9,0,2200,2269400,"S"
"TPB","14:26:55",16.9,0,2200,2267200,"S"
"TPB","14:26:49",16.9,0,2200,2265000,"S"
"TPB","14:26:44",16.9,0,2200,2262800,"S"
"TPB","14:26:41",16.85,-0.05,10000,2260600,"B"
"TPB","14:26:37",16.9,0,100,2250600,"S"
"TPB","14:26:30",16.9,0,2200,2250500,"S"
"TPB","14:26:20",16.9,0,1300,2248300,"B"
"TPB","14:26:16",16.95,0.05,4400,2247000,"S"
"TPB","14:26:10",16.95,0.05,2200,2242600,"S"
"TPB","14:26:06",16.9,0,100,2240400,"B"
"TPB","14:26:00",16.95,0.05,2200,2240300,"S"
"TPB","14:25:44",16.95,0.05,6600,2238100,"S"
"TPB","14:25:39",16.95,0.05,2200,2231500,"S"
"TPB","14:25:33",16.95,0.05,2200,2229300,"S"
"TPB","14:25:28",16.95,0.05,2200,2227100,"S"
"TPB","14:25:25",16.95,0.05,5000,2224900,"S"
"TPB","14:25:23",16.95,0.05,2200,2219900,"S"
"TPB","14:25:18",16.95,0.05,2100,2217700,"S"
"TPB","14:25:18",16.9,0,100,2215600,"S"
"TPB","14:25:10",16.95,0.05,200,2215500,"S"
"TPB","14:24:55",16.95,0.05,2200,2215300,"S"
"TPB","14:24:45",16.95,0.05,2200,2213100,"S"
"TPB","14:24:40",16.95,0.05,2200,2210900,"S"
"TPB","14:24:34",16.95,0.05,1000,2208700,"S"
"TPB","14:24:33",16.95,0.05,2200,2207700,"S"
"TPB","14:24:21",16.95,0.05,2200,2205500,"S"
"TPB","14:24:09",16.95,0.05,700,2203300,"S"
"TPB","14:24:09",16.9,0,3700,2202600,"S"
"TPB","14:24:03",16.9,0,4400,2198900,"S"
"TPB","14:23:56",16.9,0,4400,2194500,"S"
"TPB","14:23:49",16.9,0,4400,2190100,"S"
"TPB","14:23:42",16.9,0,4400,2185700,"S"
"TPB","14:23:36",16.9,0,4400,2181300,"S"
"TPB","14:23:31",16.9,0,100,2176900,"S"
"TPB","14:23:28",16.9,0,4400,2176800,"S"
"TPB","14:23:19",16.9,0,300,2172400,"S"
"TPB","14:23:17",16.9,0,4400,2172100,"S"
"TPB","14:23:08",16.9,0,2200,2167700,"S"
"TPB","14:23:05",16.85,-0.05,3300,2165500,"B"
"TPB","14:22:57",16.85,-0.05,700,2162200,"B"
"TPB","14:22:54",16.9,0,4400,2161500,"S"
"TPB","14:22:46",16.85,-0.05,6600,2157100,"B"
"TPB","14:22:34",16.9,0,4400,2150500,"S"
"TPB","14:22:28",16.9,0,4400,2146100,"S"
"TPB","14:22:27",16.9,0,1000,2141700,"S"
"TPB","14:22:07",16.9,0,2200,2140700,"S"
"TPB","14:22:00",16.9,0,2200,2138500,"S"
"TPB","14:21:55",16.85,-0.05,500,2136300,"B"
"TPB","14:21:53",16.9,0,2200,2135800,"S"
"TPB","14:21:47",16.9,0,2200,2133600,"S"
"TPB","14:21:41",16.9,0,1600,2131400,"S"
"TPB","14:21:41",16.85,-0.05,600,2129800,"S"
"TPB","14:21:33",16.85,-0.05,2200,2129200,"S"
"TPB","14:21:28",16.8,-0.1,100,2127000,"B"
"TPB","14:21:22",16.85,-0.05,2200,2126900,"S"
"TPB","14:21:15",16.9,0,2200,2124700,"S"
"TPB","14:21:04",16.9,0,1800,2122500,"S"
"TPB","14:21:04",16.9,0,400,2120700,"S"
"TPB","14:20:56",16.9,0,2200,2120300,"S"
"TPB","14:20:50",16.9,0,2200,2118100,"S"
"TPB","14:20:45",16.9,0,2200,2115900,"S"
"TPB","14:20:39",16.9,0,500,2113700,"S"
"TPB","14:20:37",16.9,0,2200,2113200,"S"
"TPB","14:20:28",16.9,0,400,2111000,"S"
"TPB","14:20:28",16.85,-0.05,1800,2110600,"S"
"TPB","14:20:27",16.85,-0.05,100,2108800,"S"
"TPB","14:20:14",16.85,-0.05,2200,2108700,"S"
"TPB","14:20:07",16.85,-0.05,2200,2106500,"S"
"TPB","14:20:00",16.85,-0.05,2200,2104300,"S"
"TPB","14:19:53",16.85,-0.05,2200,2102100,"S"
"TPB","14:19:47",16.85,-0.05,2200,2099900,"S"
"TPB","14:19:31",16.85,-0.05,2200,2097700,"S"
"TPB","14:19:28",16.8,-0.1,2700,2095500,"B"
"TPB","14:19:19",16.85,-0.05,2200,2092800,"S"
"TPB","14:19:18",16.85,-0.05,4400,2090600,"S"
"TPB","14:19:17",16.8,-0.1,20000,2086200,"B"
"TPB","14:19:10",16.85,-0.05,2200,2066200,"S"
"TPB","14:19:00",16.85,-0.05,2200,2064000,"S"
"TPB","14:18:54",16.8,-0.1,10000,2061800,"B"
"TPB","14:18:52",16.85,-0.05,300,2051800,"S"
"TPB","14:18:42",16.85,-0.05,500,2051500,"S"
"TPB","14:18:34",16.8,-0.1,1000,2051000,"B"
"TPB","14:18:27",16.8,-0.1,100,2050000,"B"
"TPB","14:18:01",16.8,-0.1,200,2049900,"B"
"TPB","14:17:22",16.8,-0.1,100,2049700,"B"
"TPB","14:17:17",16.8,-0.1,1600,2049600,"B"
"TPB","14:15:10",16.85,-0.05,2900,2048000,"B"
"TPB","14:14:52",16.85,-0.05,800,2045100,"B"
"TPB","14:14:52",16.85,-0.05,7800,2044300,"B"
"TPB","14:14:47",16.85,-0.05,900,2036500,"B"
"TPB","14:14:46",16.85,-0.05,2000,2035600,"B"
"TPB","14:14:39",16.85,-0.05,10000,2033600,"B"
"TPB","14:14:36",16.85,-0.05,1000,2023600,"B"
"TPB","14:14:30",16.85,-0.05,16600,2022600,"B"
"TPB","14:14:22",16.85,-0.05,6200,2006000,"B"
"TPB","14:14:09",16.85,-0.05,1000,1999800,"B"
"TPB","14:13:59",16.85,-0.05,61000,1998800,"B"
"TPB","14:13:52",16.85,-0.05,200,1937800,"B"
"TPB","14:13:36",16.85,-0.05,2000,1937600,"B"
"TPB","14:12:52",16.85,-0.05,700,1935600,"B"
"TPB","14:12:34",16.85,-0.05,6000,1934900,"B"
"TPB","14:12:30",16.85,-0.05,1000,1928900,"B"
"TPB","14:12:22",16.85,-0.05,100,1927900,"B"
"TPB","14:12:05",16.85,-0.05,1000,1927800,"B"
"TPB","14:11:31",16.85,-0.05,900,1926800,"B"
"TPB","14:06:52",16.85,-0.05,500,1925900,"B"
"TPB","14:06:46",16.85,-0.05,5000,1925400,"B"
"TPB","14:06:22",16.85,-0.05,500,1920400,"B"
"TPB","14:06:17",16.85,-0.05,3700,1919900,"B"
"TPB","14:06:07",16.85,-0.05,1500,1916200,"B"
"TPB","14:05:52",16.85,-0.05,100,1914700,"B"
"TPB","14:05:22",16.85,-0.05,1600,1914600,"B"
"TPB","14:05:11",16.85,-0.05,15000,1913000,"B"
"TPB","14:04:52",16.85,-0.05,1300,1898000,"B"
"TPB","14:04:40",16.85,-0.05,13100,1896700,"S"
"TPB","14:04:23",16.85,-0.05,200,1883600,"S"
"TPB","14:04:17",16.85,-0.05,500,1883400,"S"
"TPB","14:04:15",16.85,-0.05,500,1882900,"S"
"TPB","14:03:49",16.85,-0.05,4200,1882400,"S"
"TPB","14:03:33",16.85,-0.05,1000,1878200,"S"
"TPB","14:03:18",16.85,-0.05,1000,1877200,"S"
"TPB","14:02:47",16.85,-0.05,1100,1876200,"S"
"TPB","14:02:42",16.85,-0.05,100,1875100,"S"
"TPB","14:02:38",16.85,-0.05,5000,1875000,"S"
"TPB","14:02:03",16.85,-0.05,200,1870000,"S"
"TPB","14:01:46",16.85,-0.05,1200,1869800,"B"
"TPB","14:01:28",16.9,0,2200,1868600,"S"
"TPB","14:01:00",16.9,0,6000,1866400,"S"
"TPB","14:01:00",16.9,0,2200,1860400,"S"
"TPB","14:00:37",16.9,0,4400,1858200,"S"
"TPB","14:00:37",16.9,0,10600,1853800,"S"
"TPB","13:59:22",16.85,-0.05,200,1843200,"B"
"TPB","13:58:52",16.85,-0.05,2500,1843000,"B"
"TPB","13:58:26",16.85,-0.05,25000,1840500,"B"
"TPB","13:55:52",16.85,-0.05,500,1815500,"B"
"TPB","13:55:50",16.85,-0.05,400,1815000,"B"
"TPB","13:55:29",16.9,0,5000,1814600,"S"
"TPB","13:55:12",16.9,0,100,1809600,"S"
"TPB","13:52:52",16.85,-0.05,100,1809500,"B"
"TPB","13:52:45",16.85,-0.05,1700,1809400,"S"
"TPB","13:52:20",16.85,-0.05,3100,1807700,"B"
"TPB","13:52:19",16.85,-0.05,1400,1804600,"B"
"TPB","13:52:17",16.85,-0.05,5000,1803200,"B"
"TPB","13:51:52",16.85,-0.05,300,1798200,"B"
"TPB","13:51:25",16.85,-0.05,3000,1797900,"B"
"TPB","13:51:22",16.85,-0.05,300,1794900,"B"
"TPB","13:51:16",16.85,-0.05,100,1794600,"B"
"TPB","13:51:15",16.85,-0.05,1000,1794500,"B"
"TPB","13:50:53",16.85,-0.05,1000,1793500,"B"
"TPB","13:50:52",16.85,-0.05,1200,1792500,"B"
"TPB","13:50:31",16.85,-0.05,8000,1791300,"B"
"TPB","13:50:29",16.85,-0.05,1600,1783300,"B"
"TPB","13:50:25",16.85,-0.05,2000,1781700,"B"
"TPB","13:50:22",16.85,-0.05,900,1779700,"B"
"TPB","13:50:06",16.85,-0.05,4400,1778800,"B"
"TPB","13:49:55",16.85,-0.05,4400,1774400,"B"
"TPB","13:49:52",16.85,-0.05,200,1770000,"B"
"TPB","13:49:36",16.85,-0.05,2000,1769800,"B"
"TPB","13:48:52",16.85,-0.05,100,1767800,"B"
"TPB","13:48:37",16.85,-0.05,1000,1767700,"B"
"TPB","13:48:22",16.85,-0.05,600,1766700,"B"
"TPB","13:48:14",16.85,-0.05,6000,1766100,"B"
"TPB","13:47:22",16.85,-0.05,500,1760100,"B"
"TPB","13:47:09",16.85,-0.05,3000,1759600,"B"
"TPB","13:46:58",16.85,-0.05,2000,1756600,"B"
"TPB","13:46:22",16.85,-0.05,100,1754600,"B"
"TPB","13:45:52",16.85,-0.05,400,1754500,"B"
"TPB","13:45:52",16.85,-0.05,600,1754100,"B"
"TPB","13:45:29",16.85,-0.05,2000,1753500,"B"
"TPB","13:45:26",16.85,-0.05,2200,1751500,"B"
"TPB","13:44:52",16.85,-0.05,200,1749300,"B"
"TPB","13:44:46",16.85,-0.05,500,1749100,"B"
"TPB","13:44:44",16.85,-0.05,2000,1748600,"B"
"TPB","13:44:22",16.85,-0.05,300,1746600,"B"
"TPB","13:44:18",16.85,-0.05,1000,1746300,"B"
"TPB","13:43:57",16.85,-0.05,400,1745300,"B"
"TPB","13:43:52",16.85,-0.05,2400,1744900,"B"
"TPB","13:43:51",16.85,-0.05,2000,1742500,"B"
"TPB","13:43:50",16.85,-0.05,5000,1740500,"B"
"TPB","13:43:37",16.85,-0.05,300,1735500,"B"
"TPB","13:43:30",16.85,-0.05,4400,1735200,"B"
"TPB","13:43:24",16.85,-0.05,4400,1730800,"B"
"TPB","13:43:23",16.85,-0.05,8800,1726400,"B"
"TPB","13:43:17",16.9,0,100,1717600,"S"
"TPB","13:42:49",16.9,0,500,1717500,"S"
"TPB","13:42:07",16.9,0,13000,1717000,"S"
"TPB","13:42:00",16.9,0,21400,1704000,"S"
"TPB","13:41:52",16.85,-0.05,3100,1682600,"B"
"TPB","13:41:49",16.85,-0.05,15000,1679500,"B"
"TPB","13:41:39",16.9,0,10400,1664500,"S"
"TPB","13:41:31",16.9,0,6000,1654100,"S"
"TPB","13:41:21",16.9,0,3800,1648100,"S"
"TPB","13:41:11",16.9,0,6500,1644300,"S"
"TPB","13:40:57",16.9,0,4000,1637800,"S"
"TPB","13:40:48",16.9,0,100,1633800,"S"
"TPB","13:40:47",16.9,0,5900,1633700,"S"
"TPB","13:40:43",16.9,0,1000,1627800,"S"
"TPB","13:40:36",16.9,0,100,1626800,"S"
"TPB","13:40:06",16.9,0,11000,1626700,"S"
"TPB","13:39:48",16.9,0,45500,1615700,"S"
"TPB","13:39:12",16.9,0,15600,1570200,"S"
"TPB","13:39:03",16.9,0,3600,1554600,"S"
"TPB","13:39:02",16.9,0,5400,1551000,"S"
"TPB","13:38:57",16.9,0,8300,1545600,"S"
"TPB","13:38:40",16.9,0,31500,1537300,"S"
"TPB","13:38:31",16.9,0,23000,1505800,"S"
"TPB","13:38:14",16.9,0,6100,1482800,"S"
"TPB","13:38:04",16.9,0,6800,1476700,"S"
"TPB","13:37:54",16.9,0,4500,1469900,"S"
"TPB","13:37:52",16.9,0,100,1465400,"S"
"TPB","13:37:42",16.9,0,15000,1465300,"S"
"TPB","13:37:33",16.9,0,3500,1450300,"S"
"TPB","13:37:24",16.9,0,4900,1446800,"S"
"TPB","13:37:18",16.9,0,3200,1441900,"S"
"TPB","13:37:10",16.9,0,5000,1438700,"S"
"TPB","13:36:55",16.9,0,50000,1433700,"S"
"TPB","13:36:32",16.9,0,100,1383700,"S"
"TPB","13:36:21",16.9,0,2000,1383600,"S"
"TPB","13:36:15",16.9,0,3000,1381600,"S"
"TPB","13:36:06",16.9,0,4500,1378600,"S"
"TPB","13:36:00",16.9,0,5000,1374100,"S"
"TPB","13:35:46",16.9,0,6000,1369100,"S"
"TPB","13:35:26",16.9,0,11000,1363100,"S"
"TPB","13:35:10",16.9,0,15300,1352100,"S"
"TPB","13:35:01",16.9,0,21100,1336800,"S"
"TPB","13:35:00",16.9,0,2500,1315700,"S"
"TPB","13:34:48",16.9,0,15000,1313200,"S"
"TPB","13:34:42",16.9,0,30000,1298200,"S"
"TPB","13:34:35",16.9,0,21000,1268200,"S"
"TPB","13:34:22",16.9,0,13000,1247200,"S"
"TPB","13:34:18",16.9,0,100,1234200,"S"
"TPB","13:33:48",16.9,0,20000,1234100,"S"
"TPB","13:33:32",16.9,0,23100,1214100,"S"
"TPB","13:33:13",16.9,0,32200,1191000,"S"
"TPB","13:33:02",16.85,-0.05,3000,1158800,"B"
"TPB","13:32:52",16.85,-0.05,4100,1155800,"B"
"TPB","13:32:51",16.85,-0.05,2000,1151700,"B"
"TPB","13:32:50",16.9,0,17400,1149700,"S"
"TPB","13:32:36",16.9,0,21300,1132300,"S"
"TPB","13:32:34",16.9,0,400,1111000,"S"
"TPB","13:32:14",16.9,0,50000,1110600,"S"
"TPB","13:32:01",16.9,0,10000,1060600,"S"
"TPB","13:31:48",16.9,0,17000,1050600,"S"
"TPB","13:31:45",16.9,0,400,1033600,"S"
"TPB","13:31:44",16.9,0,7000,1033200,"B"
"TPB","13:31:39",16.9,0,16300,1026200,"S"
"TPB","13:31:38",16.85,-0.05,40000,1009900,"B"
"TPB","13:31:32",16.9,0,100,969900,"S"
"TPB","13:31:25",16.9,0,100,969800,"S"
"TPB","13:31:22",16.9,0,16400,969700,"S"
"TPB","13:31:08",16.9,0,15700,953300,"S"
"TPB","13:30:52",16.9,0,6500,937600,"S"
"TPB","13:30:41",16.9,0,5500,931100,"S"
"TPB","13:30:24",16.9,0,1000,925600,"S"
"TPB","13:30:22",16.85,-0.05,2800,924600,"B"
"TPB","13:30:19",16.85,-0.05,4400,921800,"B"
"TPB","13:30:17",16.9,0,12100,917400,"S"
"TPB","13:30:12",16.85,-0.05,1200,905300,"B"
"TPB","13:30:06",16.9,0,10300,904100,"S"
"TPB","13:29:47",16.9,0,300,893800,"S"
"TPB","13:29:24",16.9,0,5500,893500,"S"
"TPB","13:29:23",16.9,0,9500,888000,"S"
"TPB","13:28:50",16.9,0,10000,878500,"S"
"TPB","13:28:27",16.9,0,10000,868500,"S"
"TPB","13:28:22",16.85,-0.05,4400,858500,"B"
"TPB","13:27:50",16.85,-0.05,300,854100,"B"
"TPB","13:27:22",16.85,-0.05,400,853800,"B"
"TPB","13:27:02",16.85,-0.05,4400,853400,"B"
"TPB","13:26:08",16.9,0,100,849000,"S"
"TPB","13:25:22",16.85,-0.05,400,848900,"B"
"TPB","13:25:19",16.85,-0.05,100,848500,"B"
"TPB","13:25:18",16.85,-0.05,4400,848400,"B"
"TPB","13:24:22",16.85,-0.05,900,844000,"B"
"TPB","13:24:13",16.85,-0.05,4400,843100,"B"
"TPB","13:24:13",16.85,-0.05,2200,838700,"B"
"TPB","13:24:12",16.85,-0.05,2200,836500,"B"
"TPB","13:23:58",16.9,0,500,834300,"S"
"TPB","13:23:51",16.9,0,2000,833800,"S"
"TPB","13:23:28",16.9,0,100,831800,"S"
"TPB","13:23:12",16.9,0,100,831700,"S"
"TPB","13:20:22",16.85,-0.05,600,831600,"B"
"TPB","13:19:58",16.85,-0.05,6600,831000,"B"
"TPB","13:18:39",16.85,-0.05,100,824400,"B"
"TPB","13:16:31",16.85,-0.05,100,824300,"B"
"TPB","13:16:08",16.85,-0.05,300,824200,"B"
"TPB","13:14:59",16.85,-0.05,100,823900,"B"
"TPB","13:13:52",16.85,-0.05,100,823800,"B"
"TPB","13:13:25",16.85,-0.05,1000,823700,"B"
"TPB","13:12:01",16.9,0,1600,822700,"S"
"TPB","13:11:57",16.9,0,100,821100,"S"
"TPB","13:11:47",16.9,0,3200,821000,"S"
"TPB","13:11:15",16.9,0,3200,817800,"S"
"TPB","13:11:12",16.85,-0.05,500,814600,"B"
"TPB","13:10:52",16.85,-0.05,100,814100,"B"
"TPB","13:10:52",16.9,0,1600,814000,"S"
"TPB","13:10:22",16.85,-0.05,100,812400,"B"
"TPB","13:09:59",16.85,-0.05,300,812300,"B"
"TPB","13:09:57",16.9,0,1600,812000,"S"
"TPB","13:09:23",16.9,0,1600,810400,"S"
"TPB","13:09:18",16.9,0,1600,808800,"S"
"TPB","13:08:52",16.85,-0.05,5200,807200,"B"
"TPB","13:08:29",16.85,-0.05,600,802000,"B"
"TPB","13:08:29",16.85,-0.05,51400,801400,"S"
"TPB","13:06:58",16.85,-0.05,1600,750000,"S"
"TPB","13:06:22",16.8,-0.1,200,748400,"B"
"TPB","13:06:19",16.8,-0.1,1600,748200,"B"
"TPB","13:06:15",16.85,-0.05,500,746600,"S"
"TPB","13:05:53",16.8,-0.1,200,746100,"B"
"TPB","13:04:52",16.8,-0.1,600,745900,"B"
"TPB","13:04:27",16.8,-0.1,6000,745300,"B"
"TPB","13:03:22",16.8,-0.1,200,739300,"B"
"TPB","13:03:14",16.8,-0.1,100,739100,"B"
"TPB","13:03:11",16.8,-0.1,2000,739000,"B"
"TPB","13:03:06",16.85,-0.05,200,737000,"S"
"TPB","13:02:20",16.85,-0.05,100,736800,"S"
"TPB","13:01:54",16.85,-0.05,1000,736700,"S"
"TPB","13:00:36",16.85,-0.05,800,735700,"S"
"TPB","13:00:15",16.85,-0.05,3000,734900,"S"
"TPB","13:00:07",16.85,-0.05,300,731900,"S"
"TPB","13:00:05",16.8,-0.1,1500,731600,"B"
"TPB","13:00:04",16.8,-0.1,18700,730100,"B"
"TPB","13:00:02",16.85,-0.05,100,711400,"S"
"TPB","13:00:01",16.85,-0.05,100,711300,"S"
"TPB","13:00:00",16.8,-0.1,500,711200,"B"
"TPB","11:28:15",16.85,-0.05,2400,710700,"S"
"TPB","11:28:11",16.8,-0.1,8000,708300,"B"
"TPB","11:26:13",16.85,-0.05,900,700300,"S"
"TPB","11:24:19",16.85,-0.05,1000,699400,"S"
"TPB","11:21:23",16.85,-0.05,100,698400,"S"
"TPB","11:20:34",16.85,-0.05,1000,698300,"S"
"TPB","11:20:28",16.85,-0.05,100,697300,"S"
"TPB","11:20:10",16.85,-0.05,300,697200,"B"
"TPB","11:18:51",16.85,-0.05,300,696900,"S"
"TPB","11:18:22",16.85,-0.05,200,696600,"B"
"TPB","11:18:18",16.85,-0.05,4500,696400,"B"
"TPB","11:17:52",16.85,-0.05,600,691900,"B"
"TPB","11:17:32",16.85,-0.05,6600,691300,"B"
"TPB","11:16:22",16.85,-0.05,100,684700,"B"
"TPB","11:16:05",16.85,-0.05,1000,684600,"B"
"TPB","11:15:21",16.85,-0.05,400,683600,"B"
"TPB","11:14:59",16.85,-0.05,4800,683200,"B"
"TPB","11:08:59",16.85,-0.05,100,678400,"S"
"TPB","11:08:43",16.85,-0.05,900,678300,"S"
"TPB","11:08:12",16.85,-0.05,600,677400,"S"
"TPB","11:06:57",16.85,-0.05,6000,676800,"B"
"TPB","11:05:17",16.9,0,5000,670800,"S"
"TPB","11:04:19",16.9,0,2200,665800,"S"
"TPB","11:03:47",16.9,0,2200,663600,"S"
"TPB","11:03:21",16.9,0,2200,661400,"S"
"TPB","11:03:13",16.9,0,2200,659200,"S"
"TPB","11:02:48",16.9,0,2200,657000,"S"
"TPB","11:02:39",16.9,0,900,654800,"S"
"TPB","11:02:39",16.85,-0.05,1300,653900,"S"
"TPB","11:02:30",16.85,-0.05,900,652600,"S"
"TPB","11:02:29",16.85,-0.05,1300,651700,"S"
"TPB","11:02:18",16.85,-0.05,2200,650400,"S"
"TPB","11:02:07",16.85,-0.05,2200,648200,"S"
"TPB","11:01:53",16.85,-0.05,2200,646000,"S"
"TPB","11:01:23",16.85,-0.05,100,643800,"S"
"TPB","11:01:09",16.85,-0.05,1600,643700,"S"
"TPB","11:01:08",16.85,-0.05,2200,642100,"S"
"TPB","11:00:50",16.85,-0.05,2200,639900,"S"
"TPB","11:00:49",16.85,-0.05,2200,637700,"S"
"TPB","11:00:47",16.85,-0.05,2200,635500,"S"
"TPB","11:00:34",16.85,-0.05,2200,633300,"S"
"TPB","11:00:22",16.85,-0.05,2200,631100,"S"
"TPB","11:00:02",16.85,-0.05,2200,628900,"S"
"TPB","10:58:34",16.85,-0.05,2200,626700,"S"
"TPB","10:57:32",16.85,-0.05,2200,624500,"S"
"TPB","10:57:31",16.85,-0.05,4400,622300,"S"
"TPB","10:57:30",16.85,-0.05,4400,617900,"S"
"TPB","10:57:26",16.8,-0.1,2000,613500,"B"
"TPB","10:56:52",16.8,-0.1,100,611500,"B"
"TPB","10:56:30",16.8,-0.1,600,611400,"B"
"TPB","10:56:21",16.8,-0.1,600,610800,"B"
"TPB","10:55:51",16.8,-0.1,200,610200,"B"
"TPB","10:55:35",16.8,-0.1,2100,610000,"B"
"TPB","10:55:21",16.85,-0.05,500,607900,"S"
"TPB","10:53:40",16.85,-0.05,15600,607400,"B"
"TPB","10:52:52",16.85,-0.05,100,591800,"B"
"TPB","10:52:32",16.85,-0.05,800,591700,"B"
"TPB","10:52:22",16.85,-0.05,600,590900,"B"
"TPB","10:52:01",16.85,-0.05,100,590300,"B"
"TPB","10:51:58",16.85,-0.05,6000,590200,"B"
"TPB","10:50:44",16.9,0,400,584200,"S"
"TPB","10:47:54",16.9,0,100,583800,"S"
"TPB","10:46:09",16.9,0,100,583700,"S"
"TPB","10:45:52",16.85,-0.05,200,583600,"B"
"TPB","10:45:38",16.85,-0.05,900,583400,"B"
"TPB","10:45:29",16.85,-0.05,2000,582500,"B"
"TPB","10:44:51",16.85,-0.05,100,580500,"B"
"TPB","10:44:22",16.85,-0.05,1100,580400,"B"
"TPB","10:43:58",16.85,-0.05,10000,579300,"B"
"TPB","10:43:52",16.85,-0.05,1200,569300,"B"
"TPB","10:43:47",16.85,-0.05,10000,568100,"B"
"TPB","10:43:41",16.9,0,100,558100,"S"
"TPB","10:43:32",16.9,0,1700,558000,"S"
"TPB","10:43:22",16.85,-0.05,1100,556300,"B"
"TPB","10:42:58",16.85,-0.05,10000,555200,"B"
"TPB","10:42:51",16.85,-0.05,1100,545200,"B"
"TPB","10:42:38",16.85,-0.05,10000,544100,"B"
"TPB","10:42:23",16.85,-0.05,1000,534100,"B"
"TPB","10:41:21",16.85,-0.05,600,533100,"B"
"TPB","10:40:54",16.85,-0.05,6600,532500,"B"
"TPB","10:40:21",16.85,-0.05,300,525900,"B"
"TPB","10:40:05",16.85,-0.05,1000,525600,"B"
"TPB","10:39:53",16.85,-0.05,2000,524600,"B"
"TPB","10:39:22",16.85,-0.05,600,522600,"B"
"TPB","10:38:59",16.85,-0.05,100,522000,"B"
"TPB","10:38:58",16.85,-0.05,6600,521900,"B"
"TPB","10:37:23",16.85,-0.05,400,515300,"B"
"TPB","10:36:04",16.85,-0.05,300,514900,"B"
"TPB","10:35:37",16.85,-0.05,800,514600,"B"
"TPB","10:35:05",16.85,-0.05,500,513800,"B"
"TPB","10:34:22",16.85,-0.05,100,513300,"B"
"TPB","10:34:16",16.85,-0.05,500,513200,"B"
"TPB","10:33:52",16.85,-0.05,500,512700,"B"
"TPB","10:33:29",16.85,-0.05,5100,512200,"B"
"TPB","10:32:47",16.9,0,100,507100,"S"
"TPB","10:30:52",16.85,-0.05,400,507000,"B"
"TPB","10:30:23",16.85,-0.05,4500,506600,"B"
"TPB","10:27:51",16.85,-0.05,600,502100,"B"
"TPB","10:27:22",16.85,-0.05,6300,501500,"B"
"TPB","10:26:55",16.85,-0.05,1000,495200,"B"
"TPB","10:26:26",16.85,-0.05,500,494200,"B"
"TPB","10:26:21",16.85,-0.05,100,493700,"B"
"TPB","10:26:05",16.85,-0.05,1600,493600,"B"
"TPB","10:22:52",16.85,-0.05,100,492000,"B"
"TPB","10:22:32",16.85,-0.05,200,491900,"B"
"TPB","10:22:22",16.85,-0.05,1000,491700,"B"
"TPB","10:21:51",16.85,-0.05,800,490700,"B"
"TPB","10:21:25",16.85,-0.05,8000,489900,"S"
"TPB","10:20:22",16.8,-0.1,600,481900,"B"
"TPB","10:20:20",16.8,-0.1,6000,481300,"B"
"TPB","10:20:02",16.8,-0.1,500,475300,"B"
"TPB","10:19:10",16.8,-0.1,200,474800,"B"
"TPB","10:18:08",16.85,-0.05,800,474600,"S"
"TPB","10:16:07",16.85,-0.05,1000,473800,"B"
"TPB","10:14:42",16.85,-0.05,100,472800,"B"
"TPB","10:14:09",16.85,-0.05,700,472700,"S"
"TPB","10:13:31",16.85,-0.05,100,472000,"S"
"TPB","10:12:56",16.85,-0.05,300,471900,"S"
"TPB","10:12:51",16.85,-0.05,4300,471600,"B"
"TPB","10:12:22",16.85,-0.05,200,467300,"B"
"TPB","10:11:52",16.85,-0.05,1700,467100,"B"
"TPB","10:11:52",16.85,-0.05,600,465400,"B"
"TPB","10:11:24",16.85,-0.05,100,464800,"B"
"TPB","10:11:22",16.85,-0.05,6400,464700,"B"
"TPB","10:10:52",16.85,-0.05,100,458300,"B"
"TPB","10:10:21",16.85,-0.05,1300,458200,"B"
"TPB","10:10:16",16.85,-0.05,10000,456900,"B"
"TPB","10:10:05",16.85,-0.05,1000,446900,"B"
"TPB","10:09:57",16.85,-0.05,500,445900,"B"
"TPB","10:09:54",16.85,-0.05,2000,445400,"B"
"TPB","10:09:43",16.85,-0.05,200,443400,"B"
"TPB","10:09:19",16.85,-0.05,400,443200,"B"
"TPB","10:07:21",16.85,-0.05,500,442800,"B"
"TPB","10:07:02",16.85,-0.05,3000,442300,"B"
"TPB","10:07:01",16.85,-0.05,2000,439300,"B"
"TPB","10:06:22",16.85,-0.05,100,437300,"B"
"TPB","10:05:51",16.85,-0.05,1200,437200,"B"
"TPB","10:05:31",16.85,-0.05,10000,436000,"B"
"TPB","10:05:21",16.85,-0.05,2900,426000,"B"
"TPB","10:05:17",16.85,-0.05,9000,423100,"B"
"TPB","10:04:58",16.85,-0.05,20000,414100,"B"
"TPB","10:04:02",16.9,0,100,394100,"S"
"TPB","10:03:41",16.9,0,200,394000,"S"
"TPB","10:03:33",16.9,0,100,393800,"S"
"TPB","10:02:55",16.9,0,200,393700,"S"
"TPB","10:02:47",16.9,0,200,393500,"S"
"TPB","10:01:31",16.9,0,100,393300,"S"
"TPB","10:00:51",16.85,-0.05,100,393200,"B"
"TPB","10:00:21",16.85,-0.05,5700,393100,"B"
"TPB","10:00:20",16.85,-0.05,4400,387400,"B"
"TPB","10:00:18",16.85,-0.05,4400,383000,"B"
"TPB","09:59:30",16.85,-0.05,100,378600,"B"
"TPB","09:56:35",16.9,0,100,378500,"S"
"TPB","09:55:35",16.85,-0.05,300,378400,"B"
"TPB","09:55:09",16.9,0,1000,378100,"S"
"TPB","09:54:29",16.9,0,100,377100,"S"
"TPB","09:53:41",16.9,0,1100,377000,"S"
"TPB","09:53:05",16.9,0,1000,375900,"S"
"TPB","09:52:58",16.9,0,300,374900,"S"
"TPB","09:52:24",16.9,0,11200,374600,"S"
"TPB","09:51:52",16.9,0,200,363400,"S"
"TPB","09:51:51",16.85,-0.05,400,363200,"B"
"TPB","09:51:47",16.85,-0.05,2900,362800,"B"
"TPB","09:51:24",16.85,-0.05,1000,359900,"B"
"TPB","09:51:22",16.85,-0.05,100,358900,"B"
"TPB","09:51:07",16.85,-0.05,100,358800,"B"
"TPB","09:50:55",16.85,-0.05,900,358700,"B"
"TPB","09:50:50",16.85,-0.05,100,357800,"B"
"TPB","09:49:57",16.85,-0.05,100,357700,"B"
"TPB","09:49:52",16.85,-0.05,300,357600,"B"
"TPB","09:49:22",16.85,-0.05,3200,357300,"B"
"TPB","09:49:11",16.85,-0.05,29000,354100,"S"
"TPB","09:48:52",16.8,-0.1,3700,325100,"B"
"TPB","09:48:42",16.85,-0.05,100,321400,"S"
"TPB","09:48:22",16.8,-0.1,500,321300,"B"
"TPB","09:48:13",16.8,-0.1,5000,320800,"B"
"TPB","09:48:06",16.8,-0.1,300,315800,"B"
"TPB","09:47:41",16.8,-0.1,700,315500,"B"
"TPB","09:46:22",16.8,-0.1,100,314800,"B"
"TPB","09:46:11",16.8,-0.1,1000,314700,"B"
"TPB","09:44:57",16.85,-0.05,100,313700,"S"
"TPB","09:44:53",16.85,-0.05,200,313600,"S"
"TPB","09:44:42",16.85,-0.05,100,313400,"S"
"TPB","09:44:33",16.85,-0.05,700,313300,"S"
"TPB","09:44:21",16.85,-0.05,1000,312600,"S"
"TPB","09:43:51",16.85,-0.05,100,311600,"S"
"TPB","09:43:30",16.85,-0.05,100,311500,"S"
"TPB","09:43:19",16.85,-0.05,100,311400,"S"
"TPB","09:42:16",16.85,-0.05,2000,311300,"S"
"TPB","09:42:03",16.85,-0.05,4000,309300,"S"
"TPB","09:41:47",16.85,-0.05,3000,305300,"S"
"TPB","09:41:42",16.85,-0.05,1000,302300,"S"
"TPB","09:41:32",16.85,-0.05,2200,301300,"S"
"TPB","09:41:25",16.85,-0.05,500,299100,"S"
"TPB","09:41:23",16.85,-0.05,500,298600,"S"
"TPB","09:41:13",16.85,-0.05,100,298100,"S"
"TPB","09:41:03",16.85,-0.05,100,298000,"S"
"TPB","09:40:58",16.85,-0.05,500,297900,"S"
"TPB","09:40:56",16.85,-0.05,1400,297400,"S"
"TPB","09:40:54",16.85,-0.05,200,296000,"S"
"TPB","09:40:52",16.85,-0.05,1000,295800,"S"
"TPB","09:40:51",16.85,-0.05,500,294800,"S"
"TPB","09:40:48",16.85,-0.05,200,294300,"S"
"TPB","09:40:46",16.85,-0.05,2200,294100,"S"
"TPB","09:40:45",16.85,-0.05,500,291900,"S"
"TPB","09:40:42",16.85,-0.05,100,291400,"S"
"TPB","09:40:40",16.85,-0.05,100,291300,"S"
"TPB","09:40:36",16.85,-0.05,30000,291200,"S"
"TPB","09:40:28",16.85,-0.05,100,261200,"S"
"TPB","09:39:49",16.85,-0.05,500,261100,"S"
"TPB","09:39:30",16.8,-0.1,100,260600,"B"
"TPB","09:39:25",16.8,-0.1,6600,260500,"B"
"TPB","09:39:22",16.8,-0.1,300,253900,"B"
"TPB","09:39:06",16.8,-0.1,600,253600,"B"
"TPB","09:39:05",16.85,-0.05,2200,253000,"S"
"TPB","09:39:03",16.85,-0.05,200,250800,"S"
"TPB","09:38:25",16.85,-0.05,100,250600,"S"
"TPB","09:38:15",16.85,-0.05,1000,250500,"S"
"TPB","09:38:02",16.85,-0.05,200,249500,"S"
"TPB","09:37:44",16.8,-0.1,100,249300,"B"
"TPB","09:36:52",16.8,-0.1,600,249200,"B"
"TPB","09:36:36",16.8,-0.1,6600,248600,"B"
"TPB","09:36:21",16.85,-0.05,300,242000,"S"
"TPB","09:35:08",16.85,-0.05,100,241700,"S"
"TPB","09:34:45",16.85,-0.05,2000,241600,"S"
"TPB","09:34:12",16.85,-0.05,2200,239600,"S"
"TPB","09:33:21",16.85,-0.05,500,237400,"S"
"TPB","09:33:17",16.85,-0.05,200,236900,"S"
"TPB","09:32:39",16.85,-0.05,800,236700,"S"
"TPB","09:32:33",16.85,-0.05,1000,235900,"S"
"TPB","09:32:30",16.85,-0.05,500,234900,"S"
"TPB","09:32:25",16.85,-0.05,100,234400,"S"
"TPB","09:32:19",16.85,-0.05,2300,234300,"S"
"TPB","09:32:11",16.85,-0.05,100,232000,"S"
"TPB","09:31:52",16.8,-0.1,700,231900,"B"
"TPB","09:31:46",16.8,-0.1,6600,231200,"B"
"TPB","09:31:22",16.8,-0.1,1200,224600,"B"
"TPB","09:30:56",16.8,-0.1,12500,223400,"S"
"TPB","09:30:50",16.8,-0.1,500,210900,"S"
"TPB","09:30:41",16.8,-0.1,1000,210400,"S"
"TPB","09:30:38",16.8,-0.1,100,209400,"S"
"TPB","09:30:30",16.8,-0.1,600,209300,"S"
"TPB","09:30:24",16.8,-0.1,10000,208700,"S"
"TPB","09:30:18",16.8,-0.1,1000,198700,"S"
"TPB","09:30:14",16.8,-0.1,700,197700,"S"
"TPB","09:30:04",16.75,-0.15,300,197000,"B"
"TPB","09:29:52",16.75,-0.15,1500,196700,"B"
"TPB","09:29:46",16.75,-0.15,10000,195200,"B"
"TPB","09:29:38",16.75,-0.15,1000,185200,"B"
"TPB","09:29:37",16.75,-0.15,100,184200,"B"
"TPB","09:29:32",16.75,-0.15,1000,184100,"B"
"TPB","09:29:28",16.75,-0.15,1000,183100,"B"
"TPB","09:29:22",16.75,-0.15,1800,182100,"B"
"TPB","09:29:21",16.75,-0.15,1000,180300,"B"
"TPB","09:29:12",16.75,-0.15,14000,179300,"B"
"TPB","09:29:11",16.8,-0.1,1500,165300,"S"
"TPB","09:28:58",16.8,-0.1,100,163800,"S"
"TPB","09:28:56",16.75,-0.15,1000,163700,"B"
"TPB","09:28:53",16.8,-0.1,200,162700,"S"
"TPB","09:28:51",16.75,-0.15,1400,162500,"B"
"TPB","09:28:50",16.75,-0.15,1000,161100,"B"
"TPB","09:28:45",16.75,-0.15,1000,160100,"B"
"TPB","09:28:44",16.8,-0.1,1000,159100,"S"
"TPB","09:28:40",16.75,-0.15,6600,158100,"B"
"TPB","09:28:38",16.75,-0.15,1000,151500,"B"
"TPB","09:28:32",16.75,-0.15,1000,150500,"B"
"TPB","09:28:28",16.75,-0.15,1000,149500,"B"
"TPB","09:28:24",16.8,-0.1,100,148500,"S"
"TPB","09:28:21",16.75,-0.15,1300,148400,"B"
"TPB","09:28:21",16.75,-0.15,1000,147100,"B"
"TPB","09:28:17",16.75,-0.15,1000,146100,"B"
"TPB","09:28:09",16.75,-0.15,1000,145100,"B"
"TPB","09:28:08",16.8,-0.1,300,144100,"S"
"TPB","09:28:05",16.8,-0.1,9000,143800,"S"
"TPB","09:27:53",16.75,-0.15,1000,134800,"B"
"TPB","09:27:52",16.75,-0.15,200,133800,"B"
"TPB","09:27:47",16.75,-0.15,1000,133600,"B"
"TPB","09:27:43",16.8,-0.1,500,132600,"S"
"TPB","09:27:28",16.8,-0.1,500,132100,"S"
"TPB","09:27:22",16.75,-0.15,100,131600,"B"
"TPB","09:27:21",16.75,-0.15,100,131500,"B"
"TPB","09:27:11",16.75,-0.15,1000,131400,"B"
"TPB","09:26:56",16.75,-0.15,1000,130400,"B"
"TPB","09:26:52",16.75,-0.15,500,129400,"B"
"TPB","09:26:49",16.75,-0.15,1000,128900,"B"
"TPB","09:26:45",16.75,-0.15,1000,127900,"B"
"TPB","09:26:40",16.8,-0.1,200,126900,"S"
"TPB","09:26:33",16.75,-0.15,1000,126700,"B"
"TPB","09:26:26",16.75,-0.15,1000,125700,"B"
"TPB","09:26:23",16.75,-0.15,1000,124700,"B"
"TPB","09:26:18",16.8,-0.1,700,123700,"S"
"TPB","09:26:16",16.75,-0.15,1000,123000,"B"
"TPB","09:26:11",16.75,-0.15,1000,122000,"B"
"TPB","09:26:07",16.75,-0.15,1000,121000,"B"
"TPB","09:26:00",16.75,-0.15,1000,120000,"B"
"TPB","09:25:53",16.8,-0.1,2200,119000,"S"
"TPB","09:25:27",16.8,-0.1,100,116800,"S"
"TPB","09:25:23",16.8,-0.1,300,116700,"S"
"TPB","09:25:17",16.8,-0.1,200,116400,"S"
"TPB","09:25:14",16.8,-0.1,200,116200,"S"
"TPB","09:25:13",16.8,-0.1,200,116000,"S"
"TPB","09:25:04",16.8,-0.1,500,115800,"S"
"TPB","09:24:59",16.8,-0.1,1000,115300,"S"
"TPB","09:24:34",16.8,-0.1,5100,114300,"S"
"TPB","09:24:30",16.75,-0.15,4400,109200,"B"
"TPB","09:24:29",16.75,-0.15,4400,104800,"B"
"TPB","09:24:28",16.75,-0.15,4400,100400,"B"
"TPB","09:23:34",16.75,-0.15,40000,96000,"B"
"TPB","09:23:33",16.8,-0.1,1000,56000,"S"
"TPB","09:23:30",16.8,-0.1,100,55000,"S"
"TPB","09:23:17",16.8,-0.1,1000,54900,"S"
"TPB","09:23:11",16.8,-0.1,500,53900,"S"
"TPB","09:22:57",16.8,-0.1,100,53400,"S"
"TPB","09:22:53",16.8,-0.1,500,53300,"S"
"TPB","09:22:32",16.8,-0.1,2200,52800,"S"
"TPB","09:22:19",16.8,-0.1,200,50600,"S"
"TPB","09:20:54",16.75,-0.15,2700,50400,"B"
"TPB","09:20:49",16.8,-0.1,2200,47700,"S"
"TPB","09:20:36",16.8,-0.1,100,45500,"S"
"TPB","09:20:20",16.8,-0.1,100,45400,"S"
"TPB","09:20:16",16.8,-0.1,1000,45300,"S"
"TPB","09:19:53",16.8,-0.1,800,44300,"S"
"TPB","09:18:27",16.75,-0.15,1000,43500,"B"
"TPB","09:18:11",16.8,-0.1,16900,42500,"B"
"TPB","09:17:48",16.8,-0.1,1000,25600,"B"
"TPB","09:17:43",16.8,-0.1,1000,24600,"B"
"TPB","09:17:38",16.8,-0.1,1000,23600,"B"
"TPB","09:17:33",16.8,-0.1,1000,22600,"B"
"TPB","09:17:28",16.8,-0.1,1000,21600,"B"
"TPB","09:17:23",16.8,-0.1,1000,20600,"B"
"TPB","09:17:21",16.8,-0.1,100,19600,"B"
"TPB","09:17:05",16.8,-0.1,1000,19500,"B"
"TPB","09:16:24",16.85,-0.05,3000,18500,"S"
"TPB","09:16:20",16.8,-0.1,200,15500,"B"
"TPB","09:16:17",16.85,-0.05,100,15300,"S"
"TPB","09:15:02",16.9,0,1000,15200,"S"
"TPB","09:15:00",16.8,-0.1,14200,14200,
