"price","change","match_qtty","side","time","total_vol"
18.5,-0.1,1000,"bu","14:59:48",3092700
18.5,-0.1,1000,"bu","14:59:41",3091700
18.5,-0.1,1000,"bu","14:59:27",3090700
18.5,-0.1,1300,"bu","14:58:53",3089700
18.5,-0.1,1300,"bu","14:58:29",3088400
18.5,-0.1,900,"bu","14:57:41",3087100
18.5,-0.1,500,"bu","14:57:04",3086200
18.4,-0.2,100,"sd","14:57:03",3085700
18.4,-0.2,200,"sd","14:56:55",3085600
18.5,-0.1,100,"bu","14:56:51",3085400
18.5,-0.1,1000,"bu","14:56:45",3085300
18.5,-0.1,5000,"bu","14:56:34",3084300
18.5,-0.1,500,"bu","14:56:28",3079300
18.5,-0.1,1000,"bu","14:56:19",3078800
18.5,-0.1,500,"bu","14:56:08",3077800
18.5,-0.1,500,"bu","14:56:03",3077300
18.5,-0.1,25000,"bu","14:55:51",3076800
18.4,-0.2,900,"sd","14:55:34",3051800
18.5,-0.1,9700,"bu","14:55:13",3050900
18.5,-0.1,5000,"bu","14:54:55",3041200
18.5,-0.1,3000,"bu","14:54:43",3036200
18.5,-0.1,20000,"bu","14:54:05",3033200
18.5,-0.1,500,"bu","14:53:59",3013200
18.5,-0.1,10000,"bu","14:53:42",3012700
18.5,-0.1,3200,"bu","14:53:35",3002700
18.5,-0.1,100,"bu","14:53:27",2999500
18.5,-0.1,100,"bu","14:53:25",2999400
18.5,-0.1,100,"bu","14:53:24",2999300
18.5,-0.1,100,"bu","14:53:22",2999200
18.5,-0.1,100,"bu","14:53:20",2999100
18.5,-0.1,500,"bu","14:53:12",2999000
18.4,-0.2,100,"sd","14:52:57",2998500
18.5,-0.1,4000,"bu","14:52:46",2998400
18.5,-0.1,5000,"bu","14:52:44",2994400
18.5,-0.1,14700,"bu","14:52:36",2989400
18.5,-0.1,200,"bu","14:52:18",2974700
18.4,-0.2,200,"sd","14:52:02",2974500
18.5,-0.1,500,"bu","14:51:39",2974300
18.5,-0.1,300,"bu","14:51:02",2973800
18.5,-0.1,1000,"bu","14:50:50",2973500
18.5,-0.1,300,"bu","14:50:24",2972500
18.5,-0.1,200,"bu","14:50:11",2972200
18.4,-0.2,1000,"sd","14:49:36",2972000
18.5,-0.1,500,"bu","14:48:54",2971000
18.5,-0.1,2000,"bu","14:48:23",2970500
18.5,-0.1,1000,"bu","14:47:14",2968500
18.4,-0.2,1500,"sd","14:46:44",2967500
18.5,-0.1,3300,"bu","14:46:38",2966000
18.5,-0.1,5300,"bu","14:46:34",2962700
18.5,-0.1,300,"bu","14:46:21",2957400
18.5,-0.1,2000,"bu","14:44:45",2957100
18.4,-0.2,100,"sd","14:43:28",2955100
18.5,-0.1,1000,"bu","14:43:03",2955000
18.5,-0.1,4300,"bu","14:42:35",2954000
18.5,-0.1,500,"bu","14:42:20",2949700
18.5,-0.1,400,"bu","14:41:32",2949200
18.5,-0.1,2000,"bu","14:41:18",2948800
18.5,-0.1,1000,"bu","14:40:58",2946800
18.5,-0.1,300,"bu","14:40:35",2945800
18.5,-0.1,100,"bu","14:40:32",2945500
18.5,-0.1,1000,"bu","14:40:25",2945400
18.5,-0.1,2000,"bu","14:40:10",2944400
18.5,-0.1,1000,"bu","14:40:00",2942400
18.5,-0.1,1500,"bu","14:39:44",2941400
18.5,-0.1,1000,"bu","14:39:38",2939900
18.5,-0.1,200,"bu","14:39:14",2938900
18.5,-0.1,500,"bu","14:38:16",2938700
18.4,-0.2,8000,"sd","14:38:07",2938200
18.4,-0.2,5000,"sd","14:37:59",2930200
18.4,-0.2,5000,"sd","14:37:44",2925200
18.5,-0.1,500,"bu","14:37:39",2920200
18.5,-0.1,900,"bu","14:36:40",2919700
18.5,-0.1,100,"bu","14:36:23",2918800
18.5,-0.1,100,"bu","14:35:04",2918700
18.4,-0.2,1000,"sd","14:34:49",2918600
18.4,-0.2,100,"sd","14:34:48",2917600
18.5,-0.1,1900,"bu","14:34:28",2917500
18.5,-0.1,500,"bu","14:34:21",2915600
18.5,-0.1,100,"bu","14:33:48",2915100
18.4,-0.2,200,"sd","14:33:33",2915000
18.4,-0.2,3000,"sd","14:33:31",2914800
18.5,-0.1,100,"bu","14:33:24",2911800
18.5,-0.1,100,"bu","14:33:14",2911700
18.5,-0.1,100,"bu","14:33:08",2911600
18.5,-0.1,100,"bu","14:33:00",2911500
18.4,-0.2,200,"sd","14:32:46",2911400
18.4,-0.2,38500,"sd","14:32:27",2911200
18.4,-0.2,1000,"sd","14:31:25",2872700
18.5,-0.1,500,"bu","14:30:19",2871700
18.5,-0.1,1000,"bu","14:30:16",2871200
18.5,-0.1,200,"bu","14:29:46",2870200
18.5,-0.1,1000,"bu","14:29:40",2870000
18.5,-0.1,400,"bu","14:29:37",2869000
18.5,-0.1,500,"bu","14:29:29",2868600
18.4,-0.2,5000,"sd","14:29:24",2868100
18.5,-0.1,200,"bu","14:29:04",2863100
18.4,-0.2,1000,"sd","14:28:52",2862900
18.5,-0.1,300,"bu","14:28:34",2861900
18.5,-0.1,1000,"bu","14:28:26",2861600
18.5,-0.1,2000,"bu","14:28:24",2860600
18.5,-0.1,100,"bu","14:28:14",2858600
18.5,-0.1,6500,"bu","14:28:11",2858500
18.5,-0.1,500,"bu","14:28:09",2852000
18.5,-0.1,100,"bu","14:27:59",2851500
18.5,-0.1,100,"bu","14:27:52",2851400
18.5,-0.1,10000,"bu","14:27:50",2851300
18.5,-0.1,10000,"bu","14:27:25",2841300
18.5,-0.1,200,"bu","14:27:04",2831300
18.4,-0.2,700,"sd","14:26:46",2831100
18.4,-0.2,400,"sd","14:26:13",2830400
18.5,-0.1,900,"bu","14:26:04",2830000
18.5,-0.1,500,"bu","14:25:59",2829100
18.5,-0.1,100,"bu","14:25:36",2828600
18.5,-0.1,1600,"bu","14:25:30",2828500
18.5,-0.1,1500,"bu","14:25:14",2826900
18.5,-0.1,100,"bu","14:25:13",2825400
18.5,-0.1,1000,"bu","14:24:54",2825300
18.4,-0.2,200,"sd","14:24:42",2824300
18.4,-0.2,3000,"sd","14:24:14",2824100
18.5,-0.1,100,"bu","14:24:10",2821100
18.5,-0.1,200,"bu","14:24:02",2821000
18.5,-0.1,500,"bu","14:23:20",2820800
18.5,-0.1,100,"bu","14:23:16",2820300
18.5,-0.1,50000,"bu","14:23:12",2820200
18.5,-0.1,100,"bu","14:23:08",2770200
18.5,-0.1,500,"bu","14:22:40",2770100
18.5,-0.1,2000,"bu","14:22:37",2769600
18.5,-0.1,500,"bu","14:22:32",2767600
18.5,-0.1,200,"bu","14:22:20",2767100
18.5,-0.1,3000,"bu","14:21:58",2766900
18.4,-0.2,8300,"sd","14:21:34",2763900
18.5,-0.1,5000,"bu","14:21:25",2755600
18.5,-0.1,100,"bu","14:21:07",2750600
18.5,-0.1,500,"bu","14:20:49",2750500
18.5,-0.1,100,"bu","14:20:34",2750000
18.5,-0.1,5000,"bu","14:20:31",2749900
18.5,-0.1,200,"bu","14:20:27",2744900
18.5,-0.1,1000,"bu","14:20:16",2744700
18.5,-0.1,900,"bu","14:19:46",2743700
18.5,-0.1,1000,"bu","14:19:38",2742800
18.5,-0.1,400,"bu","14:19:31",2741800
18.5,-0.1,2000,"bu","14:19:10",2741400
18.5,-0.1,1000,"bu","14:19:09",2739400
18.5,-0.1,200,"bu","14:18:59",2738400
18.5,-0.1,100,"bu","14:18:50",2738200
18.5,-0.1,100,"bu","14:18:48",2738100
18.5,-0.1,2000,"bu","14:18:38",2738000
18.5,-0.1,300,"bu","14:18:15",2736000
18.5,-0.1,1400,"bu","14:18:02",2735700
18.5,-0.1,500,"bu","14:17:50",2734300
18.5,-0.1,500,"bu","14:17:47",2733800
18.5,-0.1,500,"bu","14:17:39",2733300
18.5,-0.1,2000,"bu","14:17:30",2732800
18.4,-0.2,100,"sd","14:17:19",2730800
18.5,-0.1,100,"bu","14:17:14",2730700
18.5,-0.1,2800,"bu","14:16:52",2730600
18.5,-0.1,200,"bu","14:16:50",2727800
18.5,-0.1,2000,"bu","14:16:42",2727600
18.5,-0.1,100,"bu","14:16:39",2725600
18.5,-0.1,200,"bu","14:16:37",2725500
18.5,-0.1,3000,"bu","14:16:24",2725300
18.5,-0.1,200,"bu","14:16:21",2722300
18.5,-0.1,3000,"bu","14:16:20",2722100
18.5,-0.1,400,"bu","14:16:11",2719100
18.5,-0.1,1000,"bu","14:16:01",2718700
18.4,-0.2,10100,"sd","14:15:55",2717700
18.5,-0.1,1000,"bu","14:15:50",2707600
18.5,-0.1,700,"bu","14:15:48",2706600
18.5,-0.1,1700,"bu","14:15:43",2705900
18.5,-0.1,700,"bu","14:15:39",2704200
18.5,-0.1,300,"bu","14:15:25",2703500
18.5,-0.1,5000,"bu","14:15:11",2703200
18.5,-0.1,1400,"bu","14:15:10",2698200
18.5,-0.1,100,"bu","14:15:01",2696800
18.5,-0.1,90700,"bu","14:14:56",2696700
18.5,-0.1,400,"sd","14:14:51",2606000
18.5,-0.1,100,"sd","14:14:37",2605600
18.5,-0.1,3000,"sd","14:14:19",2605500
18.5,-0.1,400,"sd","14:14:18",2602500
18.5,-0.1,2000,"sd","14:14:14",2602100
18.5,-0.1,900,"sd","14:14:01",2600100
18.5,-0.1,5000,"sd","14:13:55",2599200
18.5,-0.1,1500,"sd","14:13:52",2594200
18.5,-0.1,6000,"sd","14:13:51",2592700
18.5,-0.1,400,"sd","14:12:53",2586700
18.5,-0.1,100,"sd","14:12:51",2586300
18.5,-0.1,10000,"sd","14:12:38",2586200
18.5,-0.1,800,"sd","14:12:35",2576200
18.5,-0.1,800,"sd","14:12:27",2575400
18.5,-0.1,100,"sd","14:11:27",2574600
18.5,-0.1,100,"sd","14:10:53",2574500
18.5,-0.1,800,"sd","14:10:50",2574400
18.5,-0.1,200,"bu","14:10:49",2573600
18.5,-0.1,100,"bu","14:10:46",2573400
18.5,-0.1,2000,"bu","14:10:41",2573300
18.5,-0.1,200,"bu","14:10:40",2571300
18.5,-0.1,50000,"bu","14:10:37",2571100
18.5,-0.1,46800,"bu","14:10:35",2521100
18.5,-0.1,5000,"sd","14:10:22",2474300
18.5,-0.1,31800,"sd","14:10:12",2469300
18.5,-0.1,21500,"sd","14:10:09",2437500
18.5,-0.1,100,"sd","14:10:00",2416000
18.5,-0.1,4000,"sd","14:09:53",2415900
18.5,-0.1,5000,"sd","14:09:20",2411900
18.5,-0.1,500,"sd","14:09:11",2406900
18.5,-0.1,600,"sd","14:09:05",2406400
18.5,-0.1,500,"sd","14:09:04",2405800
18.5,-0.1,6000,"sd","14:07:47",2405300
18.5,-0.1,17600,"sd","14:07:43",2399300
18.5,-0.1,100,"bu","14:07:39",2381700
18.5,-0.1,200,"bu","14:07:37",2381600
18.5,-0.1,2000,"bu","14:07:35",2381400
18.5,-0.1,2000,"bu","14:07:33",2379400
18.5,-0.1,300,"bu","14:07:30",2377400
18.4,-0.2,30000,"sd","14:07:27",2377100
18.5,-0.1,10000,"bu","14:07:24",2347100
18.5,-0.1,1000,"bu","14:07:21",2337100
18.5,-0.1,3000,"bu","14:07:19",2336100
18.5,-0.1,100,"bu","14:06:40",2333100
18.5,-0.1,100,"bu","14:06:37",2333000
18.5,-0.1,1100,"bu","14:06:34",2332900
18.5,-0.1,100,"bu","14:06:30",2331800
18.5,-0.1,100,"bu","14:06:28",2331700
18.5,-0.1,1000,"bu","14:06:23",2331600
18.5,-0.1,1000,"bu","14:06:12",2330600
18.5,-0.1,200,"bu","14:06:11",2329600
18.5,-0.1,1000,"bu","14:06:08",2329400
18.5,-0.1,300,"bu","14:06:02",2328400
18.5,-0.1,100,"bu","14:05:49",2328100
18.5,-0.1,400,"bu","14:05:48",2328000
18.5,-0.1,500,"bu","14:05:27",2327600
18.5,-0.1,1000,"bu","14:05:17",2327100
18.5,-0.1,2000,"bu","14:05:13",2326100
18.5,-0.1,5000,"bu","14:05:05",2324100
18.5,-0.1,1000,"bu","14:05:04",2319100
18.5,-0.1,500,"bu","14:05:00",2318100
18.5,-0.1,500,"bu","14:04:47",2317600
18.5,-0.1,500,"bu","14:04:37",2317100
18.5,-0.1,3000,"bu","14:04:34",2316600
18.5,-0.1,1100,"bu","14:04:29",2313600
18.5,-0.1,100,"bu","14:04:15",2312500
18.5,-0.1,2000,"bu","14:04:10",2312400
18.5,-0.1,15500,"sd","14:04:06",2310400
18.5,-0.1,10000,"sd","14:04:02",2294900
18.5,-0.1,1000,"sd","14:03:50",2284900
18.5,-0.1,1800,"sd","14:03:10",2283900
18.5,-0.1,5000,"bu","14:03:04",2282100
18.5,-0.1,3000,"bu","14:02:58",2277100
18.5,-0.1,200,"bu","14:02:48",2274100
18.5,-0.1,100,"bu","14:02:30",2273900
18.5,-0.1,13200,"sd","14:02:26",2273800
18.5,-0.1,5000,"sd","14:02:25",2260600
18.5,-0.1,3500,"sd","14:01:59",2255600
18.5,-0.1,25000,"sd","14:01:57",2252100
18.6,0,100,"bu","14:01:11",2227100
18.5,-0.1,4000,"sd","14:01:10",2227000
18.6,0,500,"bu","13:59:14",2223000
18.5,-0.1,6000,"sd","13:58:40",2222500
18.5,-0.1,5000,"sd","13:58:17",2216500
18.5,-0.1,100,"sd","13:58:10",2211500
18.5,-0.1,200,"sd","13:57:47",2211400
18.5,-0.1,2000,"sd","13:57:43",2211200
18.5,-0.1,100,"sd","13:57:31",2209200
18.5,-0.1,100,"sd","13:57:24",2209100
18.5,-0.1,35400,"sd","13:57:08",2209000
18.6,0,200,"bu","13:57:00",2173600
18.5,-0.1,2200,"sd","13:56:58",2173400
18.5,-0.1,700,"sd","13:56:06",2171200
18.5,-0.1,1200,"bu","13:56:00",2170500
18.5,-0.1,200,"bu","13:55:58",2169300
18.5,-0.1,100,"bu","13:55:56",2169100
18.5,-0.1,5000,"bu","13:55:54",2169000
18.5,-0.1,200,"bu","13:55:50",2164000
18.5,-0.1,2200,"bu","13:55:40",2163800
18.5,-0.1,46500,"sd","13:55:37",2161600
18.5,-0.1,1000,"sd","13:55:30",2115100
18.5,-0.1,1000,"sd","13:55:17",2114100
18.5,-0.1,2000,"sd","13:54:02",2113100
18.5,-0.1,1100,"sd","13:53:35",2111100
18.5,-0.1,300,"bu","13:53:20",2110000
18.5,-0.1,1000,"bu","13:53:17",2109700
18.5,-0.1,10000,"bu","13:53:11",2108700
18.5,-0.1,100,"bu","13:53:09",2098700
18.5,-0.1,5700,"bu","13:53:04",2098600
18.5,-0.1,400,"bu","13:52:56",2092900
18.5,-0.1,600,"bu","13:52:47",2092500
18.5,-0.1,500,"bu","13:52:41",2091900
18.5,-0.1,800,"bu","13:52:21",2091400
18.5,-0.1,18000,"bu","13:52:17",2090600
18.4,-0.2,1000,"sd","13:52:02",2072600
18.5,-0.1,100,"bu","13:52:00",2071600
18.5,-0.1,100,"bu","13:51:59",2071500
18.5,-0.1,1000,"bu","13:51:56",2071400
18.5,-0.1,100,"bu","13:51:51",2070400
18.5,-0.1,200,"bu","13:51:50",2070300
18.5,-0.1,800,"bu","13:51:46",2070100
18.5,-0.1,100,"bu","13:51:24",2069300
18.5,-0.1,100,"bu","13:51:22",2069200
18.5,-0.1,200,"bu","13:51:16",2069100
18.5,-0.1,2600,"bu","13:51:12",2068900
18.5,-0.1,200,"bu","13:50:54",2066300
18.5,-0.1,100,"bu","13:50:44",2066100
18.5,-0.1,1000,"bu","13:50:40",2066000
18.5,-0.1,2000,"bu","13:50:38",2065000
18.5,-0.1,200,"bu","13:50:37",2063000
18.4,-0.2,22000,"sd","13:50:32",2062800
18.5,-0.1,10000,"bu","13:50:30",2040800
18.5,-0.1,100,"bu","13:50:27",2030800
18.5,-0.1,100,"bu","13:50:11",2030700
18.5,-0.1,100,"bu","13:50:07",2030600
18.5,-0.1,1000,"bu","13:49:57",2030500
18.5,-0.1,100,"bu","13:49:56",2029500
18.5,-0.1,100,"bu","13:49:51",2029400
18.5,-0.1,10000,"bu","13:49:41",2029300
18.5,-0.1,200,"bu","13:49:40",2019300
18.5,-0.1,2000,"bu","13:49:36",2019100
18.5,-0.1,5000,"bu","13:49:35",2017100
18.5,-0.1,200,"bu","13:49:34",2012100
18.5,-0.1,1000,"bu","13:49:26",2011900
18.5,-0.1,4000,"bu","13:49:22",2010900
18.5,-0.1,61700,"sd","13:49:12",2006900
18.5,-0.1,4000,"sd","13:49:06",1945200
18.5,-0.1,21700,"sd","13:48:56",1941200
18.5,-0.1,1000,"sd","13:48:51",1919500
18.5,-0.1,10000,"sd","13:48:49",1918500
18.5,-0.1,11000,"sd","13:48:48",1908500
18.5,-0.1,1000,"sd","13:48:40",1897500
18.5,-0.1,10000,"sd","13:48:36",1896500
18.5,-0.1,20700,"sd","13:48:28",1886500
18.5,-0.1,19000,"sd","13:48:20",1865800
18.5,-0.1,200,"sd","13:48:08",1846800
18.5,-0.1,1000,"sd","13:47:49",1846600
18.5,-0.1,500,"sd","13:47:46",1845600
18.5,-0.1,20000,"sd","13:47:45",1845100
18.5,-0.1,1000,"sd","13:47:37",1825100
18.5,-0.1,1000,"sd","13:47:25",1824100
18.5,-0.1,10000,"sd","13:47:15",1823100
18.5,-0.1,1000,"sd","13:47:06",1813100
18.5,-0.1,1100,"sd","13:46:59",1812100
18.5,-0.1,1000,"sd","13:46:41",1811000
18.5,-0.1,2000,"sd","13:46:12",1810000
18.5,-0.1,5000,"sd","13:45:51",1808000
18.6,0,3000,"bu","13:45:23",1803000
18.5,-0.1,50000,"sd","13:44:40",1800000
18.5,-0.1,106000,"sd","13:44:21",1750000
18.5,-0.1,5000,"sd","13:44:03",1644000
18.5,-0.1,30000,"sd","13:43:59",1639000
18.5,-0.1,300,"sd","13:43:49",1609000
18.5,-0.1,100,"sd","13:43:44",1608700
18.5,-0.1,5000,"sd","13:43:03",1608600
18.6,0,100,"bu","13:42:41",1603600
18.6,0,2000,"bu","13:42:22",1603500
18.6,0,500,"bu","13:40:46",1601500
18.6,0,3000,"bu","13:40:27",1601000
18.6,0,100,"bu","13:40:24",1598000
18.6,0,100,"bu","13:40:00",1597900
18.6,0,4600,"bu","13:39:47",1597800
18.6,0,100,"bu","13:39:36",1593200
18.6,0,100,"bu","13:39:11",1593100
18.6,0,100,"bu","13:38:58",1593000
18.6,0,800,"bu","13:38:42",1592900
18.6,0,100,"bu","13:37:44",1592100
18.6,0,100,"bu","13:37:33",1592000
18.6,0,100,"bu","13:37:32",1591900
18.6,0,100,"bu","13:37:08",1591800
18.6,0,100,"bu","13:36:47",1591700
18.6,0,100,"bu","13:36:32",1591600
18.6,0,200,"bu","13:36:18",1591500
18.6,0,500,"bu","13:36:05",1591300
18.6,0,100,"bu","13:35:44",1590800
18.5,-0.1,6200,"sd","13:35:06",1590700
18.5,-0.1,2500,"sd","13:34:20",1584500
18.5,-0.1,100,"sd","13:33:31",1582000
18.5,-0.1,1100,"sd","13:33:28",1581900
18.5,-0.1,300,"sd","13:33:06",1580800
18.5,-0.1,600,"sd","13:32:06",1580500
18.5,-0.1,400,"sd","13:32:05",1579900
18.5,-0.1,10000,"sd","13:30:02",1579500
18.5,-0.1,2800,"sd","13:29:56",1569500
18.5,-0.1,100,"sd","13:28:57",1566700
18.5,-0.1,2500,"sd","13:28:55",1566600
18.5,-0.1,5000,"bu","13:28:54",1564100
18.5,-0.1,1000,"bu","13:28:53",1559100
18.5,-0.1,100,"bu","13:28:52",1558100
18.5,-0.1,100,"bu","13:28:48",1558000
18.5,-0.1,500,"bu","13:28:45",1557900
18.5,-0.1,6900,"bu","13:28:44",1557400
18.5,-0.1,1500,"bu","13:28:43",1550500
18.5,-0.1,1100,"bu","13:28:42",1549000
18.5,-0.1,500,"bu","13:28:41",1547900
18.5,-0.1,79000,"bu","13:28:37",1543900
18.5,-0.1,100,"bu","13:28:36",1464900
18.5,-0.1,20000,"bu","13:28:32",1464800
18.5,-0.1,100,"bu","13:28:09",1444800
18.5,-0.1,1000,"bu","13:28:08",1444700
18.5,-0.1,1800,"bu","13:27:57",1443700
18.5,-0.1,5000,"bu","13:27:56",1441900
18.5,-0.1,200,"bu","13:27:41",1436900
18.5,-0.1,3000,"bu","13:27:17",1436700
18.5,-0.1,200,"bu","13:27:10",1433700
18.5,-0.1,1500,"bu","13:27:08",1433500
18.5,-0.1,2000,"bu","13:27:03",1432000
18.5,-0.1,100,"bu","13:26:23",1430000
18.5,-0.1,1800,"bu","13:25:52",1429900
18.5,-0.1,800,"bu","13:25:51",1428100
18.5,-0.1,3000,"bu","13:25:38",1427300
18.5,-0.1,1000,"bu","13:25:34",1424300
18.5,-0.1,1000,"bu","13:25:20",1423300
18.5,-0.1,1000,"bu","13:25:19",1422300
18.5,-0.1,500,"bu","13:25:18",1421300
18.5,-0.1,400,"bu","13:25:08",1420800
18.5,-0.1,1000,"bu","13:25:07",1420400
18.5,-0.1,2000,"bu","13:24:48",1419400
18.5,-0.1,500,"bu","13:24:13",1417400
18.5,-0.1,300,"bu","13:23:50",1416900
18.5,-0.1,200,"bu","13:23:25",1416600
18.5,-0.1,100,"bu","13:22:55",1416400
18.5,-0.1,500,"bu","13:22:34",1416300
18.5,-0.1,100,"bu","13:22:21",1415800
18.5,-0.1,500,"bu","13:21:45",1415700
18.5,-0.1,100,"bu","13:21:37",1415200
18.5,-0.1,2000,"bu","13:21:20",1415100
18.4,-0.2,500,"sd","13:20:50",1413100
18.4,-0.2,1000,"sd","13:20:36",1412600
18.4,-0.2,200,"sd","13:20:12",1411600
18.5,-0.1,100,"bu","13:20:09",1411400
18.5,-0.1,700,"bu","13:19:43",1411300
18.5,-0.1,1000,"bu","13:19:41",1410600
18.5,-0.1,800,"bu","13:19:10",1409600
18.4,-0.2,300,"sd","13:19:06",1408800
18.5,-0.1,31300,"bu","13:18:43",1408500
18.5,-0.1,500,"bu","13:18:28",1377200
18.4,-0.2,500,"sd","13:18:23",1376700
18.5,-0.1,2000,"bu","13:18:15",1376200
18.5,-0.1,600,"bu","13:18:03",1374200
18.5,-0.1,1000,"bu","13:17:39",1373600
18.5,-0.1,1000,"bu","13:17:35",1372600
18.5,-0.1,1000,"bu","13:17:27",1371600
18.5,-0.1,100,"bu","13:17:22",1370600
18.4,-0.2,1000,"sd","13:17:14",1370500
18.5,-0.1,2000,"bu","13:17:06",1369500
18.5,-0.1,100,"bu","13:16:56",1367500
18.5,-0.1,400,"bu","13:16:45",1367400
18.5,-0.1,100,"bu","13:16:38",1367000
18.5,-0.1,100,"bu","13:16:22",1366900
18.5,-0.1,100,"bu","13:16:03",1366800
18.5,-0.1,100,"bu","13:15:55",1366700
18.5,-0.1,700,"bu","13:15:44",1366600
18.5,-0.1,2000,"bu","13:15:40",1365900
18.5,-0.1,300,"bu","13:15:39",1363900
18.4,-0.2,5100,"sd","13:15:37",1363600
18.5,-0.1,100,"bu","13:15:35",1358500
18.5,-0.1,100,"bu","13:15:33",1358400
18.5,-0.1,100,"bu","13:15:32",1358300
18.5,-0.1,100,"bu","13:15:19",1358200
18.5,-0.1,500,"bu","13:15:05",1358100
18.5,-0.1,2000,"bu","13:15:03",1357600
18.5,-0.1,700,"bu","13:14:55",1355600
18.4,-0.2,1000,"sd","13:14:54",1354900
18.5,-0.1,2500,"bu","13:14:45",1353900
18.5,-0.1,500,"bu","13:14:43",1351400
18.5,-0.1,1000,"bu","13:14:35",1350900
18.5,-0.1,1000,"bu","13:14:16",1349900
18.5,-0.1,6000,"bu","13:13:30",1348900
18.5,-0.1,200,"bu","13:12:29",1342900
18.5,-0.1,10000,"bu","13:12:20",1342700
18.5,-0.1,1000,"bu","13:12:11",1332700
18.5,-0.1,200,"bu","13:12:08",1331700
18.5,-0.1,100,"bu","13:10:53",1331500
18.5,-0.1,100,"bu","13:10:42",1331400
18.5,-0.1,20000,"bu","13:10:33",1331300
18.5,-0.1,1000,"bu","13:10:24",1311300
18.5,-0.1,100,"bu","13:10:22",1310300
18.5,-0.1,1000,"bu","13:10:03",1310200
18.5,-0.1,2000,"bu","13:09:43",1309200
18.5,-0.1,500,"bu","13:09:41",1307200
18.5,-0.1,200,"bu","13:09:35",1306700
18.5,-0.1,1100,"bu","13:09:33",1306500
18.5,-0.1,200,"bu","13:09:10",1305400
18.5,-0.1,1700,"bu","13:08:24",1305200
18.5,-0.1,5000,"bu","13:07:19",1303500
18.4,-0.2,1100,"sd","13:06:48",1298500
18.5,-0.1,5000,"bu","13:06:14",1297400
18.4,-0.2,5000,"sd","13:06:11",1292400
18.5,-0.1,300,"bu","13:05:33",1287400
18.5,-0.1,100,"bu","13:05:32",1287100
18.5,-0.1,100,"bu","13:05:12",1287000
18.5,-0.1,5000,"bu","13:05:11",1286900
18.5,-0.1,2000,"bu","13:04:52",1281900
18.4,-0.2,1000,"sd","13:00:05",1279900
18.5,-0.1,1200,"bu","13:00:04",1278900
18.4,-0.2,3200,"sd","13:00:03",1277700
18.4,-0.2,200,"sd","13:00:01",1274500
18.4,-0.2,500,"sd","11:28:54",1274300
18.4,-0.2,230000,"sd","11:27:09",1273800
18.5,-0.1,200,"bu","11:26:36",1043800
18.5,-0.1,200,"bu","11:25:10",1043600
18.5,-0.1,5000,"bu","11:25:01",1043400
18.5,-0.1,100,"bu","11:24:14",1038400
18.5,-0.1,6000,"bu","11:23:48",1038300
18.5,-0.1,400,"bu","11:18:56",1032300
18.5,-0.1,100,"bu","11:18:23",1031900
18.5,-0.1,100,"bu","11:18:03",1031800
18.5,-0.1,1900,"bu","11:17:53",1031700
18.5,-0.1,1000,"bu","11:17:52",1029800
18.5,-0.1,3000,"bu","11:15:56",1028800
18.5,-0.1,100,"bu","11:15:16",1025800
18.5,-0.1,100,"bu","11:13:49",1025700
18.5,-0.1,1000,"bu","11:13:07",1025600
18.5,-0.1,500,"bu","11:12:19",1024600
18.4,-0.2,80000,"sd","11:12:00",1024100
18.5,-0.1,100,"bu","11:11:39",944100
18.5,-0.1,100,"bu","11:10:30",944000
18.5,-0.1,100,"bu","11:10:28",943900
18.5,-0.1,100,"bu","11:10:26",943800
18.5,-0.1,100,"bu","11:10:25",943700
18.5,-0.1,100,"bu","11:10:23",943600
18.5,-0.1,500,"bu","11:10:14",943500
18.5,-0.1,200,"bu","11:09:41",943000
18.5,-0.1,2000,"bu","11:07:58",942800
18.4,-0.2,100,"sd","11:07:53",940800
18.4,-0.2,200,"sd","11:07:08",940700
18.4,-0.2,100,"sd","11:05:08",940500
18.4,-0.2,175000,"sd","11:04:20",940400
18.5,-0.1,1000,"bu","11:02:35",765400
18.5,-0.1,1000,"bu","11:02:24",764400
18.5,-0.1,3200,"bu","11:01:45",763400
18.5,-0.1,200,"bu","11:01:27",760200
18.5,-0.1,2000,"bu","11:01:07",760000
18.5,-0.1,100,"bu","11:00:17",758000
18.5,-0.1,200,"bu","11:00:02",757900
18.5,-0.1,200,"bu","10:59:39",757700
18.4,-0.2,500,"sd","10:57:25",757500
18.5,-0.1,500,"bu","10:57:18",757000
18.5,-0.1,5000,"bu","10:57:04",756500
18.4,-0.2,100,"sd","10:56:46",751500
18.5,-0.1,100,"bu","10:56:43",751400
18.5,-0.1,200,"bu","10:56:39",751300
18.5,-0.1,100,"bu","10:55:39",751100
18.5,-0.1,100,"bu","10:55:06",751000
18.5,-0.1,400,"bu","10:54:25",750900
18.5,-0.1,100,"bu","10:54:24",750500
18.5,-0.1,100,"bu","10:54:05",750400
18.5,-0.1,100,"bu","10:53:17",750300
18.5,-0.1,100,"bu","10:53:07",750200
18.5,-0.1,100,"bu","10:52:25",750100
18.4,-0.2,1000,"sd","10:52:22",750000
18.5,-0.1,200,"bu","10:51:55",749000
18.5,-0.1,1000,"bu","10:51:19",748800
18.5,-0.1,200,"bu","10:50:08",747800
18.5,-0.1,100,"bu","10:49:58",747600
18.5,-0.1,20100,"bu","10:49:55",747500
18.5,-0.1,500,"bu","10:47:34",727400
18.5,-0.1,2000,"bu","10:47:31",726900
18.5,-0.1,300,"bu","10:47:24",724900
18.5,-0.1,100,"bu","10:47:20",724600
18.5,-0.1,2000,"bu","10:47:08",724500
18.5,-0.1,1000,"bu","10:46:51",722500
18.5,-0.1,1000,"bu","10:46:47",721500
18.5,-0.1,500,"bu","10:46:42",720500
18.5,-0.1,200,"bu","10:45:57",720000
18.5,-0.1,200,"bu","10:45:30",719800
18.5,-0.1,300,"bu","10:45:02",719600
18.5,-0.1,500,"bu","10:43:47",719300
18.5,-0.1,200,"bu","10:43:20",718800
18.5,-0.1,700,"bu","10:42:57",718600
18.5,-0.1,200,"bu","10:42:38",717900
18.5,-0.1,100,"bu","10:41:01",717700
18.5,-0.1,500,"bu","10:40:39",717600
18.5,-0.1,500,"bu","10:40:13",717100
18.5,-0.1,100,"bu","10:40:09",716600
18.5,-0.1,500,"bu","10:39:37",716500
18.5,-0.1,1000,"bu","10:39:19",716000
18.5,-0.1,500,"bu","10:38:56",715000
18.5,-0.1,500,"bu","10:38:30",714500
18.5,-0.1,500,"bu","10:37:37",714000
18.5,-0.1,6000,"bu","10:36:47",713500
18.5,-0.1,100,"bu","10:36:14",707500
18.5,-0.1,1500,"bu","10:36:12",707400
18.5,-0.1,500,"bu","10:35:51",705900
18.5,-0.1,4400,"bu","10:35:45",705400
18.5,-0.1,1100,"bu","10:35:05",701000
18.5,-0.1,1600,"bu","10:33:57",699900
18.5,-0.1,3000,"bu","10:33:22",698300
18.5,-0.1,5000,"bu","10:33:08",695300
18.5,-0.1,400,"bu","10:32:51",690300
18.5,-0.1,3500,"bu","10:32:46",689900
18.5,-0.1,7000,"sd","10:32:37",686400
18.5,-0.1,2200,"sd","10:32:23",679400
18.5,-0.1,2000,"sd","10:31:51",677200
18.5,-0.1,500,"sd","10:31:21",675200
18.5,-0.1,700,"sd","10:31:00",674700
18.5,-0.1,10700,"bu","10:30:34",674000
18.5,-0.1,5000,"sd","10:30:10",663300
18.5,-0.1,200,"sd","10:29:40",658300
18.5,-0.1,3000,"sd","10:29:35",658100
18.5,-0.1,100,"sd","10:28:40",655100
18.5,-0.1,200,"sd","10:28:19",655000
18.5,-0.1,200,"bu","10:27:53",654800
18.5,-0.1,1000,"bu","10:27:52",654600
18.5,-0.1,2000,"bu","10:27:42",653600
18.5,-0.1,1000,"bu","10:27:23",651600
18.5,-0.1,600,"bu","10:27:22",650600
18.5,-0.1,100,"bu","10:27:20",650000
18.5,-0.1,1000,"bu","10:27:16",649900
18.5,-0.1,200,"bu","10:27:11",648900
18.5,-0.1,2000,"bu","10:26:31",648700
18.5,-0.1,1000,"bu","10:26:13",646700
18.5,-0.1,200,"bu","10:26:10",645700
18.5,-0.1,100,"bu","10:25:58",645500
18.5,-0.1,600,"bu","10:25:40",645400
18.5,-0.1,100,"bu","10:25:18",644800
18.5,-0.1,1000,"bu","10:25:14",644700
18.5,-0.1,100,"bu","10:25:06",643700
18.5,-0.1,5000,"bu","10:25:02",643600
18.5,-0.1,500,"bu","10:24:47",638600
18.5,-0.1,1500,"bu","10:24:22",638100
18.5,-0.1,9300,"bu","10:24:09",636600
18.5,-0.1,2000,"sd","10:23:47",627300
18.5,-0.1,200,"sd","10:22:07",625300
18.5,-0.1,100,"sd","10:21:35",625100
18.5,-0.1,600,"sd","10:21:31",625000
18.5,-0.1,1000,"sd","10:21:24",624400
18.5,-0.1,1000,"sd","10:20:42",623400
18.5,-0.1,100,"sd","10:20:15",622400
18.5,-0.1,700,"bu","10:20:12",622300
18.5,-0.1,200,"bu","10:20:09",621600
18.5,-0.1,100,"bu","10:19:50",621400
18.5,-0.1,100,"","10:19:26",621300
18.5,-0.1,600,"bu","10:19:13",621200
18.5,-0.1,500,"bu","10:19:02",620600
18.5,-0.1,1400,"bu","10:18:31",620100
18.6,0,100,"bu","10:18:10",618700
18.5,-0.1,50000,"sd","10:17:48",618600
18.5,-0.1,100,"sd","10:15:58",568600
18.5,-0.1,5000,"sd","10:15:28",568500
18.6,0,100,"bu","10:14:34",563500
18.5,-0.1,600,"sd","10:14:11",563400
18.6,0,500,"bu","10:13:54",562800
18.5,-0.1,5200,"sd","10:13:22",562300
18.5,-0.1,1800,"sd","10:12:47",557100
18.5,-0.1,500,"sd","10:11:19",555300
18.5,-0.1,4000,"sd","10:11:04",554800
18.5,-0.1,5000,"sd","10:10:23",550800
18.5,-0.1,100,"sd","10:08:40",545800
18.5,-0.1,700,"sd","10:07:41",545700
18.5,-0.1,500,"sd","10:07:19",545000
18.5,-0.1,5000,"sd","10:06:52",544500
18.6,0,500,"bu","10:06:46",539500
18.5,-0.1,1500,"sd","10:03:42",539000
18.5,-0.1,5000,"sd","10:03:29",537500
18.5,-0.1,2000,"sd","10:02:31",532500
18.5,-0.1,2000,"sd","10:01:47",530500
18.5,-0.1,100,"sd","10:01:38",528500
18.5,-0.1,10000,"sd","10:01:16",528400
18.5,-0.1,5000,"sd","10:00:55",518400
18.5,-0.1,15000,"sd","10:00:36",513400
18.5,-0.1,1000,"sd","10:00:29",498400
18.6,0,500,"bu","10:00:17",497400
18.6,0,1000,"bu","09:59:50",496900
18.6,0,100,"bu","09:59:34",495900
18.6,0,300,"bu","09:59:33",495800
18.6,0,300,"bu","09:59:28",495500
18.6,0,200,"bu","09:59:10",495200
18.6,0,3700,"bu","09:58:22",495000
18.5,-0.1,2000,"sd","09:57:04",491300
18.6,0,100,"bu","09:57:02",489300
18.6,0,200,"bu","09:56:56",489200
18.6,0,2000,"bu","09:54:38",489000
18.6,0,100,"bu","09:53:17",487000
18.6,0,10000,"bu","09:53:04",486900
18.6,0,10000,"bu","09:52:23",476900
18.5,-0.1,3700,"bu","09:51:46",466900
18.5,-0.1,500,"bu","09:51:44",463200
18.5,-0.1,5000,"bu","09:51:41",462700
18.5,-0.1,100,"bu","09:51:36",457700
18.5,-0.1,100,"bu","09:51:32",457600
18.5,-0.1,100,"bu","09:51:16",457500
18.5,-0.1,100,"bu","09:51:08",457400
18.5,-0.1,6000,"bu","09:51:03",457300
18.5,-0.1,500,"bu","09:51:00",451300
18.5,-0.1,100,"bu","09:50:57",450800
18.5,-0.1,3000,"bu","09:50:50",450700
18.5,-0.1,500,"bu","09:50:41",447700
18.5,-0.1,5000,"bu","09:50:40",447200
18.5,-0.1,300,"bu","09:50:36",442200
18.5,-0.1,100,"bu","09:50:23",441900
18.5,-0.1,5000,"bu","09:50:10",441800
18.5,-0.1,10300,"sd","09:50:09",436800
18.5,-0.1,4000,"sd","09:49:38",426500
18.5,-0.1,200,"sd","09:49:36",422500
18.5,-0.1,500,"sd","09:49:20",422300
18.5,-0.1,100,"bu","09:48:18",421800
18.5,-0.1,200,"bu","09:47:51",421700
18.5,-0.1,10000,"bu","09:47:33",421500
18.5,-0.1,1000,"bu","09:47:23",411500
18.5,-0.1,100,"bu","09:47:21",410500
18.5,-0.1,100,"bu","09:47:08",410400
18.5,-0.1,200,"bu","09:47:07",410300
18.5,-0.1,900,"bu","09:46:58",410100
18.5,-0.1,10000,"bu","09:46:54",409200
18.5,-0.1,500,"bu","09:46:25",399200
18.5,-0.1,100,"bu","09:46:13",398700
18.5,-0.1,1000,"bu","09:46:09",398600
18.5,-0.1,5000,"bu","09:45:58",397600
18.5,-0.1,2800,"bu","09:45:57",392600
18.5,-0.1,200,"bu","09:45:47",389800
18.5,-0.1,500,"bu","09:45:41",389600
18.5,-0.1,200,"bu","09:45:38",389100
18.5,-0.1,1000,"bu","09:45:35",388900
18.5,-0.1,1000,"bu","09:45:27",387900
18.5,-0.1,500,"bu","09:45:16",386900
18.5,-0.1,3000,"sd","09:45:06",386400
18.5,-0.1,4000,"sd","09:45:04",383400
18.5,-0.1,120000,"sd","09:45:03",379400
18.5,-0.1,400,"sd","09:44:42",259400
18.5,-0.1,2000,"sd","09:44:38",259000
18.5,-0.1,40000,"sd","09:44:00",257000
18.5,-0.1,500,"sd","09:43:55",217000
18.5,-0.1,1000,"sd","09:42:20",216500
18.5,-0.1,600,"sd","09:41:22",215500
18.5,-0.1,4800,"sd","09:41:02",214900
18.5,-0.1,1000,"sd","09:40:36",210100
18.5,-0.1,400,"sd","09:39:35",209100
18.5,-0.1,2000,"sd","09:39:03",208700
18.5,-0.1,300,"sd","09:37:56",206700
18.6,0,200,"bu","09:37:31",206400
18.6,0,5000,"bu","09:36:17",206200
18.6,0,1200,"bu","09:34:00",201200
18.6,0,200,"bu","09:26:52",200000
18.6,0,2000,"bu","09:26:06",199800
18.6,0,300,"bu","09:25:30",197800
18.6,0,2000,"bu","09:24:52",197500
18.6,0,2000,"bu","09:24:50",195500
18.6,0,1000,"bu","09:24:47",193500
18.6,0,200,"bu","09:24:08",192500
18.6,0,100,"bu","09:23:37",192300
18.6,0,900,"sd","09:23:03",192200
18.6,0,9300,"bu","09:22:15",191300
18.6,0,100,"bu","09:22:06",182000
18.6,0,1000,"bu","09:20:45",181900
18.6,0,11600,"sd","09:20:00",180900
18.6,0,500,"sd","09:19:55",169300
18.6,0,5000,"sd","09:19:40",168800
18.6,0,5200,"sd","09:18:51",163800
18.6,0,2000,"sd","09:17:56",158600
18.6,0,13500,"sd","09:17:36",156600
18.6,0,600,"sd","09:17:26",143100
18.6,0,19500,"sd","09:17:14",142500
18.6,0,500,"bu","09:17:05",123000
18.6,0,300,"bu","09:16:31",122500
18.6,0,500,"bu","09:15:52",122200
18.6,0,1000,"bu","09:15:15",121700
18.6,0,9000,"bu","09:14:45",120700
18.6,0,1900,"bu","09:14:42",111700
18.6,0,100,"bu","09:14:30",109800
18.6,0,1000,"bu","09:14:05",109700
18.6,0,2000,"bu","09:13:41",108700
18.6,0,1000,"bu","09:12:34",106700
18.6,0,3000,"sd","09:12:20",105700
18.6,0,200,"sd","09:12:10",102700
18.6,0,4000,"sd","09:11:47",102500
18.6,0,800,"sd","09:11:42",98500
18.6,0,7400,"sd","09:11:33",97700
18.6,0,8000,"sd","09:10:32",90300
18.6,0,2400,"bu","09:08:39",82300
18.6,0,1000,"bu","09:08:38",79900
18.6,0,300,"bu","09:08:36",78900
18.6,0,30000,"bu","09:08:30",78600
18.6,0,10000,"bu","09:08:18",48600
18.6,0,500,"bu","09:08:09",38600
18.6,0,400,"bu","09:08:01",38100
18.6,0,16300,"bu","09:06:37",37700
18.6,0,500,"bu","09:05:29",21400
18.6,0,100,"bu","09:05:25",20900
18.6,0,200,"bu","09:05:06",20800
18.6,0,200,"bu","09:04:16",20600
18.6,0,500,"bu","09:04:01",20400
18.6,0,1000,"bu","09:02:33",19900
18.6,0,100,"bu","09:02:31",18900
18.6,0,1000,"bu","09:02:20",18800
18.6,0,1000,"bu","09:01:40",17800
18.6,0,1600,"bu","09:00:29",16800
18.6,0,100,"bu","09:00:28",15200
18.6,0,1200,"bu","09:00:25",15100
18.6,0,100,"bu","09:00:19",13900
18.5,-0.1,9400,"sd","09:00:18",13800
18.6,0,4400,"sd","09:00:17",4400
