"price","change","match_qtty","side","time","total_vol"
94,-0.1,146800,"","14:45:01",1686200
94.2,0.1,3100,"sd","14:29:56",1539400
94.2,0.1,400,"bu","14:29:43",1536300
94,-0.1,7000,"sd","14:29:42",1535900
94.1,0,18000,"sd","14:29:42",1528900
94.2,0.1,1900,"sd","14:29:40",1510900
94.3,0.2,100,"bu","14:29:39",1509000
94.2,0.1,100,"sd","14:29:33",1508900
94.2,0.1,200,"sd","14:29:31",1508800
94.3,0.2,1100,"bu","14:29:27",1508600
94.2,0.1,400,"sd","14:29:25",1507500
94.2,0.1,100,"bu","14:29:21",1507100
94.2,0.1,900,"sd","14:29:18",1507000
94.2,0.1,400,"bu","14:29:13",1506100
94.2,0.1,600,"sd","14:29:12",1505700
94.2,0.1,1000,"sd","14:29:07",1505100
94.2,0.1,800,"bu","14:29:01",1504100
94.2,0.1,2000,"bu","14:28:59",1503300
94.2,0.1,200,"bu","14:28:58",1501300
94.2,0.1,900,"bu","14:28:56",1501100
94.1,0,2000,"sd","14:28:56",1500200
94.2,0.1,200,"bu","14:28:53",1498200
94.2,0.1,200,"bu","14:28:45",1498000
94.1,0,200,"sd","14:28:29",1497800
94.1,0,2900,"bu","14:28:29",1497600
94.1,0,200,"bu","14:28:24",1494700
94.1,0,600,"bu","14:28:22",1494500
94.1,0,300,"bu","14:28:18",1493900
94.1,0,500,"bu","14:28:17",1493600
94.1,0,100,"bu","14:28:15",1493000
94.1,0,1000,"bu","14:28:05",1492900
94.1,0,100,"bu","14:28:04",1491900
94.1,0,100,"bu","14:27:59",1491800
94.1,0,600,"bu","14:27:56",1491700
94.1,0,100,"bu","14:27:49",1491100
94,-0.1,1700,"sd","14:27:48",1491000
94.1,0,500,"sd","14:27:48",1489300
94,-0.1,300,"sd","14:27:29",1488800
94.1,0,100,"sd","14:27:29",1488500
94,-0.1,1800,"sd","14:27:21",1488400
94.1,0,300,"sd","14:27:21",1486600
94,-0.1,300,"sd","14:27:14",1486300
94,-0.1,600,"sd","14:27:01",1486000
94.1,0,4300,"sd","14:27:01",1485400
94.2,0.1,1100,"sd","14:27:01",1481100
94.2,0.1,500,"sd","14:26:57",1480000
94.2,0.1,5600,"sd","14:26:42",1479500
94.3,0.2,4400,"sd","14:26:42",1473900
94.3,0.2,4800,"bu","14:26:31",1469500
94.3,0.2,500,"bu","14:26:17",1464700
94.3,0.2,300,"bu","14:26:13",1464200
94.3,0.2,300,"bu","14:26:05",1463900
94.3,0.2,1000,"bu","14:26:03",1463600
94.3,0.2,100,"bu","14:26:02",1462600
94.3,0.2,100,"bu","14:26:00",1462500
94.3,0.2,200,"bu","14:25:48",1462400
94.3,0.2,300,"sd","14:25:40",1462200
94.3,0.2,2000,"sd","14:25:39",1461900
94.4,0.3,1000,"bu","14:25:39",1459900
94.3,0.2,100,"bu","14:25:24",1458900
94.2,0.1,100,"sd","14:25:13",1458800
94.2,0.1,600,"sd","14:24:52",1458700
94.3,0.2,1400,"sd","14:24:52",1458100
94.4,0.3,100,"bu","14:24:49",1456700
94.4,0.3,300,"bu","14:24:39",1456600
94.3,0.2,3500,"sd","14:24:39",1456300
94.4,0.3,300,"bu","14:24:36",1452800
94.3,0.2,1500,"sd","14:24:36",1452500
94.3,0.2,200,"sd","14:24:34",1451000
94.3,0.2,100,"sd","14:24:33",1450800
94.4,0.3,100,"bu","14:24:33",1450700
94.3,0.2,3000,"sd","14:24:19",1450600
94.3,0.2,700,"sd","14:23:47",1447600
94.4,0.3,100,"bu","14:23:37",1446600
94.4,0.3,500,"bu","14:23:25",1446500
94.4,0.3,1200,"sd","14:23:20",1446000
94.5,0.4,100,"bu","14:23:00",1444800
94.4,0.3,100,"sd","14:22:56",1444700
94.4,0.3,100,"sd","14:22:50",1444600
94.4,0.3,2000,"sd","14:22:30",1444500
94.5,0.4,100,"bu","14:22:22",1442500
94.4,0.3,700,"sd","14:22:19",1442400
94.5,0.4,100,"bu","14:22:06",1441700
94.5,0.4,1000,"bu","14:21:46",1441600
94.5,0.4,400,"bu","14:21:37",1440600
94.5,0.4,100,"bu","14:21:32",1440200
94.5,0.4,100,"bu","14:21:15",1440100
94.5,0.4,1900,"sd","14:21:13",1440000
94.5,0.4,100,"sd","14:21:12",1438100
94.5,0.4,1000,"sd","14:20:54",1438000
94.6,0.5,300,"bu","14:20:43",1437000
94.5,0.4,700,"sd","14:20:23",1436700
94.5,0.4,100,"sd","14:20:20",1436000
94.5,0.4,1000,"sd","14:20:02",1435900
94.6,0.5,100,"sd","14:19:58",1434900
94.7,0.6,100,"bu","14:18:51",1434800
94.8,0.7,4700,"bu","14:18:39",1434700
94.7,0.6,300,"bu","14:18:39",1430000
94.7,0.6,200,"sd","14:18:38",1429700
94.7,0.6,100,"sd","14:18:35",1429500
94.7,0.6,100,"sd","14:18:32",1429400
94.7,0.6,1600,"bu","14:18:25",1429300
94.7,0.6,5000,"bu","14:18:09",1427700
94.7,0.6,200,"bu","14:18:05",1422700
94.7,0.6,7600,"bu","14:18:00",1422500
94.6,0.5,1500,"bu","14:18:00",1414900
94.5,0.4,100,"sd","14:17:48",1413400
94.5,0.4,400,"bu","14:17:46",1413300
94.5,0.4,1000,"bu","14:17:43",1412900
94.5,0.4,100,"bu","14:17:38",1411900
94.5,0.4,100,"bu","14:17:18",1411800
94.4,0.3,900,"bu","14:17:17",1411700
94.4,0.3,100,"bu","14:17:13",1410800
94.4,0.3,1000,"bu","14:17:11",1410700
94.4,0.3,100,"bu","14:17:09",1409700
94.3,0.2,800,"sd","14:16:52",1409600
94.3,0.2,1100,"sd","14:16:45",1408800
94.4,0.3,100,"bu","14:16:41",1407700
94.4,0.3,400,"bu","14:16:38",1407600
94.4,0.3,100,"bu","14:16:38",1407200
94.4,0.3,300,"bu","14:16:32",1407100
94.6,0.5,100,"bu","14:16:29",1406800
94.3,0.2,7700,"sd","14:16:21",1406700
94.4,0.3,12200,"sd","14:16:21",1399000
94.5,0.4,100,"sd","14:16:21",1386800
94.5,0.4,100,"bu","14:16:19",1386700
94.5,0.4,100,"bu","14:16:19",1386600
94.5,0.4,100,"bu","14:16:15",1386500
94.5,0.4,3900,"sd","14:16:03",1386400
94.5,0.4,15000,"sd","14:15:59",1382500
94.6,0.5,300,"bu","14:15:33",1367500
94.6,0.5,10000,"bu","14:15:32",1367200
94.6,0.5,300,"bu","14:15:31",1357200
94.6,0.5,1700,"sd","14:15:25",1356900
94.6,0.5,10000,"sd","14:15:24",1355200
94.6,0.5,400,"sd","14:15:07",1345200
94.6,0.5,1000,"sd","14:14:45",1344800
94.7,0.6,200,"bu","14:14:35",1343800
94.7,0.6,100,"bu","14:14:06",1343600
94.6,0.5,200,"sd","14:13:46",1343500
94.6,0.5,500,"sd","14:13:39",1343300
94.6,0.5,1400,"bu","14:13:31",1342800
94.5,0.4,500,"sd","14:13:24",1341400
94.6,0.5,100,"bu","14:13:16",1340900
94.6,0.5,100,"bu","14:12:59",1340800
94.6,0.5,1000,"bu","14:12:55",1340700
94.6,0.5,200,"bu","14:12:51",1339700
94.6,0.5,5000,"bu","14:12:50",1339500
94.6,0.5,10000,"bu","14:12:31",1334500
94.5,0.4,500,"sd","14:12:27",1324500
94.6,0.5,500,"bu","14:11:48",1324000
94.6,0.5,100,"bu","14:11:44",1323500
94.5,0.4,2000,"sd","14:11:38",1323400
94.5,0.4,2400,"sd","14:10:14",1321400
94.5,0.4,2900,"sd","14:10:13",1319000
94.6,0.5,1700,"sd","14:10:13",1316100
94.7,0.6,100,"bu","14:09:28",1314400
94.6,0.5,1400,"sd","14:09:25",1314300
94.7,0.6,100,"bu","14:09:21",1312900
94.6,0.5,1500,"sd","14:09:03",1312800
94.6,0.5,200,"sd","14:09:01",1311300
94.6,0.5,1500,"sd","14:08:38",1311100
94.6,0.5,100,"sd","14:08:35",1309600
94.7,0.6,200,"sd","14:08:30",1309500
94.7,0.6,100,"sd","14:08:24",1309300
94.7,0.6,900,"sd","14:08:00",1309200
94.7,0.6,500,"bu","14:07:46",1308300
94.7,0.6,200,"bu","14:07:38",1307800
94.7,0.6,500,"bu","14:07:31",1307600
94.7,0.6,100,"bu","14:07:28",1307100
94.7,0.6,4000,"bu","14:06:59",1307000
94.7,0.6,100,"bu","14:06:58",1303000
94.7,0.6,1900,"bu","14:06:55",1302900
94.7,0.6,5000,"bu","14:06:48",1301000
94.7,0.6,700,"bu","14:06:03",1296000
94.7,0.6,500,"bu","14:05:55",1295300
94.6,0.5,100,"sd","14:05:45",1294800
94.7,0.6,100,"bu","14:05:26",1294700
94.7,0.6,1200,"bu","14:05:19",1294600
94.6,0.5,100,"sd","14:05:14",1293400
94.7,0.6,300,"bu","14:04:54",1293300
94.7,0.6,100,"bu","14:04:35",1293000
94.7,0.6,100,"bu","14:04:29",1292900
94.6,0.5,100,"sd","14:04:26",1292800
94.7,0.6,200,"bu","14:04:09",1292700
94.7,0.6,300,"bu","14:03:42",1292500
94.5,0.4,300,"sd","14:02:30",1292200
94.6,0.5,300,"sd","14:02:30",1291900
94.6,0.5,500,"bu","14:02:23",1291600
94.6,0.5,200,"bu","14:02:21",1291100
94.6,0.5,100,"bu","14:02:13",1290900
94.6,0.5,200,"bu","14:02:08",1290800
94.6,0.5,3000,"bu","14:01:12",1290600
94.6,0.5,100,"bu","14:00:56",1287600
94.6,0.5,200,"bu","14:00:40",1287500
94.6,0.5,500,"bu","14:00:29",1287300
94.5,0.4,500,"sd","14:00:08",1286800
94.6,0.5,100,"bu","14:00:07",1286300
94.5,0.4,1000,"sd","14:00:07",1286200
94.6,0.5,3000,"bu","14:00:00",1285200
94.6,0.5,3700,"bu","13:59:50",1282200
94.5,0.4,200,"sd","13:59:15",1278500
94.5,0.4,200,"sd","13:59:00",1278300
94.5,0.4,100,"sd","13:58:48",1278100
94.5,0.4,1000,"sd","13:58:14",1278000
94.5,0.4,500,"sd","13:57:43",1277000
94.6,0.5,100,"bu","13:57:27",1276500
94.6,0.5,200,"bu","13:57:12",1276400
94.6,0.5,100,"sd","13:57:03",1276200
94.5,0.4,5800,"sd","13:56:57",1276100
94.6,0.5,4200,"sd","13:56:57",1270300
94.6,0.5,100,"sd","13:56:57",1266100
94.6,0.5,500,"sd","13:56:27",1266000
94.6,0.5,100,"sd","13:56:26",1265500
94.6,0.5,200,"sd","13:56:06",1265400
94.6,0.5,300,"sd","13:56:03",1265200
94.7,0.6,200,"bu","13:55:27",1264900
94.7,0.6,100,"bu","13:55:04",1264700
94.6,0.5,1000,"sd","13:55:02",1264600
94.6,0.5,100,"sd","13:54:53",1263600
94.6,0.5,100,"sd","13:54:34",1263500
94.6,0.5,100,"sd","13:54:24",1263400
94.6,0.5,100,"sd","13:54:20",1263300
94.6,0.5,100,"sd","13:54:18",1263200
94.6,0.5,200,"sd","13:54:15",1263100
94.6,0.5,900,"sd","13:54:07",1262900
94.6,0.5,100,"bu","13:54:01",1262000
94.6,0.5,400,"sd","13:53:56",1261900
94.6,0.5,100,"sd","13:53:50",1261500
94.6,0.5,500,"bu","13:53:49",1261400
94.6,0.5,300,"bu","13:53:46",1260900
94.6,0.5,200,"bu","13:53:43",1260600
94.6,0.5,400,"sd","13:53:37",1260400
94.6,0.5,500,"sd","13:53:37",1260000
94.6,0.5,100,"sd","13:53:35",1259500
94.6,0.5,1500,"bu","13:53:30",1259400
94.6,0.5,500,"sd","13:53:25",1257900
94.6,0.5,1000,"sd","13:53:22",1257400
94.6,0.5,100,"bu","13:53:14",1256400
94.6,0.5,2000,"bu","13:53:11",1256300
94.6,0.5,100,"bu","13:52:42",1254300
94.6,0.5,2800,"sd","13:52:07",1254200
94.6,0.5,100,"sd","13:51:59",1251400
94.6,0.5,1000,"sd","13:51:58",1251300
94.6,0.5,3000,"sd","13:51:55",1250300
94.6,0.5,400,"sd","13:51:47",1247300
94.7,0.6,300,"bu","13:51:31",1246900
94.7,0.6,100,"bu","13:51:19",1246600
94.7,0.6,800,"bu","13:51:01",1246500
94.6,0.5,200,"sd","13:50:53",1245700
94.6,0.5,200,"sd","13:50:47",1245500
94.7,0.6,100,"bu","13:50:39",1245300
94.7,0.6,100,"bu","13:50:19",1245200
94.6,0.5,400,"sd","13:50:18",1245100
94.7,0.6,200,"bu","13:50:16",1244700
94.7,0.6,200,"bu","13:50:14",1244500
94.7,0.6,1500,"bu","13:50:07",1244300
94.7,0.6,200,"bu","13:50:05",1242800
94.7,0.6,300,"bu","13:49:58",1242600
94.7,0.6,100,"bu","13:49:47",1242300
94.7,0.6,2000,"bu","13:49:40",1242200
94.6,0.5,100,"sd","13:49:39",1240200
94.6,0.5,3000,"sd","13:49:25",1240100
94.6,0.5,1000,"sd","13:49:20",1237100
94.7,0.6,2000,"bu","13:48:57",1236100
94.7,0.6,100,"bu","13:48:38",1234100
94.6,0.5,200,"sd","13:48:24",1234000
94.6,0.5,1200,"bu","13:48:01",1233800
94.6,0.5,100,"bu","13:47:57",1232600
94.6,0.5,100,"bu","13:47:56",1232500
94.6,0.5,300,"bu","13:47:48",1232400
94.6,0.5,1000,"bu","13:47:31",1232100
94.6,0.5,200,"bu","13:47:15",1231100
94.6,0.5,400,"sd","13:47:11",1230900
94.6,0.5,3000,"sd","13:47:06",1230500
94.6,0.5,100,"sd","13:46:41",1227500
94.6,0.5,1400,"sd","13:45:58",1227400
94.7,0.6,500,"bu","13:45:57",1226000
94.7,0.6,100,"bu","13:45:45",1225500
94.7,0.6,100,"bu","13:45:33",1225400
94.6,0.5,100,"sd","13:45:20",1225300
94.6,0.5,100,"bu","13:45:16",1225200
94.6,0.5,200,"bu","13:45:11",1225100
94.6,0.5,200,"bu","13:45:06",1224900
94.6,0.5,200,"bu","13:45:01",1224700
94.6,0.5,300,"bu","13:44:44",1224500
94.6,0.5,5000,"bu","13:44:35",1224200
94.6,0.5,200,"bu","13:43:17",1219200
94.6,0.5,100,"bu","13:43:11",1219000
94.5,0.4,200,"sd","13:42:46",1218900
94.5,0.4,300,"sd","13:42:40",1218700
94.5,0.4,2000,"sd","13:41:09",1218400
94.6,0.5,500,"bu","13:40:56",1216400
94.6,0.5,100,"bu","13:40:48",1215900
94.5,0.4,1000,"sd","13:40:18",1215800
94.5,0.4,500,"bu","13:40:05",1214800
94.4,0.3,200,"sd","13:38:51",1214300
94.4,0.3,500,"sd","13:38:46",1214100
94.5,0.4,200,"bu","13:38:40",1213600
94.5,0.4,100,"bu","13:38:29",1213400
94.5,0.4,100,"bu","13:38:25",1213300
94.5,0.4,100,"bu","13:38:17",1213200
94.4,0.3,1000,"sd","13:38:14",1213100
94.4,0.3,900,"bu","13:38:01",1212100
94.4,0.3,2200,"sd","13:37:48",1211200
94.4,0.3,9200,"sd","13:37:44",1209000
94.4,0.3,1000,"sd","13:37:40",1199800
94.4,0.3,1200,"sd","13:37:29",1198800
94.4,0.3,1300,"sd","13:37:22",1197600
94.4,0.3,1300,"sd","13:37:14",1196300
94.5,0.4,100,"bu","13:36:59",1195000
94.5,0.4,7100,"sd","13:36:55",1194900
94.6,0.5,500,"bu","13:36:48",1187800
94.5,0.4,1000,"sd","13:36:43",1187300
94.6,0.5,200,"bu","13:36:20",1186300
94.6,0.5,100,"bu","13:36:02",1186100
94.5,0.4,100,"sd","13:36:00",1186000
94.5,0.4,1400,"sd","13:35:56",1185900
94.5,0.4,100,"sd","13:35:49",1184500
94.6,0.5,12600,"sd","13:35:49",1184400
94.7,0.6,4600,"sd","13:35:34",1171800
94.7,0.6,200,"sd","13:35:19",1167200
94.8,0.7,300,"bu","13:34:36",1167000
94.8,0.7,100,"sd","13:34:33",1166700
94.8,0.7,400,"bu","13:34:22",1166600
94.8,0.7,500,"bu","13:34:03",1166200
94.8,0.7,5000,"bu","13:33:52",1165700
94.8,0.7,100,"bu","13:33:40",1160700
94.8,0.7,1000,"bu","13:33:39",1160600
94.8,0.7,300,"bu","13:32:51",1159600
94.8,0.7,600,"sd","13:32:44",1159300
94.8,0.7,100,"sd","13:32:38",1158700
94.9,0.8,100,"bu","13:32:38",1158600
94.8,0.7,2000,"sd","13:32:31",1158500
94.8,0.7,1100,"sd","13:32:30",1156500
94.8,0.7,1000,"sd","13:32:17",1155400
94.9,0.8,300,"bu","13:32:07",1154400
94.8,0.7,1000,"bu","13:32:06",1153900
94.8,0.7,1000,"bu","13:31:59",1152900
94.7,0.6,1400,"sd","13:31:53",1151900
94.8,0.7,100,"bu","13:31:51",1150500
94.8,0.7,2000,"bu","13:31:49",1150400
94.8,0.7,100,"bu","13:31:17",1148400
94.8,0.7,500,"sd","13:31:12",1148300
94.8,0.7,100,"sd","13:31:09",1147800
94.8,0.7,500,"sd","13:30:26",1147700
94.9,0.8,100,"bu","13:30:14",1147200
94.9,0.8,1000,"bu","13:30:11",1147100
94.9,0.8,900,"bu","13:29:48",1146100
94.9,0.8,3600,"bu","13:29:22",1145200
94.9,0.8,200,"bu","13:29:22",1141600
94.8,0.7,100,"sd","13:29:22",1141400
94.9,0.8,100,"bu","13:28:54",1141300
94.8,0.7,600,"bu","13:28:50",1141200
94.7,0.6,200,"sd","13:28:30",1140600
94.7,0.6,400,"bu","13:27:39",1140400
94.7,0.6,100,"bu","13:27:38",1140000
94.7,0.6,100,"bu","13:27:38",1139900
94.7,0.6,400,"bu","13:27:29",1139800
94.7,0.6,2100,"bu","13:27:25",1139400
94.7,0.6,1100,"bu","13:27:14",1137300
94.7,0.6,300,"bu","13:27:12",1136200
94.7,0.6,400,"bu","13:27:10",1135900
94.7,0.6,100,"bu","13:27:02",1135500
94.7,0.6,200,"bu","13:26:53",1135400
94.7,0.6,100,"bu","13:26:50",1135200
94.7,0.6,500,"bu","13:26:45",1135100
94.7,0.6,100,"bu","13:26:43",1134600
94.7,0.6,2100,"sd","13:26:42",1134500
94.8,0.7,6000,"sd","13:26:42",1132400
94.8,0.7,3000,"bu","13:26:41",1126400
94.8,0.7,100,"bu","13:26:31",1123400
94.8,0.7,1900,"bu","13:26:29",1123300
94.8,0.7,6600,"bu","13:26:28",1121400
94.7,0.6,6500,"bu","13:26:28",1114800
94.7,0.6,500,"bu","13:26:17",1108300
94.7,0.6,200,"bu","13:26:15",1107800
94.6,0.5,2500,"bu","13:26:00",1107600
94.6,0.5,2000,"bu","13:25:55",1105100
94.6,0.5,300,"bu","13:25:54",1103100
94.5,0.4,1000,"sd","13:25:53",1102800
94.6,0.5,300,"bu","13:25:52",1101800
94.5,0.4,200,"sd","13:25:38",1101500
94.5,0.4,100,"sd","13:25:28",1101300
94.5,0.4,1100,"bu","13:24:55",1101200
94.5,0.4,500,"bu","13:24:50",1100100
94.5,0.4,100,"bu","13:24:39",1099600
94.5,0.4,100,"bu","13:24:09",1099500
94.4,0.3,1000,"sd","13:23:38",1099400
94.5,0.4,200,"bu","13:23:34",1098400
94.5,0.4,1400,"bu","13:23:23",1098200
94.5,0.4,100,"bu","13:23:19",1096800
94.5,0.4,1100,"bu","13:23:10",1096700
94.5,0.4,600,"bu","13:23:08",1095600
94.4,0.3,500,"sd","13:23:01",1095000
94.4,0.3,1000,"sd","13:23:00",1094500
94.4,0.3,1000,"sd","13:22:33",1093500
94.6,0.5,300,"bu","13:22:25",1092500
94.6,0.5,100,"bu","13:21:46",1092200
94.4,0.3,1000,"sd","13:21:44",1092100
94.5,0.4,1000,"bu","13:21:44",1091100
94.4,0.3,600,"sd","13:21:13",1090100
94.4,0.3,200,"sd","13:21:10",1089500
94.4,0.3,3000,"bu","13:20:46",1089300
94.4,0.3,200,"bu","13:20:42",1086300
94.4,0.3,1300,"sd","13:20:25",1086100
94.4,0.3,500,"sd","13:20:10",1084800
94.5,0.4,300,"bu","13:19:57",1084300
94.5,0.4,200,"bu","13:19:43",1084000
94.4,0.3,200,"sd","13:19:37",1083800
94.5,0.4,100,"bu","13:19:22",1083600
94.5,0.4,1000,"bu","13:19:15",1083500
94.5,0.4,8000,"sd","13:18:59",1082500
94.5,0.4,100,"sd","13:18:36",1074500
94.6,0.5,600,"bu","13:18:34",1074400
94.6,0.5,500,"bu","13:18:29",1073800
94.6,0.5,200,"bu","13:18:24",1073300
94.6,0.5,300,"sd","13:18:07",1073100
94.7,0.6,300,"bu","13:17:50",1072800
94.7,0.6,100,"bu","13:17:48",1072500
94.7,0.6,800,"bu","13:17:44",1072400
94.6,0.5,6900,"sd","13:17:44",1071600
94.7,0.6,500,"bu","13:17:20",1064700
94.7,0.6,500,"bu","13:17:15",1064200
94.7,0.6,2000,"bu","13:17:13",1063700
94.7,0.6,300,"bu","13:17:12",1061700
94.7,0.6,100,"bu","13:17:05",1061400
94.7,0.6,100,"bu","13:17:00",1061300
94.6,0.5,200,"sd","13:16:58",1061200
94.7,0.6,1000,"bu","13:16:04",1061000
94.7,0.6,300,"bu","13:16:01",1060000
94.7,0.6,100,"bu","13:15:58",1059700
94.7,0.6,300,"bu","13:15:42",1059600
94.7,0.6,100,"bu","13:15:05",1059300
94.7,0.6,200,"bu","13:14:48",1059200
94.7,0.6,300,"bu","13:14:41",1059000
94.7,0.6,100,"bu","13:14:37",1058700
94.7,0.6,6900,"sd","13:14:17",1058600
94.7,0.6,500,"sd","13:13:54",1051700
94.7,0.6,3400,"bu","13:13:52",1051200
94.6,0.5,100,"sd","13:13:47",1047800
94.6,0.5,1500,"sd","13:13:35",1047700
94.6,0.5,500,"sd","13:13:24",1046200
94.6,0.5,100,"sd","13:13:19",1045700
94.6,0.5,200,"sd","13:12:58",1045600
94.6,0.5,300,"sd","13:12:47",1045400
94.6,0.5,200,"sd","13:12:39",1045100
94.7,0.6,200,"bu","13:12:34",1044900
94.7,0.6,500,"bu","13:12:22",1044700
94.7,0.6,100,"bu","13:12:15",1044200
94.7,0.6,500,"bu","13:12:14",1044100
94.7,0.6,700,"sd","13:12:11",1043600
94.7,0.6,2000,"sd","13:12:01",1042900
94.8,0.7,100,"bu","13:11:59",1040900
94.8,0.7,400,"bu","13:11:26",1040800
94.8,0.7,300,"bu","13:11:06",1040400
94.8,0.7,500,"bu","13:10:53",1040100
94.8,0.7,300,"bu","13:10:51",1039600
94.7,0.6,500,"sd","13:10:50",1039300
94.7,0.6,25000,"sd","13:10:49",1038800
94.8,0.7,1000,"bu","13:10:47",1013800
94.8,0.7,100,"bu","13:10:46",1012800
94.8,0.7,700,"bu","13:10:16",1012700
94.7,0.6,500,"sd","13:10:16",1012000
94.8,0.7,100,"bu","13:09:52",1011500
94.8,0.7,200,"bu","13:09:37",1011400
94.8,0.7,100,"bu","13:09:21",1011200
94.8,0.7,300,"sd","13:09:13",1011100
94.8,0.7,10200,"sd","13:09:08",1010800
94.9,0.8,1700,"bu","13:08:51",1000600
94.9,0.8,300,"bu","13:08:47",998900
94.8,0.7,1000,"sd","13:08:46",998600
94.9,0.8,500,"bu","13:08:20",997600
94.9,0.8,5000,"bu","13:08:10",997100
94.9,0.8,600,"bu","13:08:00",992100
94.9,0.8,700,"bu","13:07:58",991500
94.9,0.8,100,"bu","13:07:52",990800
94.9,0.8,200,"bu","13:07:51",990700
94.9,0.8,1900,"bu","13:07:49",990500
94.9,0.8,1700,"sd","13:07:43",988600
94.9,0.8,1200,"sd","13:07:41",986900
94.9,0.8,100,"sd","13:07:40",985700
94.9,0.8,100,"sd","13:07:31",985600
94.9,0.8,1400,"bu","13:07:05",985500
94.9,0.8,300,"bu","13:06:48",984100
94.9,0.8,500,"bu","13:06:09",983800
94.9,0.8,2000,"sd","13:06:07",983300
94.9,0.8,100,"sd","13:06:02",981300
94.9,0.8,300,"sd","13:05:59",981200
94.9,0.8,700,"sd","13:05:58",980900
94.9,0.8,700,"sd","13:05:50",980200
94.9,0.8,500,"sd","13:05:49",979500
94.9,0.8,200,"sd","13:05:43",979000
94.9,0.8,700,"sd","13:05:42",978800
95,0.9,1100,"bu","13:05:06",978100
95,0.9,2100,"bu","13:04:38",977000
94.9,0.8,100,"sd","13:04:23",974900
94.9,0.8,900,"sd","13:04:02",974800
95,0.9,1000,"bu","13:04:01",973900
94.9,0.8,100,"sd","13:04:01",972900
94.9,0.8,1000,"sd","13:03:32",972800
94.9,0.8,100,"sd","13:03:20",971800
94.9,0.8,100,"sd","13:03:06",971700
95,0.9,1500,"bu","13:02:46",971600
94.9,0.8,4800,"sd","13:02:42",970100
95,0.9,200,"bu","13:02:37",965300
95,0.9,100,"bu","13:02:35",965100
95,0.9,4100,"bu","13:02:22",965000
95,0.9,100,"bu","13:02:19",960900
95,0.9,500,"sd","13:02:04",960800
95.1,1,200,"bu","13:02:01",960300
95,0.9,200,"bu","13:02:01",960100
95,0.9,10800,"sd","13:02:00",959900
95,0.9,11000,"sd","13:01:57",949100
95.1,1,1900,"bu","13:01:30",938100
95.1,1,2000,"bu","13:01:26",936200
95.1,1,10000,"bu","13:01:24",934200
95.1,1,3000,"bu","13:01:01",924200
95,0.9,100,"sd","13:00:57",921200
95.1,1,500,"bu","13:00:51",921100
95,0.9,1200,"bu","13:00:44",920600
95,0.9,9200,"bu","13:00:43",919400
95,0.9,4400,"bu","13:00:41",910200
95,0.9,100,"bu","13:00:39",905800
95,0.9,4600,"bu","13:00:21",905700
95,0.9,4000,"bu","13:00:18",901100
94.9,0.8,100,"sd","13:00:17",897100
95,0.9,100,"bu","13:00:16",897000
95,0.9,300,"bu","13:00:14",896900
94.9,0.8,500,"sd","13:00:13",896600
95,0.9,1000,"bu","13:00:10",896100
95,0.9,100,"bu","13:00:05",895100
94.9,0.8,900,"sd","13:00:04",895000
95,0.9,11200,"bu","13:00:02",894100
94.9,0.8,5200,"sd","13:00:01",882900
95,0.9,200,"bu","13:00:01",877700
94.9,0.8,1500,"sd","13:00:01",877500
95,0.9,700,"bu","13:00:00",876000
94.9,0.8,300,"sd","13:00:00",875300
95,0.9,100,"bu","13:00:00",875000
94.9,0.8,200,"sd","13:00:00",874900
95,0.9,500,"bu","11:29:53",874700
94.9,0.8,3100,"sd","11:29:47",874200
95,0.9,3400,"bu","11:29:31",871100
95,0.9,500,"bu","11:29:25",867700
94.9,0.8,200,"sd","11:29:21",867200
95,0.9,300,"bu","11:29:15",867000
95,0.9,100,"bu","11:29:12",866700
95,0.9,200,"bu","11:29:02",866600
95,0.9,800,"bu","11:28:56",866400
95,0.9,500,"bu","11:28:43",865600
95,0.9,400,"bu","11:28:40",865100
95,0.9,1000,"bu","11:28:38",864700
95,0.9,10000,"bu","11:28:32",863700
95,0.9,1000,"bu","11:28:22",853700
95,0.9,500,"bu","11:26:58",852700
95,0.9,500,"bu","11:26:10",852200
95,0.9,400,"bu","11:26:04",851700
95,0.9,300,"bu","11:26:03",851300
95,0.9,500,"bu","11:25:37",851000
95,0.9,400,"bu","11:25:36",850500
95,0.9,1500,"bu","11:25:16",850100
95,0.9,100,"bu","11:25:14",848600
95,0.9,1500,"bu","11:25:10",848500
95,0.9,700,"bu","11:25:09",847000
95,0.9,500,"bu","11:25:03",846300
95,0.9,400,"bu","11:25:02",845800
95,0.9,1200,"sd","11:24:54",845400
95.1,1,500,"bu","11:24:54",844200
95,0.9,3500,"sd","11:24:52",843700
95,0.9,500,"sd","11:24:50",840200
95,0.9,1000,"sd","11:24:47",839700
95,0.9,300,"sd","11:24:41",838700
95,0.9,10000,"sd","11:24:35",838400
95,0.9,5000,"sd","11:24:15",828400
95.1,1,9000,"bu","11:24:12",823400
95.1,1,200,"bu","11:23:45",814400
95,0.9,100,"sd","11:23:40",814200
95.1,1,1000,"bu","11:23:37",814100
95.1,1,500,"bu","11:23:21",813100
95,0.9,1000,"sd","11:23:18",812600
95.1,1,2300,"bu","11:23:13",811600
95,0.9,100,"sd","11:23:08",809300
95,0.9,2000,"sd","11:22:55",809200
95.1,1,100,"bu","11:22:54",807200
95.1,1,2000,"bu","11:22:52",807100
95,0.9,400,"sd","11:22:51",805100
95,0.9,3200,"bu","11:22:46",804700
95,0.9,500,"bu","11:22:44",801500
95,0.9,300,"bu","11:22:38",801000
95,0.9,300,"bu","11:22:32",800700
95,0.9,600,"bu","11:22:26",800400
95,0.9,3800,"sd","11:22:11",799800
95,0.9,100,"sd","11:22:08",796000
95.1,1,200,"bu","11:21:51",795900
95,0.9,100,"sd","11:21:47",795700
95.1,1,1800,"bu","11:21:45",795600
95.1,1,1000,"bu","11:21:40",793800
95.1,1,100,"bu","11:21:39",792800
95,0.9,5000,"sd","11:21:39",792700
95.1,1,500,"bu","11:21:38",787700
95.1,1,600,"bu","11:21:36",787200
95.1,1,1000,"bu","11:21:35",786600
95.1,1,2300,"sd","11:21:29",785600
95.2,1.1,100,"bu","11:21:25",783300
95.1,1,9700,"bu","11:21:23",783200
95.1,1,500,"bu","11:21:19",773500
95.1,1,1000,"bu","11:21:17",773000
95,0.9,1000,"sd","11:21:16",772000
95.1,1,400,"bu","11:21:12",771000
95,0.9,500,"sd","11:21:08",770600
95.1,1,500,"bu","11:21:07",770100
95.1,1,1100,"bu","11:20:54",769600
95,0.9,400,"sd","11:20:48",768500
95.1,1,200,"bu","11:20:46",768100
95.1,1,700,"bu","11:20:44",767900
95,0.9,200,"sd","11:20:36",767200
95.1,1,500,"bu","11:20:26",767000
95.1,1,500,"bu","11:20:19",766500
95,0.9,100,"bu","11:20:09",766000
95,0.9,2000,"bu","11:20:06",765900
95.1,1,3900,"bu","11:19:53",763900
94.9,0.8,1900,"sd","11:19:53",760000
95,0.9,7100,"sd","11:19:53",758100
95.1,1,1000,"bu","11:19:48",751000
95.1,1,6800,"bu","11:19:46",750000
95.1,1,500,"bu","11:19:44",743200
95,0.9,300,"sd","11:19:39",742700
95.1,1,100,"bu","11:19:38",742400
95,0.9,1000,"sd","11:19:35",742300
95,0.9,500,"sd","11:19:35",741300
95.1,1,100,"bu","11:19:30",740800
95,0.9,1000,"sd","11:19:19",740700
95,0.9,2100,"bu","11:19:18",739700
95,0.9,300,"bu","11:19:15",737600
95,0.9,100,"bu","11:19:11",737300
95,0.9,1900,"bu","11:19:08",737200
95,0.9,2100,"bu","11:19:03",735300
95,0.9,100,"bu","11:18:53",733200
95,0.9,1000,"bu","11:18:51",733100
95,0.9,100,"bu","11:18:49",732100
95,0.9,7100,"bu","11:18:47",732000
95,0.9,100,"bu","11:18:43",724900
95,0.9,900,"bu","11:18:38",724800
94.9,0.8,500,"sd","11:18:33",723900
95,0.9,800,"bu","11:18:31",723400
94.9,0.8,2000,"sd","11:18:26",722600
95,0.9,500,"bu","11:18:23",720600
95,0.9,6000,"bu","11:18:21",720100
94.9,0.8,400,"bu","11:18:15",714100
94.9,0.8,100,"sd","11:18:11",713700
95,0.9,500,"bu","11:18:10",713600
94.9,0.8,500,"bu","11:18:06",713100
94.9,0.8,500,"bu","11:18:05",712600
94.6,0.5,6500,"sd","11:18:04",712100
94.7,0.6,3000,"sd","11:18:04",705600
94.8,0.7,500,"sd","11:18:04",702600
94.9,0.8,4000,"sd","11:18:04",702100
95,0.9,100,"bu","11:17:56",698100
94.9,0.8,100,"sd","11:17:54",698000
95,0.9,500,"bu","11:17:53",697900
95,0.9,500,"bu","11:17:52",697400
95,0.9,1400,"bu","11:17:49",696900
95,0.9,1000,"bu","11:17:48",695500
95,0.9,22800,"sd","11:17:48",694500
95.1,1,2700,"sd","11:17:48",671700
95.2,1.1,1200,"sd","11:17:48",669000
95.3,1.2,1000,"bu","11:17:46",667800
95.3,1.2,500,"bu","11:17:46",666800
95.3,1.2,100,"bu","11:17:45",666300
95.3,1.2,300,"bu","11:17:44",666200
95.3,1.2,100,"bu","11:17:42",665900
95.3,1.2,100,"bu","11:17:40",665800
95.3,1.2,100,"bu","11:17:36",665700
95.3,1.2,900,"bu","11:17:35",665600
95.2,1.1,500,"sd","11:17:34",664700
95.3,1.2,400,"bu","11:17:33",664200
95.3,1.2,1400,"bu","11:17:31",663800
95.3,1.2,600,"bu","11:17:29",662400
95.3,1.2,1000,"bu","11:17:25",661800
95.3,1.2,300,"bu","11:17:24",660800
95.3,1.2,1000,"bu","11:17:22",660500
95.3,1.2,1200,"bu","11:17:18",659500
95.3,1.2,1600,"bu","11:17:17",658300
95.3,1.2,200,"bu","11:17:16",656700
95.3,1.2,1000,"bu","11:17:15",656500
95.3,1.2,1700,"sd","11:17:14",655500
95.4,1.3,300,"bu","11:17:14",653800
95.4,1.3,1400,"bu","11:17:13",653500
95.4,1.3,500,"bu","11:17:09",652100
95.3,1.2,600,"bu","11:17:06",651600
95.3,1.2,100,"bu","11:17:06",651000
95.3,1.2,2100,"bu","11:17:05",650900
95.3,1.2,1000,"bu","11:17:03",648800
95.3,1.2,1000,"bu","11:17:01",647800
95.3,1.2,100,"bu","11:16:58",646800
95.3,1.2,500,"bu","11:16:55",646700
95.3,1.2,300,"bu","11:16:51",646200
95.2,1.1,1200,"sd","11:16:49",645900
95.3,1.2,600,"bu","11:16:48",644700
95.2,1.1,100,"bu","11:16:47",644100
95.2,1.1,5000,"bu","11:16:45",644000
95.2,1.1,3200,"bu","11:16:44",639000
95.2,1.1,300,"bu","11:16:43",635800
95.2,1.1,4600,"bu","11:16:42",635500
95.2,1.1,500,"bu","11:16:42",630900
95.2,1.1,1000,"bu","11:16:41",630400
95.2,1.1,1000,"bu","11:16:39",629400
95.2,1.1,1000,"bu","11:16:38",628400
95.2,1.1,500,"bu","11:16:35",627400
95,0.9,500,"sd","11:16:32",626900
95,0.9,300,"sd","11:16:28",626400
95.2,1.1,200,"bu","11:16:26",626100
95,0.9,56500,"bu","11:16:25",625100
95,0.9,5900,"bu","11:16:24",568600
95,0.9,500,"bu","11:16:22",562700
95,0.9,20000,"bu","11:16:21",562200
95,0.9,3000,"bu","11:16:20",542200
95,0.9,3900,"bu","11:16:19",539200
95,0.9,7400,"bu","11:16:17",535300
94.9,0.8,1000,"bu","11:16:12",527900
95,0.9,1200,"bu","11:16:06",526900
94.9,0.8,800,"bu","11:16:06",525700
94.9,0.8,4200,"bu","11:16:05",524900
94.9,0.8,200,"bu","11:16:05",520700
94.9,0.8,2000,"bu","11:16:02",520500
94.9,0.8,3000,"sd","11:15:59",518500
95,0.9,100,"bu","11:15:58",515500
94.9,0.8,100,"sd","11:15:57",515400
95,0.9,2000,"bu","11:15:56",515300
94.9,0.8,700,"sd","11:15:55",513300
94.9,0.8,100,"sd","11:15:53",512600
94.9,0.8,500,"bu","11:15:45",512500
94.9,0.8,300,"bu","11:15:45",512000
94.9,0.8,1000,"bu","11:15:44",511700
94.9,0.8,5000,"bu","11:15:39",510700
94.9,0.8,100,"bu","11:15:36",505700
94.9,0.8,1000,"bu","11:15:33",505600
94.9,0.8,3000,"bu","11:15:23",504600
94.8,0.7,500,"sd","11:15:13",501600
94.7,0.6,8000,"sd","11:15:09",501100
94.9,0.8,2500,"bu","11:15:07",493100
94.8,0.7,3800,"bu","11:15:07",490600
94.8,0.7,5000,"bu","11:15:05",486800
94.8,0.7,600,"bu","11:15:04",481800
94.8,0.7,4000,"bu","11:14:57",481200
94.7,0.6,200,"sd","11:14:53",477200
94.7,0.6,13200,"bu","11:14:51",477000
94.6,0.5,5000,"sd","11:14:50",463800
94.7,0.6,500,"bu","11:14:49",458800
94.6,0.5,700,"bu","11:14:33",458300
94.6,0.5,500,"bu","11:14:32",457600
94.6,0.5,3000,"bu","11:14:31",457100
94.5,0.4,500,"sd","11:14:30",454100
94.6,0.5,5000,"bu","11:14:28",453600
94.5,0.4,19600,"bu","11:14:18",448600
94.5,0.4,500,"bu","11:14:18",429000
94.5,0.4,5100,"bu","11:14:16",428500
94.5,0.4,1400,"bu","11:14:15",423400
94.5,0.4,30000,"bu","11:14:14",422000
94.5,0.4,1000,"bu","11:14:12",392000
94.5,0.4,500,"bu","11:14:01",391000
94.5,0.4,4700,"bu","11:14:00",390500
94.4,0.3,100,"sd","11:13:57",385800
94.4,0.3,1000,"sd","11:13:42",385700
94.4,0.3,500,"sd","11:13:41",384700
94.4,0.3,500,"sd","11:13:35",384200
94.4,0.3,100,"sd","11:13:33",383700
94.4,0.3,100,"sd","11:13:26",383600
94.4,0.3,500,"sd","11:13:24",383500
94.4,0.3,2000,"sd","11:13:18",383000
94.4,0.3,100,"sd","11:13:17",381000
94.4,0.3,700,"sd","11:13:09",380900
94.4,0.3,500,"sd","11:13:04",380200
94.4,0.3,200,"sd","11:12:52",379700
94.4,0.3,200,"sd","11:12:28",379500
94.4,0.3,400,"sd","11:12:18",379300
94.4,0.3,200,"sd","11:12:09",378900
94.4,0.3,100,"sd","11:12:06",378700
94.4,0.3,2100,"bu","11:12:04",378600
94.4,0.3,600,"bu","11:12:02",376500
94.4,0.3,300,"sd","11:11:56",375900
94.4,0.3,200,"sd","11:11:52",375600
94.4,0.3,500,"bu","11:11:47",375400
94.4,0.3,600,"sd","11:11:38",374900
94.4,0.3,800,"sd","11:11:31",374300
94.4,0.3,2000,"sd","11:11:18",373500
94.4,0.3,100,"sd","11:11:15",371500
94.4,0.3,5000,"sd","11:11:09",371400
94.4,0.3,2500,"sd","11:10:59",366400
94.5,0.4,1800,"bu","11:10:57",363900
94.4,0.3,100,"sd","11:10:51",362100
94.5,0.4,100,"bu","11:10:36",362000
94.4,0.3,1000,"sd","11:10:33",361900
94.5,0.4,700,"bu","11:10:15",360900
94.5,0.4,200,"bu","11:10:08",360200
94.5,0.4,500,"bu","11:09:59",360000
94.5,0.4,4000,"bu","11:09:54",359500
94.4,0.3,100,"sd","11:09:45",355500
94.4,0.3,300,"sd","11:09:37",355400
94.4,0.3,1700,"sd","11:09:15",355100
94.5,0.4,2000,"bu","11:09:10",353400
94.4,0.3,3300,"bu","11:09:05",351400
94.4,0.3,5000,"bu","11:09:05",348100
94.4,0.3,1500,"bu","11:08:53",343100
94.3,0.2,4400,"sd","11:08:44",341600
94.3,0.2,7800,"bu","11:08:38",337200
94.2,0.1,4000,"sd","11:08:28",329400
94.3,0.2,3000,"bu","11:08:27",325400
94.2,0.1,200,"sd","11:08:19",322400
94.2,0.1,13600,"bu","11:07:37",322200
94.1,0,1000,"sd","11:07:27",308600
94.2,0.1,1000,"bu","11:07:19",307600
94.1,0,500,"sd","11:07:01",306600
94.1,0,100,"sd","11:06:59",306100
94.1,0,1000,"sd","11:06:57",306000
94.1,0,100,"sd","11:05:23",305000
94.1,0,1000,"sd","11:04:21",304900
94.1,0,100,"sd","11:03:52",303900
94.2,0.1,300,"bu","11:03:23",303800
94.2,0.1,500,"bu","11:03:20",303500
94.2,0.1,300,"bu","11:03:18",303000
94.2,0.1,500,"bu","11:03:11",302700
94.2,0.1,1500,"bu","11:03:11",302200
94.2,0.1,4200,"bu","11:02:57",300700
94.2,0.1,500,"bu","11:02:53",296500
94.2,0.1,2000,"bu","11:02:47",296000
94.2,0.1,200,"bu","11:02:26",294000
94.2,0.1,2100,"bu","11:01:49",293800
94.2,0.1,3100,"bu","11:01:36",291700
94.1,0,1400,"sd","11:01:26",288600
94.1,0,100,"sd","11:00:49",287200
94.2,0.1,3200,"bu","11:00:34",287100
94.2,0.1,2400,"bu","11:00:33",283900
94.1,0,6200,"bu","11:00:28",281500
94.1,0,800,"bu","11:00:27",275300
94.1,0,10700,"bu","11:00:14",274500
94,-0.1,200,"sd","10:59:31",263800
94,-0.1,100,"sd","10:59:13",263600
94,-0.1,4400,"bu","10:59:00",263500
94,-0.1,600,"sd","10:58:57",259100
94,-0.1,600,"bu","10:58:34",258500
94,-0.1,200,"bu","10:58:18",257900
94,-0.1,1000,"sd","10:58:01",257700
94,-0.1,700,"sd","10:58:00",256700
94.1,0,200,"bu","10:56:48",256000
94,-0.1,100,"sd","10:56:28",255800
94,-0.1,300,"bu","10:56:04",255700
94,-0.1,200,"bu","10:55:44",255400
94,-0.1,100,"bu","10:55:43",255200
94,-0.1,100,"bu","10:55:31",255100
94,-0.1,8000,"bu","10:55:27",255000
94,-0.1,200,"bu","10:55:15",247000
94,-0.1,100,"bu","10:54:59",246800
94,-0.1,3000,"bu","10:54:43",246700
94,-0.1,300,"bu","10:54:25",243700
94,-0.1,200,"bu","10:53:53",243400
94,-0.1,200,"bu","10:52:56",243200
94,-0.1,100,"sd","10:52:35",243000
94,-0.1,1900,"bu","10:52:12",242900
94,-0.1,200,"bu","10:52:06",241000
93.9,-0.2,200,"sd","10:51:49",240800
94,-0.1,10000,"bu","10:51:35",240600
94,-0.1,1000,"bu","10:49:42",230600
93.9,-0.2,1600,"sd","10:48:40",229600
93.9,-0.2,1500,"sd","10:48:23",228000
94,-0.1,200,"bu","10:48:02",226500
94,-0.1,100,"bu","10:46:56",226300
93.9,-0.2,500,"sd","10:46:52",226200
94,-0.1,100,"bu","10:46:47",225700
94,-0.1,100,"bu","10:46:34",225600
94,-0.1,100,"bu","10:46:20",225500
94,-0.1,500,"bu","10:46:18",225400
94,-0.1,100,"bu","10:45:53",224900
94,-0.1,1900,"bu","10:45:50",224800
94,-0.1,1000,"bu","10:45:42",222900
94,-0.1,400,"bu","10:45:38",221900
94,-0.1,500,"bu","10:44:56",221500
93.9,-0.2,1000,"sd","10:44:49",221000
94,-0.1,800,"bu","10:42:56",220000
94,-0.1,200,"bu","10:41:33",219200
94,-0.1,1800,"bu","10:41:33",219000
94,-0.1,3000,"bu","10:41:18",217200
94,-0.1,200,"bu","10:41:10",214200
94,-0.1,100,"bu","10:40:35",214000
94,-0.1,100,"bu","10:40:34",213900
94,-0.1,100,"bu","10:40:04",213800
94,-0.1,100,"bu","10:39:36",213700
93.9,-0.2,200,"sd","10:39:13",213600
93.9,-0.2,1000,"sd","10:39:07",213400
93.9,-0.2,100,"sd","10:38:39",212400
93.9,-0.2,200,"sd","10:38:13",212300
93.9,-0.2,100,"sd","10:37:32",212100
94,-0.1,100,"bu","10:37:21",212000
93.9,-0.2,200,"sd","10:36:08",211900
93.9,-0.2,500,"sd","10:35:31",211700
93.9,-0.2,100,"sd","10:32:27",211200
93.9,-0.2,200,"sd","10:30:22",211100
93.9,-0.2,200,"sd","10:30:00",210900
94,-0.1,600,"bu","10:29:38",210700
93.9,-0.2,1500,"sd","10:29:35",210100
93.9,-0.2,600,"sd","10:29:18",208600
93.9,-0.2,2000,"sd","10:28:38",208000
93.9,-0.2,1500,"sd","10:28:36",206000
93.9,-0.2,200,"bu","10:26:48",204500
93.9,-0.2,1400,"bu","10:26:46",204300
93.9,-0.2,100,"bu","10:26:30",202900
93.9,-0.2,2000,"bu","10:26:15",202800
93.9,-0.2,100,"bu","10:26:12",200800
93.9,-0.2,100,"bu","10:26:09",200700
93.9,-0.2,300,"bu","10:25:49",200600
93.9,-0.2,600,"bu","10:25:38",200300
93.9,-0.2,6500,"bu","10:25:04",199700
93.9,-0.2,5900,"bu","10:24:33",193200
93.9,-0.2,1200,"bu","10:23:15",187300
93.9,-0.2,5000,"bu","10:22:48",186100
93.9,-0.2,100,"bu","10:22:39",181100
93.8,-0.3,1000,"sd","10:21:53",181000
93.8,-0.3,200,"sd","10:21:23",180000
93.8,-0.3,2800,"sd","10:19:28",179800
93.9,-0.2,100,"bu","10:18:16",177000
93.9,-0.2,200,"bu","10:18:04",176900
93.9,-0.2,1000,"bu","10:16:47",176700
93.9,-0.2,200,"bu","10:16:23",175700
93.8,-0.3,8000,"sd","10:15:54",175500
93.8,-0.3,200,"sd","10:15:33",167500
93.9,-0.2,700,"bu","10:15:30",167300
93.9,-0.2,200,"bu","10:15:22",166600
93.9,-0.2,200,"bu","10:14:34",166400
93.9,-0.2,400,"bu","10:13:51",166200
93.9,-0.2,100,"bu","10:13:16",165800
93.9,-0.2,1000,"bu","10:13:09",165700
93.9,-0.2,100,"bu","10:13:08",164700
93.9,-0.2,700,"bu","10:12:28",164600
93.9,-0.2,100,"bu","10:12:26",163900
93.8,-0.3,100,"sd","10:12:16",163800
93.9,-0.2,500,"bu","10:10:48",163700
93.9,-0.2,100,"bu","10:09:15",163200
93.9,-0.2,100,"bu","10:08:58",163100
93.9,-0.2,100,"bu","10:08:29",163000
93.9,-0.2,100,"bu","10:08:27",162900
93.9,-0.2,100,"bu","10:08:01",162800
93.9,-0.2,200,"bu","10:07:58",162700
93.9,-0.2,200,"bu","10:07:32",162500
93.9,-0.2,100,"bu","10:07:31",162300
93.9,-0.2,100,"bu","10:06:44",162200
93.9,-0.2,6100,"sd","10:06:15",162100
94,-0.1,100,"bu","10:06:03",156000
94,-0.1,600,"bu","10:05:49",155900
94,-0.1,9000,"bu","10:05:23",155300
94,-0.1,100,"bu","10:05:21",146300
93.9,-0.2,200,"sd","10:05:19",146200
94,-0.1,100,"bu","10:04:35",146000
94,-0.1,300,"bu","10:04:22",145900
93.9,-0.2,1200,"sd","10:03:01",145600
93.9,-0.2,200,"sd","10:02:58",144400
93.9,-0.2,200,"sd","10:02:28",144200
93.9,-0.2,1400,"bu","10:01:18",144000
93.9,-0.2,100,"bu","10:01:05",142600
93.9,-0.2,100,"bu","10:00:41",142500
93.9,-0.2,5000,"bu","10:00:25",142400
93.9,-0.2,500,"bu","09:59:27",137400
93.9,-0.2,100,"bu","09:59:22",136900
93.9,-0.2,500,"bu","09:59:19",136800
93.9,-0.2,2600,"sd","09:58:55",136300
93.9,-0.2,400,"sd","09:58:45",133700
94,-0.1,300,"bu","09:58:44",133300
93.9,-0.2,500,"sd","09:58:33",133000
93.9,-0.2,100,"bu","09:57:44",132500
93.9,-0.2,200,"bu","09:57:44",132400
93.8,-0.3,2600,"bu","09:56:45",132200
93.8,-0.3,5500,"bu","09:56:35",129600
93.8,-0.3,400,"bu","09:56:29",124100
93.8,-0.3,600,"bu","09:56:27",123700
93.8,-0.3,100,"bu","09:55:41",123100
93.8,-0.3,3000,"bu","09:55:11",123000
93.8,-0.3,300,"bu","09:55:06",120000
93.8,-0.3,500,"bu","09:54:24",119700
93.8,-0.3,200,"bu","09:54:16",119200
93.8,-0.3,500,"bu","09:54:08",119000
93.8,-0.3,300,"bu","09:53:44",118500
93.8,-0.3,600,"bu","09:53:42",118200
93.8,-0.3,100,"bu","09:53:18",117600
93.8,-0.3,100,"bu","09:52:52",117500
93.7,-0.4,1000,"sd","09:52:34",117400
93.7,-0.4,2000,"sd","09:51:36",116400
93.7,-0.4,400,"sd","09:50:44",114400
93.7,-0.4,300,"sd","09:50:33",114000
93.8,-0.3,1000,"bu","09:50:30",113700
93.8,-0.3,200,"bu","09:50:21",112700
93.8,-0.3,200,"bu","09:49:37",112500
93.8,-0.3,300,"bu","09:49:12",112300
93.7,-0.4,500,"sd","09:48:44",112000
93.8,-0.3,100,"bu","09:48:25",111500
93.8,-0.3,2300,"sd","09:48:14",111400
93.9,-0.2,2000,"bu","09:48:14",109100
93.9,-0.2,300,"bu","09:46:46",107100
93.9,-0.2,100,"bu","09:46:27",106800
93.9,-0.2,200,"bu","09:46:26",106700
93.9,-0.2,1000,"bu","09:46:12",106500
93.9,-0.2,500,"bu","09:45:29",105500
93.9,-0.2,1000,"bu","09:45:25",105000
93.8,-0.3,3000,"sd","09:45:20",104000
93.9,-0.2,1000,"bu","09:45:12",101000
93.8,-0.3,200,"sd","09:44:54",100000
93.8,-0.3,1200,"bu","09:44:44",99800
93.7,-0.4,100,"sd","09:44:39",98600
93.7,-0.4,1100,"bu","09:44:19",98500
93.7,-0.4,1000,"bu","09:44:18",97400
93.7,-0.4,2000,"bu","09:44:16",96400
93.7,-0.4,100,"bu","09:44:11",94400
93.7,-0.4,1000,"bu","09:44:03",94300
93.6,-0.5,100,"bu","09:43:53",93300
93.6,-0.5,100,"bu","09:43:50",93200
93.6,-0.5,100,"bu","09:43:48",93100
93.6,-0.5,200,"bu","09:43:47",93000
93.6,-0.5,11600,"bu","09:43:37",92800
93.5,-0.6,500,"sd","09:43:09",81200
93.6,-0.5,1900,"bu","09:43:06",80700
93.5,-0.6,1700,"sd","09:42:58",78800
93.5,-0.6,400,"sd","09:42:45",77100
93.5,-0.6,1100,"sd","09:42:41",76700
93.5,-0.6,2000,"sd","09:42:18",75600
93.6,-0.5,300,"bu","09:42:14",73600
93.6,-0.5,200,"bu","09:42:09",73300
93.6,-0.5,500,"bu","09:42:04",73100
93.6,-0.5,1700,"bu","09:41:53",72600
93.6,-0.5,100,"bu","09:41:47",70900
93.6,-0.5,6900,"sd","09:41:33",70800
93.6,-0.5,100,"sd","09:41:31",63900
93.6,-0.5,200,"sd","09:41:30",63800
93.7,-0.4,100,"bu","09:41:26",63600
93.7,-0.4,200,"bu","09:41:01",63500
93.7,-0.4,100,"bu","09:40:50",63300
93.7,-0.4,300,"sd","09:40:46",63200
93.7,-0.4,2500,"sd","09:40:37",62900
93.7,-0.4,2000,"sd","09:40:34",60400
93.7,-0.4,100,"sd","09:40:24",58400
93.8,-0.3,300,"bu","09:40:23",58300
93.8,-0.3,100,"bu","09:40:20",58000
93.8,-0.3,100,"bu","09:39:48",57900
93.8,-0.3,300,"bu","09:39:47",57800
93.8,-0.3,4900,"sd","09:39:26",57500
93.8,-0.3,600,"sd","09:38:51",52600
93.8,-0.3,100,"sd","09:38:47",52000
93.8,-0.3,100,"sd","09:38:09",51900
93.8,-0.3,100,"sd","09:37:27",51800
93.9,-0.2,100,"bu","09:37:14",51700
93.9,-0.2,4200,"sd","09:36:36",51600
93.9,-0.2,100,"sd","09:36:05",47400
93.9,-0.2,100,"sd","09:35:16",47300
94,-0.1,500,"bu","09:34:52",47200
94,-0.1,100,"bu","09:32:24",46700
94,-0.1,200,"bu","09:31:57",46600
94,-0.1,100,"sd","09:31:10",46400
94,-0.1,500,"bu","09:30:59",46300
94,-0.1,700,"bu","09:30:56",45800
94,-0.1,1100,"bu","09:30:37",45100
94,-0.1,500,"bu","09:30:18",44000
94,-0.1,200,"bu","09:30:09",43500
94,-0.1,500,"bu","09:29:38",43300
94,-0.1,1300,"sd","09:29:13",42800
94,-0.1,100,"sd","09:29:10",41500
94,-0.1,500,"sd","09:28:58",41400
94,-0.1,6800,"sd","09:28:30",40900
94,-0.1,300,"sd","09:27:25",34100
94.1,0,1000,"bu","09:27:24",33800
94.1,0,200,"bu","09:26:51",32800
94.1,0,200,"bu","09:26:44",32600
94.1,0,200,"bu","09:26:36",32400
94.1,0,300,"sd","09:25:24",32200
94.1,0,900,"sd","09:25:02",31900
94.1,0,11500,"sd","09:25:01",31000
94.2,0.1,200,"bu","09:24:39",19500
94.2,0.1,100,"bu","09:24:02",19300
94.2,0.1,200,"bu","09:23:44",19200
94.2,0.1,200,"bu","09:23:21",19000
94.2,0.1,200,"bu","09:23:13",18800
94.2,0.1,2000,"bu","09:23:01",18600
94.2,0.1,200,"bu","09:23:00",16600
94.2,0.1,100,"bu","09:22:56",16400
94.2,0.1,5000,"bu","09:22:38",16300
94.1,0,1000,"sd","09:21:47",11300
94.1,0,200,"sd","09:21:31",10300
94.1,0,1300,"bu","09:21:09",10100
94.1,0,100,"bu","09:20:48",8800
94.1,0,100,"bu","09:20:07",8700
94.2,0.1,200,"bu","09:19:32",8600
94.2,0.1,300,"bu","09:18:38",8400
94.2,0.1,100,"bu","09:17:57",8100
94.1,0,200,"bu","09:17:57",8000
94.1,0,200,"bu","09:17:48",7800
94.1,0,600,"sd","09:17:42",7600
94.2,0.1,2500,"bu","09:17:23",7000
94.2,0.1,1100,"bu","09:17:04",4500
94.2,0.1,100,"bu","09:16:31",3400
94.2,0.1,500,"bu","09:16:09",3300
94.1,0,700,"sd","09:15:56",2800
94.1,0,2100,"","09:15:00",2100
