"price","change","match_qtty","side","time","total_vol"
5.48,0.03,109800,"","14:45:00",918000
5.48,0.03,15000,"sd","14:29:55",808200
5.48,0.03,5000,"sd","14:29:13",793200
5.49,0.04,2200,"bu","14:29:05",788200
5.49,0.04,1000,"bu","14:28:49",786000
5.48,0.03,2000,"sd","14:28:12",785000
5.49,0.04,300,"sd","14:27:48",783000
5.49,0.04,3700,"bu","14:27:36",782700
5.48,0.03,5000,"sd","14:26:35",779000
5.48,0.03,2000,"sd","14:25:25",774000
5.49,0.04,1300,"sd","14:24:55",772000
5.49,0.04,1000,"sd","14:24:07",770700
5.5,0.05,2000,"bu","14:22:17",769700
5.49,0.04,3000,"sd","14:21:27",767700
5.49,0.04,4000,"sd","14:20:46",764700
5.49,0.04,20400,"sd","14:20:42",760700
5.5,0.05,500,"bu","14:20:07",740300
5.5,0.05,1000,"bu","14:19:46",739800
5.5,0.05,9000,"bu","14:19:05",738800
5.49,0.04,800,"bu","14:17:33",729800
5.49,0.04,3000,"bu","14:17:02",729000
5.49,0.04,31200,"sd","14:16:18",726000
5.5,0.05,800,"sd","14:16:09",694800
5.5,0.05,41000,"sd","14:15:47",694000
5.51,0.06,1000,"sd","14:15:41",653000
5.52,0.07,800,"sd","14:15:29",652000
5.52,0.07,3000,"sd","14:15:26",651200
5.52,0.07,2000,"sd","14:15:23",648200
5.52,0.07,5800,"sd","14:15:20",646200
5.52,0.07,10000,"sd","14:14:56",640400
5.53,0.08,10000,"bu","14:14:33",630400
5.53,0.08,3800,"sd","14:14:08",620400
5.53,0.08,100,"bu","14:14:01",616600
5.53,0.08,100,"sd","14:13:55",616500
5.53,0.08,100,"sd","14:13:48",616400
5.53,0.08,100,"sd","14:13:33",616300
5.53,0.08,5500,"sd","14:13:27",616200
5.53,0.08,200,"sd","14:13:25",610700
5.53,0.08,6100,"bu","14:13:16",610500
5.53,0.08,10000,"bu","14:12:59",604400
5.52,0.07,400,"sd","14:12:10",594400
5.52,0.07,1000,"sd","14:11:27",594000
5.52,0.07,1000,"sd","14:11:04",593000
5.52,0.07,200,"sd","14:10:58",592000
5.52,0.07,300,"sd","14:09:41",591800
5.52,0.07,3200,"bu","14:09:40",591500
5.52,0.07,300,"bu","14:09:32",588300
5.52,0.07,3000,"bu","14:09:31",588000
5.52,0.07,700,"sd","14:09:18",585000
5.52,0.07,200,"sd","14:09:11",584300
5.52,0.07,2100,"bu","14:09:07",584100
5.52,0.07,2000,"bu","14:08:59",582000
5.52,0.07,900,"sd","14:08:53",580000
5.52,0.07,3400,"bu","14:08:42",579100
5.51,0.06,200,"sd","14:08:39",575700
5.52,0.07,5000,"bu","14:08:36",575500
5.52,0.07,1300,"bu","14:08:29",570500
5.52,0.07,400,"bu","14:08:19",569200
5.52,0.07,700,"sd","14:08:12",568800
5.52,0.07,4300,"bu","14:08:02",568100
5.52,0.07,4000,"bu","14:08:01",563800
5.51,0.06,300,"sd","14:07:48",559800
5.52,0.07,900,"bu","14:07:48",559500
5.51,0.06,5000,"sd","14:07:43",558600
5.52,0.07,10000,"bu","14:07:42",553600
5.51,0.06,1000,"sd","14:07:15",543600
5.51,0.06,300,"sd","14:07:05",542600
5.51,0.06,6400,"bu","14:07:01",542300
5.5,0.05,800,"sd","14:06:58",535900
5.51,0.06,5000,"bu","14:06:56",535100
5.5,0.05,21300,"bu","14:06:46",530100
5.5,0.05,29100,"bu","14:06:45",508800
5.5,0.05,9000,"bu","14:06:40",479700
5.5,0.05,1000,"bu","14:06:11",470700
5.5,0.05,5000,"bu","14:05:58",469700
5.5,0.05,8200,"bu","14:05:49",464700
5.49,0.04,1400,"sd","14:01:38",456500
5.49,0.04,400,"sd","14:00:47",455100
5.49,0.04,100,"sd","14:00:19",454700
5.49,0.04,3700,"bu","13:59:10",454600
5.49,0.04,5000,"bu","13:59:07",450900
5.49,0.04,4900,"bu","13:58:16",445900
5.49,0.04,600,"bu","13:57:37",441000
5.49,0.04,2500,"bu","13:55:23",440400
5.49,0.04,1000,"sd","13:53:49",437900
5.49,0.04,1000,"sd","13:53:45",436900
5.49,0.04,1000,"sd","13:53:42",435900
5.49,0.04,200,"sd","13:52:49",434900
5.49,0.04,500,"sd","13:51:35",434700
5.49,0.04,10000,"sd","13:50:15",434200
5.49,0.04,1000,"sd","13:49:00",424200
5.49,0.04,100,"sd","13:48:38",423200
5.5,0.05,100,"bu","13:48:30",423100
5.5,0.05,200,"bu","13:47:39",423000
5.5,0.05,200,"bu","13:47:36",422800
5.5,0.05,2000,"bu","13:47:10",422600
5.5,0.05,1000,"bu","13:46:45",420600
5.5,0.05,3000,"bu","13:46:18",419600
5.49,0.04,100,"sd","13:46:17",416600
5.5,0.05,1000,"bu","13:46:11",416500
5.5,0.05,100,"bu","13:45:37",415500
5.5,0.05,800,"bu","13:45:36",415400
5.5,0.05,2000,"bu","13:45:22",414600
5.49,0.04,1000,"sd","13:45:18",412600
5.49,0.04,1000,"sd","13:43:01",411600
5.49,0.04,300,"sd","13:41:47",410600
5.49,0.04,200,"sd","13:40:55",410300
5.5,0.05,500,"bu","13:40:36",410100
5.5,0.05,1000,"bu","13:40:32",409600
5.5,0.05,12000,"bu","13:37:59",408600
5.49,0.04,200,"sd","13:37:47",396600
5.5,0.05,10000,"bu","13:36:47",396400
5.5,0.05,2000,"bu","13:36:39",386400
5.49,0.04,100,"sd","13:36:19",384400
5.49,0.04,200,"sd","13:36:16",384300
5.49,0.04,2500,"bu","13:35:51",384100
5.49,0.04,800,"bu","13:34:34",381600
5.49,0.04,500,"bu","13:32:40",380800
5.49,0.04,100,"bu","13:32:34",380300
5.49,0.04,400,"bu","13:32:22",380200
5.48,0.03,600,"sd","13:31:47",379800
5.48,0.03,200,"sd","13:31:36",379200
5.49,0.04,500,"bu","13:31:30",379000
5.49,0.04,700,"sd","13:31:07",378500
5.49,0.04,1000,"sd","13:31:05",377800
5.5,0.05,5000,"bu","13:30:50",376800
5.49,0.04,300,"sd","13:30:48",371800
5.5,0.05,1000,"bu","13:30:42",371500
5.5,0.05,1300,"bu","13:29:58",370500
5.49,0.04,200,"sd","13:29:56",369200
5.5,0.05,500,"bu","13:28:41",369000
5.5,0.05,2200,"bu","13:27:49",368500
5.5,0.05,1900,"bu","13:27:21",366300
5.49,0.04,200,"sd","13:26:49",364400
5.49,0.04,100,"sd","13:26:14",364200
5.49,0.04,100,"sd","13:25:49",364100
5.49,0.04,3000,"bu","13:25:39",364000
5.49,0.04,1000,"bu","13:25:37",361000
5.49,0.04,6800,"bu","13:25:29",360000
5.49,0.04,2000,"bu","13:25:24",353200
5.49,0.04,5000,"bu","13:25:18",351200
5.49,0.04,2900,"sd","13:24:57",346200
5.49,0.04,100,"sd","13:24:57",343300
5.49,0.04,300,"sd","13:24:15",343200
5.49,0.04,1800,"bu","13:24:12",342900
5.48,0.03,900,"sd","13:23:33",341100
5.49,0.04,3000,"sd","13:23:29",340100
5.48,0.03,500,"sd","13:21:57",337100
5.49,0.04,400,"bu","13:21:30",336600
5.49,0.04,4600,"sd","13:20:26",336200
5.49,0.04,400,"bu","13:20:25",331600
5.49,0.04,1500,"bu","13:20:04",331200
5.49,0.04,100,"bu","13:19:53",329700
5.49,0.04,100,"bu","13:19:30",329600
5.49,0.04,200,"bu","13:18:34",329500
5.49,0.04,300,"bu","13:18:29",329300
5.47,0.02,2000,"sd","13:17:23",329000
5.48,0.03,2000,"sd","13:17:23",327000
5.48,0.03,4000,"bu","13:17:02",325000
5.48,0.03,3000,"sd","13:16:47",321000
5.47,0.02,2600,"sd","13:16:18",318000
5.48,0.03,2400,"sd","13:16:18",315400
5.48,0.03,200,"sd","13:15:43",313000
5.48,0.03,300,"sd","13:15:00",312800
5.49,0.04,5000,"bu","13:14:38",312500
5.49,0.04,5000,"bu","13:14:16",307500
5.49,0.04,15000,"bu","13:13:53",302500
5.48,0.03,8000,"sd","13:13:02",287500
5.48,0.03,8000,"sd","13:10:46",279500
5.48,0.03,19200,"sd","13:10:07",271500
5.48,0.03,100,"sd","13:10:04",252300
5.49,0.04,900,"bu","13:09:34",252200
5.49,0.04,1000,"bu","13:09:30",251300
5.49,0.04,1000,"bu","13:09:05",250300
5.48,0.03,100,"sd","13:07:55",249300
5.48,0.03,4900,"bu","13:03:15",249200
5.48,0.03,100,"bu","13:02:01",244300
5.48,0.03,6000,"sd","13:00:59",244200
5.48,0.03,700,"sd","13:00:22",238200
5.48,0.03,100,"sd","13:00:10",237500
5.48,0.03,3100,"bu","13:00:00",237400
5.48,0.03,100,"bu","13:00:00",234300
5.48,0.03,100,"bu","11:29:25",234200
5.47,0.02,5900,"sd","11:29:24",234100
5.48,0.03,300,"bu","11:28:43",228200
5.48,0.03,36000,"bu","11:27:45",227900
5.48,0.03,300,"bu","11:26:36",191900
5.48,0.03,300,"bu","11:24:52",191600
5.48,0.03,300,"bu","11:24:19",191300
5.48,0.03,200,"bu","11:23:48",191000
5.48,0.03,100,"bu","11:20:47",190800
5.47,0.02,1200,"sd","11:20:42",190700
5.47,0.02,200,"sd","11:18:12",189500
5.47,0.02,200,"sd","11:18:12",189300
5.47,0.02,1000,"sd","11:15:27",189100
5.47,0.02,2800,"bu","11:10:11",188100
5.47,0.02,1000,"bu","11:10:11",185300
5.47,0.02,100,"bu","11:07:31",184300
5.46,0.01,100,"sd","11:06:12",184200
5.46,0.01,100,"sd","11:05:54",184100
5.46,0.01,1000,"sd","11:03:48",184000
5.46,0.01,300,"sd","11:01:58",183000
5.46,0.01,400,"bu","10:58:16",182700
5.46,0.01,600,"sd","10:57:59",182300
5.46,0.01,5000,"sd","10:57:34",181700
5.46,0.01,4000,"sd","10:55:49",176700
5.46,0.01,1000,"sd","10:55:26",172700
5.46,0.01,500,"sd","10:55:26",171700
5.47,0.02,900,"bu","10:54:45",171200
5.47,0.02,100,"bu","10:52:57",170300
5.47,0.02,100,"bu","10:52:32",170200
5.47,0.02,100,"sd","10:48:46",170100
5.47,0.02,200,"sd","10:48:45",170000
5.47,0.02,1400,"sd","10:46:03",169800
5.47,0.02,500,"sd","10:45:49",168400
5.47,0.02,1900,"sd","10:43:39",167900
5.47,0.02,3000,"sd","10:43:18",166000
5.48,0.03,100,"bu","10:40:48",163000
5.48,0.03,100,"bu","10:40:28",162900
5.47,0.02,4300,"bu","10:35:45",162800
5.47,0.02,200,"bu","10:35:15",158500
5.47,0.02,1000,"bu","10:34:49",158300
5.46,0.01,100,"sd","10:34:05",157300
5.46,0.01,400,"sd","10:33:38",157200
5.47,0.02,500,"sd","10:28:28",156800
5.47,0.02,100,"sd","10:26:01",156300
5.48,0.03,800,"bu","10:23:45",156200
5.47,0.02,100,"sd","10:23:32",155400
5.47,0.02,14800,"bu","10:23:06",155300
5.47,0.02,500,"bu","10:20:37",140500
5.45,0,3000,"sd","10:18:16",140000
5.45,0,1200,"sd","10:17:28",137000
5.46,0.01,700,"sd","10:17:04",135800
5.46,0.01,500,"sd","10:15:57",135100
5.46,0.01,500,"bu","10:09:54",134600
5.46,0.01,100,"sd","10:09:32",134100
5.46,0.01,4000,"sd","10:08:47",134000
5.46,0.01,900,"bu","10:08:26",130000
5.46,0.01,100,"bu","10:08:00",129100
5.46,0.01,4000,"sd","10:07:13",129000
5.46,0.01,5000,"sd","10:04:28",125000
5.46,0.01,400,"sd","10:02:17",120000
5.46,0.01,1000,"sd","10:00:21",119600
5.46,0.01,6500,"bu","09:58:27",118600
5.46,0.01,3500,"sd","09:58:11",112100
5.46,0.01,5000,"sd","09:55:47",108600
5.46,0.01,900,"bu","09:51:03",103600
5.46,0.01,100,"bu","09:51:00",102700
5.46,0.01,5000,"bu","09:50:51",102600
5.45,0,2000,"sd","09:49:46",97600
5.45,0,500,"sd","09:49:35",95600
5.45,0,1200,"bu","09:45:49",95100
5.45,0,1000,"bu","09:45:45",93900
5.45,0,100,"bu","09:43:52",92900
5.45,0,10500,"sd","09:43:37",92800
5.45,0,5000,"sd","09:43:28",82300
5.45,0,500,"sd","09:42:58",77300
5.46,0.01,11200,"sd","09:42:43",76800
5.47,0.02,100,"bu","09:38:39",65600
5.47,0.02,2200,"sd","09:38:19",65500
5.48,0.03,1000,"bu","09:35:36",63300
5.48,0.03,100,"bu","09:34:45",62300
5.48,0.03,400,"sd","09:34:31",62200
5.48,0.03,1000,"bu","09:34:11",61800
5.47,0.02,19000,"sd","09:33:21",60800
5.48,0.03,3000,"sd","09:32:42",41800
5.49,0.04,1100,"sd","09:31:25",38800
5.49,0.04,2000,"bu","09:28:25",37700
5.5,0.05,500,"bu","09:26:45",35700
5.5,0.05,100,"bu","09:26:23",35200
5.5,0.05,500,"bu","09:25:42",35100
5.5,0.05,1000,"bu","09:23:12",34600
5.5,0.05,6000,"bu","09:22:14",33600
5.5,0.05,300,"bu","09:16:24",27600
5.5,0.05,27300,"","09:15:00",27300
