"price","change","match_qtty","side","time","total_vol"
76,-0.3,44300,"","14:45:01",767200
76,-0.3,1000,"sd","14:29:57",722900
76,-0.3,100,"sd","14:29:14",721900
76,-0.3,200,"sd","14:29:04",721800
76,-0.3,5100,"sd","14:28:56",721600
76,-0.3,3000,"sd","14:28:54",716500
76,-0.3,6000,"sd","14:28:50",713500
76,-0.3,7800,"sd","14:28:46",707500
76,-0.3,600,"sd","14:28:45",699700
76,-0.3,5000,"sd","14:28:42",699100
76,-0.3,1500,"sd","14:28:33",694100
76,-0.3,1500,"sd","14:28:30",692600
76,-0.3,200,"sd","14:28:27",691100
76,-0.3,5000,"sd","14:28:24",690900
76,-0.3,11700,"sd","14:28:19",685900
76,-0.3,500,"sd","14:28:14",674200
76,-0.3,400,"sd","14:28:09",673700
76,-0.3,200,"sd","14:27:45",673300
76,-0.3,500,"sd","14:27:44",673100
76,-0.3,900,"sd","14:27:40",672600
76.1,-0.2,600,"bu","14:27:17",671700
76,-0.3,500,"sd","14:27:14",671100
76,-0.3,500,"sd","14:27:12",670600
76,-0.3,100,"sd","14:27:03",670100
76,-0.3,1000,"sd","14:26:59",670000
76,-0.3,200,"sd","14:26:47",669000
76,-0.3,500,"sd","14:26:44",668800
76,-0.3,100,"sd","14:26:36",668300
76.1,-0.2,200,"bu","14:26:36",668200
76.1,-0.2,200,"bu","14:26:25",668000
76,-0.3,200,"sd","14:26:25",667800
76,-0.3,200,"sd","14:26:21",667600
76,-0.3,100,"sd","14:26:15",667400
76,-0.3,500,"sd","14:26:14",667300
76,-0.3,6000,"sd","14:26:08",666800
76,-0.3,200,"sd","14:26:04",660800
76.1,-0.2,1300,"bu","14:26:00",660600
76,-0.3,100,"sd","14:25:54",659300
76,-0.3,500,"sd","14:25:44",659200
76,-0.3,200,"sd","14:25:43",658700
76,-0.3,200,"sd","14:25:40",658500
76,-0.3,100,"sd","14:25:33",658300
76,-0.3,200,"sd","14:25:22",658200
76,-0.3,500,"sd","14:25:14",658000
76,-0.3,100,"sd","14:25:11",657500
76,-0.3,500,"sd","14:25:05",657400
76,-0.3,100,"sd","14:25:00",656900
76,-0.3,200,"sd","14:24:56",656800
76,-0.3,200,"sd","14:24:49",656600
76.1,-0.2,400,"bu","14:24:45",656400
76,-0.3,500,"sd","14:24:44",656000
76,-0.3,200,"sd","14:24:39",655500
76,-0.3,200,"sd","14:24:28",655300
76.1,-0.2,200,"bu","14:24:27",655100
76.1,-0.2,400,"sd","14:24:21",654900
76.1,-0.2,100,"sd","14:24:17",654500
76.2,-0.1,300,"bu","14:24:15",654400
76,-0.3,700,"sd","14:24:14",654100
76.2,-0.1,300,"bu","14:24:10",653400
76,-0.3,100,"sd","14:24:07",653100
76,-0.3,100,"sd","14:23:57",653000
76.2,-0.1,300,"bu","14:23:52",652900
76.2,-0.1,200,"bu","14:23:46",652600
76,-0.3,200,"sd","14:23:46",652400
76.2,-0.1,1300,"bu","14:23:44",652200
76,-0.3,500,"sd","14:23:43",650900
76,-0.3,200,"sd","14:23:35",650400
76.2,-0.1,300,"bu","14:23:33",650200
76.2,-0.1,200,"bu","14:23:28",649900
76.1,-0.2,100,"bu","14:23:28",649700
76.1,-0.2,400,"sd","14:23:25",649600
76.1,-0.2,100,"sd","14:23:24",649200
76,-0.3,200,"sd","14:23:22",649100
76.2,-0.1,500,"bu","14:23:15",648900
76,-0.3,200,"sd","14:23:14",648400
76,-0.3,500,"sd","14:23:12",648200
76.2,-0.1,200,"bu","14:23:07",647700
76,-0.3,100,"sd","14:23:03",647500
76.2,-0.1,400,"bu","14:22:57",647400
76.2,-0.1,100,"bu","14:22:54",647000
76.1,-0.2,100,"bu","14:22:54",646900
76,-0.3,200,"sd","14:22:53",646800
76.1,-0.2,200,"bu","14:22:50",646600
76,-0.3,500,"sd","14:22:43",646400
76.1,-0.2,200,"bu","14:22:42",645900
76.1,-0.2,400,"bu","14:22:42",645700
76,-0.3,200,"sd","14:22:42",645300
76,-0.3,200,"sd","14:22:41",645100
76,-0.3,200,"sd","14:22:31",644900
76.1,-0.2,400,"bu","14:22:28",644700
76.1,-0.2,500,"bu","14:22:26",644300
76,-0.3,100,"sd","14:22:21",643800
76,-0.3,500,"sd","14:22:11",643700
76,-0.3,200,"sd","14:22:10",643200
76.1,-0.2,300,"bu","14:22:02",643000
76,-0.3,300,"sd","14:22:01",642700
76,-0.3,200,"sd","14:22:00",642400
76.1,-0.2,1000,"bu","14:21:54",642200
76.1,-0.2,400,"sd","14:21:50",641200
76.1,-0.2,500,"sd","14:21:41",640800
76.1,-0.2,100,"sd","14:21:40",640300
76,-0.3,100,"sd","14:21:30",640200
76.2,-0.1,200,"bu","14:21:20",640100
76,-0.3,100,"sd","14:21:19",639900
76,-0.3,200,"sd","14:21:15",639800
76,-0.3,500,"sd","14:21:11",639600
76.1,-0.2,1000,"bu","14:21:10",639100
76,-0.3,100,"sd","14:21:09",638100
76,-0.3,2100,"sd","14:21:00",638000
76,-0.3,5400,"sd","14:21:00",635900
76,-0.3,7500,"sd","14:20:59",630500
76,-0.3,100,"sd","14:20:58",623000
76.1,-0.2,1000,"bu","14:20:53",622900
76,-0.3,100,"sd","14:20:48",621900
76.1,-0.2,200,"bu","14:20:48",621800
76,-0.3,500,"sd","14:20:41",621600
76,-0.3,100,"sd","14:20:38",621100
76,-0.3,100,"sd","14:20:28",621000
76,-0.3,200,"sd","14:20:23",620900
76,-0.3,100,"sd","14:20:16",620700
76,-0.3,500,"sd","14:20:11",620600
76,-0.3,100,"sd","14:20:06",620100
76.1,-0.2,2000,"bu","14:20:00",620000
76,-0.3,100,"sd","14:19:55",618000
76.1,-0.2,200,"bu","14:19:47",617900
76,-0.3,100,"sd","14:19:45",617700
76,-0.3,700,"sd","14:19:41",617600
76,-0.3,100,"sd","14:19:34",616900
76,-0.3,100,"sd","14:19:23",616800
76,-0.3,100,"sd","14:19:13",616700
76,-0.3,500,"sd","14:19:11",616600
76.1,-0.2,200,"bu","14:19:08",616100
76,-0.3,100,"sd","14:19:02",615900
76,-0.3,400,"sd","14:18:55",615800
76,-0.3,100,"sd","14:18:52",615400
76,-0.3,100,"sd","14:18:41",615300
76,-0.3,500,"sd","14:18:40",615200
76,-0.3,100,"sd","14:18:31",614700
76.1,-0.2,500,"bu","14:18:26",614600
76,-0.3,100,"sd","14:18:20",614100
76.1,-0.2,1000,"bu","14:18:20",614000
76.1,-0.2,200,"bu","14:18:14",613000
76,-0.3,500,"sd","14:18:10",612800
76,-0.3,100,"sd","14:18:10",612300
76,-0.3,100,"sd","14:18:09",612200
76.1,-0.2,3000,"bu","14:18:00",612100
76,-0.3,100,"sd","14:17:59",609100
76,-0.3,100,"sd","14:17:48",609000
76,-0.3,500,"sd","14:17:40",608900
76,-0.3,100,"sd","14:17:38",608400
76,-0.3,100,"sd","14:17:27",608300
76,-0.3,300,"sd","14:17:25",608200
76,-0.3,100,"sd","14:17:16",607900
76,-0.3,500,"sd","14:17:10",607800
76.1,-0.2,600,"sd","14:17:06",607300
76.1,-0.2,100,"sd","14:17:05",606700
76.1,-0.2,100,"sd","14:17:01",606600
76.1,-0.2,100,"sd","14:16:55",606500
76.1,-0.2,100,"sd","14:16:44",606400
76.2,-0.1,200,"bu","14:16:41",606300
76.1,-0.2,2000,"sd","14:16:41",606100
76.1,-0.2,500,"sd","14:16:40",604100
76.1,-0.2,200,"sd","14:16:34",603600
76.1,-0.2,100,"sd","14:16:29",603400
76.1,-0.2,100,"sd","14:16:23",603300
76.1,-0.2,100,"sd","14:16:12",603200
76.1,-0.2,500,"sd","14:16:10",603100
76.1,-0.2,100,"sd","14:16:01",602600
76.1,-0.2,200,"sd","14:15:53",602500
76.1,-0.2,100,"sd","14:15:51",602300
76.1,-0.2,100,"sd","14:15:41",602200
76.1,-0.2,500,"sd","14:15:40",602100
76.2,-0.1,200,"bu","14:15:34",601600
76,-0.3,100,"sd","14:15:30",601400
76,-0.3,100,"sd","14:15:20",601300
76,-0.3,200,"sd","14:15:10",601200
76,-0.3,600,"sd","14:15:09",601000
76.2,-0.1,200,"bu","14:15:07",600400
76,-0.3,100,"sd","14:14:59",600200
76,-0.3,300,"sd","14:14:53",600100
76,-0.3,100,"sd","14:14:48",599800
76,-0.3,500,"sd","14:14:40",599700
76.1,-0.2,100,"sd","14:14:37",599200
76.2,-0.1,2300,"bu","14:14:29",599100
76.1,-0.2,1200,"bu","14:14:29",596800
76,-0.3,300,"sd","14:14:27",595600
76,-0.3,100,"sd","14:14:17",595300
76,-0.3,500,"sd","14:14:09",595200
76,-0.3,100,"sd","14:14:06",594700
76,-0.3,100,"sd","14:13:56",594600
76,-0.3,200,"sd","14:13:46",594500
76,-0.3,100,"sd","14:13:45",594300
76,-0.3,500,"sd","14:13:39",594200
76,-0.3,100,"sd","14:13:34",593700
76.1,-0.2,200,"bu","14:13:34",593600
76,-0.3,100,"sd","14:13:24",593400
76,-0.3,100,"sd","14:13:13",593300
76,-0.3,500,"sd","14:13:09",593200
76,-0.3,100,"sd","14:13:04",592700
76.1,-0.2,200,"bu","14:13:04",592600
76,-0.3,100,"sd","14:13:02",592400
76,-0.3,100,"sd","14:12:51",592300
76,-0.3,100,"sd","14:12:41",592200
76,-0.3,500,"sd","14:12:39",592100
76,-0.3,100,"sd","14:12:31",591600
76,-0.3,200,"sd","14:12:22",591500
76,-0.3,100,"sd","14:12:20",591300
76,-0.3,100,"sd","14:12:11",591200
76,-0.3,500,"sd","14:12:09",591100
76,-0.3,100,"sd","14:12:02",590600
76,-0.3,100,"sd","14:11:49",590300
76.1,-0.2,100,"bu","14:11:47",590200
76,-0.3,500,"sd","14:11:40",590100
76.1,-0.2,6300,"sd","14:11:39",589600
76.1,-0.2,600,"sd","14:11:39",583300
76.1,-0.2,200,"sd","14:11:37",582700
76.1,-0.2,100,"sd","14:11:29",582500
76.1,-0.2,100,"sd","14:11:18",582400
76.1,-0.2,500,"sd","14:11:09",582300
76.1,-0.2,100,"sd","14:11:08",581800
76.1,-0.2,100,"sd","14:10:57",581700
76.1,-0.2,200,"sd","14:10:55",581600
76.2,-0.1,1300,"bu","14:10:52",581400
76.1,-0.2,200,"sd","14:10:52",580100
76.1,-0.2,100,"sd","14:10:47",579900
76.1,-0.2,500,"sd","14:10:39",579800
76.1,-0.2,100,"sd","14:10:37",579300
76.2,-0.1,200,"bu","14:10:28",579200
76.1,-0.2,100,"sd","14:10:26",579000
76.1,-0.2,2000,"sd","14:10:16",578900
76.1,-0.2,100,"sd","14:10:15",576900
76.1,-0.2,200,"sd","14:10:12",576800
76.1,-0.2,500,"sd","14:10:08",576600
76.1,-0.2,100,"sd","14:10:05",576100
76.1,-0.2,100,"sd","14:09:54",576000
76.1,-0.2,100,"sd","14:09:44",575900
76.1,-0.2,500,"sd","14:09:38",575800
76.1,-0.2,100,"sd","14:09:33",575300
76.1,-0.2,200,"sd","14:09:30",575200
76.1,-0.2,100,"sd","14:09:23",575000
76.2,-0.1,100,"bu","14:09:16",574900
76.1,-0.2,100,"sd","14:09:13",574800
76.1,-0.2,500,"sd","14:09:08",574700
76.1,-0.2,100,"sd","14:09:03",574200
76.2,-0.1,200,"bu","14:08:56",574100
76.1,-0.2,100,"sd","14:08:52",573900
76.1,-0.2,200,"sd","14:08:49",573800
76.1,-0.2,100,"sd","14:08:42",573600
76.1,-0.2,500,"sd","14:08:38",573500
76.1,-0.2,100,"sd","14:08:32",573000
76.2,-0.1,100,"bu","14:08:31",572900
76.1,-0.2,100,"sd","14:08:21",572800
76.2,-0.1,200,"bu","14:08:11",572700
76.1,-0.2,100,"sd","14:08:11",572500
76.1,-0.2,500,"sd","14:08:08",572400
76.1,-0.2,100,"sd","14:08:00",571900
76.1,-0.2,200,"sd","14:08:00",571800
76.2,-0.1,1000,"bu","14:07:51",571600
76.1,-0.2,100,"sd","14:07:49",570600
76,-0.3,100,"sd","14:07:39",570500
76,-0.3,500,"sd","14:07:38",570400
76,-0.3,100,"sd","14:07:28",569900
76.2,-0.1,200,"bu","14:07:21",569800
76,-0.3,100,"sd","14:07:19",569600
76,-0.3,100,"sd","14:07:18",569500
76.2,-0.1,600,"bu","14:07:16",569400
76.2,-0.1,300,"bu","14:07:14",568800
76,-0.3,600,"sd","14:07:08",568500
76.2,-0.1,400,"bu","14:06:59",567900
76,-0.3,100,"sd","14:06:57",567500
76,-0.3,100,"sd","14:06:46",567400
76.2,-0.1,100,"bu","14:06:42",567300
76.1,-0.2,200,"bu","14:06:42",567200
76,-0.3,500,"sd","14:06:38",567000
76,-0.3,200,"sd","14:06:37",566500
76,-0.3,100,"sd","14:06:36",566300
76,-0.3,100,"sd","14:06:28",566200
76,-0.3,100,"sd","14:06:26",566100
76,-0.3,100,"sd","14:06:15",566000
76,-0.3,100,"sd","14:06:08",565900
76.1,-0.2,100,"sd","14:06:04",565400
76.1,-0.2,100,"sd","14:05:53",565300
76.1,-0.2,200,"sd","14:05:52",565200
76.2,-0.1,200,"bu","14:05:48",565000
76,-0.3,100,"sd","14:05:43",564800
76,-0.3,200,"sd","14:05:37",564700
76.1,-0.2,100,"sd","14:05:33",564200
76.1,-0.2,100,"sd","14:05:22",564100
76.1,-0.2,100,"sd","14:05:11",564000
76.1,-0.2,200,"sd","14:05:10",563900
76.1,-0.2,500,"sd","14:05:07",563700
76.1,-0.2,100,"sd","14:05:01",563200
76.1,-0.2,100,"sd","14:04:51",563100
76.1,-0.2,100,"sd","14:04:41",563000
76.1,-0.2,500,"sd","14:04:37",562900
76.1,-0.2,100,"sd","14:04:30",562400
76.1,-0.2,200,"sd","14:04:29",562300
76.1,-0.2,100,"sd","14:04:20",562100
76.2,-0.1,200,"bu","14:04:15",562000
76.1,-0.2,100,"sd","14:04:08",561800
76.1,-0.2,500,"sd","14:04:07",561700
76.1,-0.2,300,"bu","14:04:02",561200
76,-0.3,100,"sd","14:03:58",560900
76.2,-0.1,100,"bu","14:03:49",560800
76,-0.3,200,"sd","14:03:48",560700
76,-0.3,100,"sd","14:03:38",560500
76.2,-0.1,100,"bu","14:03:37",560400
76,-0.3,500,"sd","14:03:36",560300
76,-0.3,100,"sd","14:03:27",559800
76,-0.3,100,"sd","14:03:27",559700
76.2,-0.1,100,"bu","14:03:25",559600
76,-0.3,100,"sd","14:03:16",559500
76.2,-0.1,100,"bu","14:03:09",559400
76,-0.3,800,"sd","14:03:06",559300
76,-0.3,100,"sd","14:02:55",558500
76.2,-0.1,100,"bu","14:02:54",558400
76,-0.3,100,"sd","14:02:45",558300
76.2,-0.1,200,"bu","14:02:42",558200
76.2,-0.1,1100,"bu","14:02:41",558000
76,-0.3,500,"sd","14:02:36",556800
76,-0.3,100,"sd","14:02:35",556300
76.2,-0.1,100,"bu","14:02:27",556200
76,-0.3,200,"sd","14:02:25",556100
76,-0.3,100,"sd","14:02:24",555900
76,-0.3,100,"sd","14:02:14",555800
76.2,-0.1,100,"bu","14:02:11",555700
76,-0.3,500,"sd","14:02:06",555600
76,-0.3,100,"sd","14:02:03",555100
76.2,-0.1,100,"bu","14:01:54",555000
76,-0.3,100,"sd","14:01:53",554900
76,-0.3,100,"sd","14:01:42",554800
76,-0.3,3900,"sd","14:01:40",554700
76,-0.3,200,"sd","14:01:39",550800
76,-0.3,500,"sd","14:01:36",550600
76,-0.3,100,"sd","14:01:31",550100
76,-0.3,100,"sd","14:01:22",550000
76,-0.3,100,"sd","14:01:11",549900
76.2,-0.1,200,"bu","14:01:08",549800
76,-0.3,500,"sd","14:01:06",549600
76,-0.3,100,"sd","14:01:01",549100
76,-0.3,200,"sd","14:00:54",549000
76,-0.3,100,"sd","14:00:50",548800
76,-0.3,100,"sd","14:00:40",548700
76,-0.3,500,"sd","14:00:35",548600
76,-0.3,100,"sd","14:00:29",548100
76.1,-0.2,400,"bu","14:00:19",548000
76,-0.3,100,"sd","14:00:19",547600
76,-0.3,100,"sd","14:00:08",547500
76,-0.3,500,"sd","14:00:05",547400
76,-0.3,100,"sd","13:59:57",546900
76.1,-0.2,1000,"bu","13:59:56",546800
76,-0.3,100,"sd","13:59:47",545800
76.1,-0.2,100,"bu","13:59:44",545700
76.1,-0.2,800,"sd","13:59:39",545600
76.1,-0.2,100,"sd","13:59:36",544800
76.1,-0.2,500,"sd","13:59:35",544700
76.2,-0.1,200,"bu","13:59:35",544200
76.1,-0.2,200,"sd","13:59:29",544000
76.1,-0.2,100,"sd","13:59:26",543800
76.1,-0.2,100,"sd","13:59:16",543700
76.1,-0.2,1200,"bu","13:59:13",543600
76,-0.3,2000,"sd","13:59:09",542400
76.1,-0.2,500,"bu","13:59:06",540400
76,-0.3,100,"sd","13:59:05",539900
76,-0.3,500,"sd","13:59:05",539800
76,-0.3,100,"sd","13:58:55",539300
76,-0.3,100,"sd","13:58:47",539200
76,-0.3,100,"sd","13:58:44",539100
76,-0.3,500,"sd","13:58:35",539000
76,-0.3,100,"sd","13:58:34",538500
76.1,-0.2,200,"bu","13:58:28",538400
76,-0.3,100,"sd","13:58:23",538200
76,-0.3,100,"sd","13:58:13",538100
76,-0.3,700,"sd","13:58:05",538000
76,-0.3,100,"sd","13:58:02",537300
76.2,-0.1,200,"bu","13:58:02",537200
76,-0.3,100,"sd","13:57:52",537000
76,-0.3,100,"sd","13:57:41",536900
76,-0.3,500,"sd","13:57:35",536800
76,-0.3,100,"sd","13:57:30",536300
76,-0.3,400,"sd","13:57:23",536200
76,-0.3,400,"sd","13:57:21",535800
76,-0.3,100,"sd","13:57:19",535400
76,-0.3,100,"sd","13:57:09",535300
76,-0.3,500,"sd","13:57:04",535200
76,-0.3,100,"sd","13:56:58",534700
76,-0.3,100,"sd","13:56:48",534600
76,-0.3,200,"sd","13:56:42",534500
76,-0.3,100,"sd","13:56:38",534300
76,-0.3,500,"sd","13:56:35",534200
76.2,-0.1,200,"bu","13:56:29",533700
76,-0.3,100,"sd","13:56:26",533500
76,-0.3,100,"sd","13:56:16",533400
76,-0.3,100,"sd","13:56:06",533300
76,-0.3,500,"sd","13:56:04",533200
76,-0.3,200,"sd","13:55:59",532700
76,-0.3,100,"sd","13:55:56",532500
76,-0.3,100,"sd","13:55:46",532400
76,-0.3,100,"sd","13:55:35",532300
76,-0.3,100,"sd","13:55:24",531700
76,-0.3,1300,"sd","13:55:20",531600
76,-0.3,100,"sd","13:55:18",530300
76.1,-0.2,500,"bu","13:55:18",530200
76,-0.3,400,"sd","13:55:16",529700
76,-0.3,100,"sd","13:55:13",529300
76,-0.3,500,"sd","13:55:04",529200
76,-0.3,100,"sd","13:55:04",528700
76.1,-0.2,200,"bu","13:54:56",528600
76,-0.3,800,"sd","13:54:56",528400
76,-0.3,100,"sd","13:54:52",527600
76,-0.3,100,"sd","13:54:42",527500
76,-0.3,300,"sd","13:54:37",527400
76,-0.3,500,"sd","13:54:34",527100
76,-0.3,100,"sd","13:54:32",526600
76,-0.3,100,"sd","13:54:22",526500
76,-0.3,100,"sd","13:54:12",526400
76,-0.3,500,"sd","13:54:04",526300
76,-0.3,100,"sd","13:54:01",525800
76,-0.3,100,"sd","13:53:50",525700
76,-0.3,100,"sd","13:53:46",525600
76,-0.3,100,"sd","13:53:40",525500
76,-0.3,500,"sd","13:53:34",525400
76,-0.3,100,"sd","13:53:29",524900
76.1,-0.2,200,"bu","13:53:22",524800
76.1,-0.2,100,"bu","13:53:19",524600
76,-0.3,100,"sd","13:53:18",524500
76,-0.3,100,"sd","13:53:08",524400
76,-0.3,500,"sd","13:53:04",524300
76,-0.3,200,"sd","13:53:00",523800
76.1,-0.2,1700,"bu","13:52:56",523600
76.1,-0.2,1700,"sd","13:52:48",521900
76.1,-0.2,100,"sd","13:52:39",520200
76.1,-0.2,500,"sd","13:52:34",520100
76.1,-0.2,100,"sd","13:52:28",519600
76.1,-0.2,1000,"sd","13:52:28",519500
76.1,-0.2,200,"sd","13:52:19",518500
76.1,-0.2,100,"sd","13:52:18",518300
76.1,-0.2,1100,"sd","13:52:11",518200
76.1,-0.2,1900,"sd","13:52:11",517100
76.1,-0.2,3000,"sd","13:52:10",515200
76.1,-0.2,100,"sd","13:52:07",512200
76.1,-0.2,7500,"sd","13:52:05",512100
76.1,-0.2,500,"sd","13:52:03",504600
76.2,-0.1,100,"bu","13:52:00",504100
76.1,-0.2,100,"sd","13:51:57",504000
76.2,-0.1,200,"bu","13:51:49",503900
76.1,-0.2,100,"sd","13:51:46",503700
76.1,-0.2,200,"sd","13:51:38",503600
76.1,-0.2,100,"sd","13:51:35",503400
76.2,-0.1,300,"bu","13:51:34",503300
76.1,-0.2,500,"sd","13:51:33",503000
76.1,-0.2,100,"sd","13:51:24",502500
76.1,-0.2,100,"sd","13:51:14",502400
76.1,-0.2,600,"sd","13:51:03",502300
76.1,-0.2,200,"sd","13:50:56",501700
76.1,-0.2,100,"sd","13:50:52",501500
76.1,-0.2,100,"sd","13:50:42",501400
76.1,-0.2,500,"sd","13:50:33",501300
76.1,-0.2,100,"sd","13:50:31",500800
76.1,-0.2,100,"sd","13:50:21",500700
76.2,-0.1,200,"bu","13:50:16",500600
76.1,-0.2,100,"sd","13:50:15",500400
76.1,-0.2,100,"sd","13:50:10",500300
76.1,-0.2,500,"sd","13:50:03",500200
76.1,-0.2,100,"sd","13:50:00",499700
76.1,-0.2,1700,"sd","13:49:54",499600
76.1,-0.2,100,"sd","13:49:49",497900
76.1,-0.2,100,"sd","13:49:38",497800
76.1,-0.2,100,"sd","13:49:35",497700
76.1,-0.2,500,"sd","13:49:33",497600
76.1,-0.2,200,"sd","13:49:32",497100
76.1,-0.2,100,"sd","13:49:28",496900
76.1,-0.2,100,"sd","13:49:18",496800
76.1,-0.2,100,"sd","13:49:08",496700
76.1,-0.2,500,"sd","13:49:03",496600
76.1,-0.2,100,"sd","13:48:57",496100
76.1,-0.2,200,"sd","13:48:51",496000
76.2,-0.1,500,"bu","13:48:49",495800
76.1,-0.2,100,"sd","13:48:49",495300
76.1,-0.2,100,"sd","13:48:47",495200
76.2,-0.1,200,"bu","13:48:43",495100
76.1,-0.2,100,"sd","13:48:37",494900
76.1,-0.2,500,"sd","13:48:33",494800
76.1,-0.2,100,"sd","13:48:27",494300
76.1,-0.2,2000,"sd","13:48:22",494200
76.1,-0.2,100,"sd","13:48:16",492200
76.1,-0.2,200,"sd","13:48:07",492100
76.1,-0.2,100,"sd","13:48:06",491900
76.1,-0.2,500,"sd","13:48:04",491800
76.1,-0.2,100,"sd","13:47:56",491300
76.1,-0.2,100,"sd","13:47:50",491200
76.1,-0.2,100,"sd","13:47:45",491100
76.1,-0.2,100,"sd","13:47:34",491000
76.1,-0.2,500,"sd","13:47:33",490900
76.1,-0.2,200,"sd","13:47:25",490400
76.1,-0.2,100,"sd","13:47:23",490200
76.1,-0.2,100,"sd","13:47:13",490100
76.2,-0.1,300,"bu","13:47:09",490000
76.1,-0.2,600,"sd","13:47:02",489700
76.1,-0.2,100,"sd","13:46:52",489100
76.1,-0.2,100,"sd","13:46:41",489000
76.1,-0.2,200,"sd","13:46:40",488900
76.1,-0.2,100,"sd","13:46:34",488700
76.1,-0.2,500,"sd","13:46:33",488600
76.1,-0.2,100,"sd","13:46:31",488100
76.1,-0.2,100,"sd","13:46:21",488000
76.1,-0.2,300,"bu","13:46:13",487900
76,-0.3,100,"sd","13:46:10",487600
76,-0.3,500,"sd","13:46:03",487500
76,-0.3,100,"sd","13:46:00",487000
76,-0.3,100,"sd","13:45:49",486900
76.1,-0.2,100,"bu","13:45:44",486800
76,-0.3,3000,"sd","13:45:41",486700
76,-0.3,100,"sd","13:45:39",483700
76.1,-0.2,200,"bu","13:45:36",483600
76,-0.3,500,"sd","13:45:32",483400
76,-0.3,100,"sd","13:45:29",482900
76,-0.3,100,"sd","13:45:18",482800
76,-0.3,200,"sd","13:45:13",482700
76,-0.3,100,"sd","13:45:08",482500
76,-0.3,500,"sd","13:45:02",482400
76,-0.3,100,"sd","13:44:57",481900
76,-0.3,100,"sd","13:44:46",481800
76.1,-0.2,1000,"bu","13:44:42",481700
76,-0.3,100,"sd","13:44:36",480700
76,-0.3,500,"sd","13:44:32",480600
76,-0.3,200,"sd","13:44:31",480100
76,-0.3,200,"sd","13:44:26",479900
76,-0.3,100,"sd","13:44:15",479700
76.1,-0.2,500,"bu","13:44:14",479600
76,-0.3,100,"sd","13:44:04",479100
76.1,-0.2,200,"bu","13:44:03",479000
76,-0.3,500,"sd","13:44:02",478800
76.1,-0.2,10000,"sd","13:43:59",478300
76.1,-0.2,100,"sd","13:43:54",468300
76.1,-0.2,200,"sd","13:43:49",468200
76.1,-0.2,100,"sd","13:43:44",468000
76.1,-0.2,100,"sd","13:43:34",467900
76.1,-0.2,500,"sd","13:43:32",467800
76.1,-0.2,2600,"bu","13:43:27",467300
76,-0.3,100,"sd","13:43:23",464700
76,-0.3,100,"sd","13:43:22",464600
76,-0.3,100,"sd","13:43:13",464500
76,-0.3,200,"sd","13:43:05",464400
76,-0.3,600,"sd","13:43:02",464200
76,-0.3,100,"sd","13:42:51",463600
76.1,-0.2,100,"bu","13:42:46",463500
76.1,-0.2,300,"bu","13:42:41",463400
76,-0.3,100,"sd","13:42:40",463100
76,-0.3,500,"sd","13:42:32",463000
76.1,-0.2,200,"bu","13:42:30",462500
76,-0.3,100,"sd","13:42:30",462300
76,-0.3,200,"sd","13:42:23",462200
76,-0.3,100,"sd","13:42:19",462000
76,-0.3,500,"sd","13:42:16",461900
76,-0.3,100,"sd","13:42:09",461400
76,-0.3,500,"sd","13:42:02",461300
76,-0.3,100,"sd","13:41:58",460800
76,-0.3,7500,"sd","13:41:56",460700
76,-0.3,7500,"sd","13:41:55",453200
76,-0.3,100,"sd","13:41:48",445700
76,-0.3,200,"sd","13:41:41",445600
76,-0.3,100,"sd","13:41:37",445400
76,-0.3,300,"sd","13:41:31",445300
76.1,-0.2,100,"sd","13:41:26",444800
76.1,-0.2,200,"bu","13:41:23",444700
76,-0.3,100,"sd","13:41:16",444500
76,-0.3,100,"sd","13:41:05",444400
76,-0.3,500,"sd","13:41:02",444300
76.1,-0.2,200,"bu","13:40:56",443800
76,-0.3,100,"sd","13:40:54",443600
76,-0.3,100,"sd","13:40:43",443500
76,-0.3,100,"sd","13:40:33",443400
76,-0.3,500,"sd","13:40:31",443300
76,-0.3,100,"sd","13:40:22",442800
76,-0.3,100,"sd","13:40:12",442700
76,-0.3,100,"sd","13:40:11",442600
76.2,-0.1,400,"bu","13:40:03",442500
76.1,-0.2,1600,"bu","13:40:03",442100
76,-0.3,600,"sd","13:40:01",440500
76,-0.3,100,"sd","13:39:51",439900
76,-0.3,100,"sd","13:39:39",439800
76,-0.3,400,"sd","13:39:31",439700
76,-0.3,100,"sd","13:39:30",439300
76,-0.3,300,"sd","13:39:29",439200
76.1,-0.2,200,"bu","13:39:23",438900
76,-0.3,100,"sd","13:39:19",438700
76,-0.3,100,"sd","13:39:09",438600
76,-0.3,500,"sd","13:39:01",438500
76,-0.3,200,"sd","13:38:58",438000
76,-0.3,100,"sd","13:38:48",437800
76,-0.3,100,"sd","13:38:40",437700
76,-0.3,100,"sd","13:38:38",437600
76,-0.3,100,"sd","13:38:28",437500
76,-0.3,100,"sd","13:38:18",437400
76,-0.3,100,"sd","13:38:08",437300
76,-0.3,200,"sd","13:37:57",437200
76,-0.3,100,"sd","13:37:57",437000
76.1,-0.2,200,"bu","13:37:50",436900
76,-0.3,100,"sd","13:37:47",436700
76,-0.3,100,"sd","13:37:36",436600
76,-0.3,100,"sd","13:37:25",436500
76,-0.3,100,"sd","13:37:14",436400
76,-0.3,6000,"sd","13:37:11",436300
76,-0.3,100,"sd","13:37:04",430300
76,-0.3,100,"sd","13:36:54",430200
76,-0.3,100,"sd","13:36:44",430100
76,-0.3,100,"sd","13:36:33",430000
76,-0.3,200,"sd","13:36:28",429900
76,-0.3,100,"sd","13:36:23",429700
76.2,-0.1,200,"bu","13:36:17",429600
76,-0.3,100,"sd","13:36:13",429400
76.1,-0.2,1500,"sd","13:36:04",429300
76.1,-0.2,100,"sd","13:36:02",427800
76.1,-0.2,100,"sd","13:35:52",427700
76.1,-0.2,200,"sd","13:35:45",427600
76.1,-0.2,100,"sd","13:35:42",427400
76.1,-0.2,100,"sd","13:35:32",427300
76.1,-0.2,100,"sd","13:35:21",427200
76.1,-0.2,100,"sd","13:35:11",427100
76.1,-0.2,200,"sd","13:35:02",427000
76.1,-0.2,100,"sd","13:35:00",426800
76.1,-0.2,100,"sd","13:34:49",426700
76.2,-0.1,200,"bu","13:34:44",426600
76.1,-0.2,100,"sd","13:34:39",426400
76.2,-0.1,200,"bu","13:34:38",426300
76.1,-0.2,100,"sd","13:34:28",426100
76.1,-0.2,100,"sd","13:34:25",426000
76.1,-0.2,100,"sd","13:34:18",425900
76.1,-0.2,200,"sd","13:34:15",425800
76.1,-0.2,100,"sd","13:34:07",425600
76.1,-0.2,100,"sd","13:33:56",425500
76.1,-0.2,100,"sd","13:33:46",425400
76.1,-0.2,100,"sd","13:33:36",425300
76.1,-0.2,200,"sd","13:33:30",425200
76.1,-0.2,100,"sd","13:33:25",425000
76.1,-0.2,100,"sd","13:33:15",424900
76.1,-0.2,1100,"bu","13:33:13",424800
76,-0.3,300,"sd","13:33:10",423700
76.1,-0.2,200,"bu","13:33:10",423400
76,-0.3,100,"sd","13:33:04",423200
76,-0.3,100,"sd","13:32:54",423100
76,-0.3,900,"sd","13:32:46",423000
76,-0.3,100,"sd","13:32:43",422100
76,-0.3,100,"sd","13:32:33",422000
76,-0.3,100,"sd","13:32:23",421900
76,-0.3,100,"sd","13:32:12",421800
76,-0.3,200,"sd","13:32:09",421700
76,-0.3,100,"sd","13:32:08",421500
76,-0.3,200,"sd","13:32:05",421400
76,-0.3,100,"sd","13:32:01",421200
76,-0.3,100,"sd","13:31:50",421100
76,-0.3,100,"sd","13:31:40",421000
76.1,-0.2,200,"bu","13:31:37",420900
76,-0.3,100,"sd","13:31:29",420700
76.1,-0.2,500,"bu","13:31:26",420600
76,-0.3,200,"sd","13:31:20",420100
76,-0.3,100,"sd","13:31:18",419900
76,-0.3,100,"sd","13:31:08",419800
76,-0.3,100,"sd","13:30:58",419700
76,-0.3,100,"sd","13:30:47",419600
76,-0.3,100,"sd","13:30:37",419500
76,-0.3,100,"sd","13:30:33",419400
76,-0.3,100,"sd","13:30:26",419300
76,-0.3,100,"sd","13:30:15",417400
76,-0.3,100,"sd","13:30:04",417300
76.2,-0.1,200,"bu","13:30:04",417200
76,-0.3,100,"sd","13:29:53",417000
76.2,-0.1,200,"bu","13:29:52",416900
76,-0.3,200,"sd","13:29:52",416700
76,-0.3,100,"sd","13:29:43",416500
76,-0.3,100,"sd","13:29:34",416400
76,-0.3,100,"sd","13:29:32",416300
76,-0.3,100,"sd","13:29:22",416200
76,-0.3,200,"sd","13:29:12",416100
76,-0.3,100,"sd","13:29:11",415900
76,-0.3,100,"sd","13:29:00",415800
76,-0.3,100,"sd","13:28:50",415700
76,-0.3,100,"sd","13:28:40",415600
76.1,-0.2,200,"bu","13:28:31",415500
76,-0.3,100,"sd","13:28:29",415300
76,-0.3,200,"sd","13:28:28",415200
76,-0.3,100,"sd","13:28:19",415000
76,-0.3,1100,"sd","13:28:08",414900
76.1,-0.2,300,"bu","13:28:04",413800
76,-0.3,100,"sd","13:27:58",413500
76,-0.3,100,"sd","13:27:47",413400
76,-0.3,200,"sd","13:27:45",413300
76.1,-0.2,300,"bu","13:27:41",413100
76,-0.3,100,"sd","13:27:37",412800
76,-0.3,100,"sd","13:27:27",412700
76.1,-0.2,300,"bu","13:27:20",412600
76,-0.3,100,"sd","13:27:16",412300
76,-0.3,1900,"sd","13:27:10",412200
76.1,-0.2,200,"bu","13:27:09",410300
76,-0.3,100,"sd","13:27:06",410100
76.1,-0.2,300,"bu","13:27:02",410000
76.1,-0.2,200,"bu","13:26:57",409700
76,-0.3,100,"sd","13:26:55",409500
76,-0.3,100,"sd","13:26:45",409400
76.1,-0.2,300,"bu","13:26:39",409300
76,-0.3,100,"sd","13:26:35",409000
76,-0.3,100,"sd","13:26:24",408900
76.1,-0.2,300,"bu","13:26:21",408800
76,-0.3,100,"sd","13:26:16",408500
76,-0.3,100,"sd","13:26:14",408400
76,-0.3,100,"sd","13:26:03",408300
76.1,-0.2,300,"bu","13:26:00",408200
76,-0.3,100,"sd","13:25:52",407900
76.1,-0.2,700,"bu","13:25:47",407800
76,-0.3,100,"sd","13:25:42",407100
76.1,-0.2,300,"bu","13:25:38",407000
76,-0.3,200,"sd","13:25:33",406700
76,-0.3,100,"sd","13:25:31",406500
76.1,-0.2,200,"bu","13:25:24",406400
76,-0.3,100,"sd","13:25:21",406200
76.1,-0.2,300,"bu","13:25:19",406100
76,-0.3,100,"sd","13:25:10",405800
76,-0.3,100,"sd","13:25:00",405700
76.1,-0.2,300,"bu","13:24:58",405600
76,-0.3,200,"sd","13:24:51",405300
76,-0.3,100,"sd","13:24:49",405100
76.1,-0.2,300,"bu","13:24:40",405000
76,-0.3,200,"sd","13:24:38",404700
76,-0.3,300,"sd","13:24:31",404500
76,-0.3,100,"sd","13:24:28",404200
76,-0.3,100,"sd","13:24:17",404100
76.1,-0.2,300,"bu","13:24:16",404000
76,-0.3,200,"sd","13:24:09",403700
76,-0.3,100,"sd","13:24:07",403500
76,-0.3,100,"sd","13:23:56",403400
76.1,-0.2,200,"bu","13:23:51",403300
76,-0.3,100,"sd","13:23:45",403100
76.1,-0.2,3000,"bu","13:23:40",403000
76.1,-0.2,1800,"sd","13:23:38",400000
76.1,-0.2,100,"sd","13:23:35",398200
76.1,-0.2,200,"sd","13:23:28",398100
76.1,-0.2,100,"sd","13:23:24",397900
76.1,-0.2,100,"sd","13:23:14",397800
76.1,-0.2,100,"sd","13:23:07",397700
76.1,-0.2,100,"sd","13:23:04",397600
76.1,-0.2,100,"sd","13:22:54",397500
76.1,-0.2,200,"sd","13:22:44",397400
76.1,-0.2,100,"sd","13:22:43",397200
76.1,-0.2,100,"sd","13:22:32",397100
76.1,-0.2,100,"sd","13:22:21",397000
76.2,-0.1,200,"bu","13:22:18",396900
76.1,-0.2,100,"sd","13:22:11",396700
76.1,-0.2,300,"sd","13:22:08",396600
76.1,-0.2,100,"sd","13:22:00",396300
76.1,-0.2,200,"sd","13:21:58",396200
76.1,-0.2,100,"sd","13:21:50",396000
76.1,-0.2,100,"sd","13:21:39",395900
76.1,-0.2,100,"sd","13:21:28",395800
76.1,-0.2,100,"sd","13:21:18",395700
76.1,-0.2,200,"sd","13:21:12",395600
76.1,-0.2,100,"sd","13:21:09",395400
76.1,-0.2,100,"sd","13:21:00",395300
76.1,-0.2,100,"sd","13:20:50",395200
76.2,-0.1,200,"bu","13:20:45",395100
76.1,-0.2,100,"sd","13:20:39",394900
76.1,-0.2,100,"sd","13:20:30",394800
76.1,-0.2,100,"sd","13:20:29",394700
76.1,-0.2,100,"sd","13:20:18",394600
76.1,-0.2,100,"sd","13:20:07",394500
76.1,-0.2,100,"sd","13:19:57",394400
76,-0.3,200,"sd","13:19:48",394300
76,-0.3,100,"sd","13:19:46",394100
76,-0.3,100,"sd","13:19:36",394000
76,-0.3,100,"sd","13:19:25",393900
76,-0.3,100,"sd","13:19:15",393800
76.2,-0.1,200,"bu","13:19:11",393700
76,-0.3,200,"sd","13:19:07",393500
76,-0.3,100,"sd","13:19:03",393300
76.2,-0.1,300,"bu","13:18:56",393200
76,-0.3,100,"sd","13:18:53",392900
76,-0.3,100,"sd","13:18:42",392800
76,-0.3,100,"sd","13:18:33",392700
76,-0.3,200,"sd","13:18:26",392600
76,-0.3,100,"sd","13:18:23",392400
76.1,-0.2,100,"sd","13:18:12",392300
76.1,-0.2,100,"sd","13:18:02",392200
76.1,-0.2,100,"sd","13:17:51",392100
76.1,-0.2,200,"sd","13:17:44",392000
76.1,-0.2,100,"sd","13:17:41",391800
76.2,-0.1,200,"bu","13:17:38",391700
76.1,-0.2,100,"sd","13:17:31",391500
76.1,-0.2,100,"sd","13:17:21",391400
76.1,-0.2,100,"sd","13:17:12",391300
76.1,-0.2,100,"sd","13:17:01",391200
76.1,-0.2,100,"sd","13:17:00",391100
76.1,-0.2,400,"sd","13:16:50",391000
76.1,-0.2,100,"sd","13:16:49",390600
76.1,-0.2,100,"sd","13:16:39",390500
76.1,-0.2,100,"sd","13:16:29",390400
76.1,-0.2,200,"sd","13:16:20",390300
76.1,-0.2,100,"sd","13:16:19",390100
76,-0.3,100,"sd","13:16:08",390000
76.2,-0.1,200,"bu","13:16:05",389900
76,-0.3,100,"sd","13:15:57",389700
76.2,-0.1,300,"bu","13:15:54",389600
76,-0.3,100,"sd","13:15:47",389300
75.9,-0.4,200,"sd","13:15:36",389200
75.9,-0.4,100,"sd","13:15:35",389000
75.9,-0.4,100,"sd","13:15:25",388900
76.2,-0.1,2400,"bu","13:15:21",388800
76,-0.3,100,"bu","13:15:21",386400
75.9,-0.4,100,"sd","13:15:14",386300
76,-0.3,400,"sd","13:15:11",386200
76,-0.3,100,"sd","13:15:03",385800
76.2,-0.1,100,"bu","13:15:01",385700
76.1,-0.2,2000,"bu","13:15:01",385600
76,-0.3,200,"sd","13:14:53",383600
76,-0.3,100,"sd","13:14:53",383400
76.1,-0.2,400,"bu","13:14:49",383300
76,-0.3,100,"sd","13:14:43",382900
76,-0.3,100,"sd","13:14:33",382800
76.1,-0.2,200,"bu","13:14:32",382700
76,-0.3,100,"sd","13:14:23",382500
76,-0.3,100,"sd","13:14:13",382400
76,-0.3,200,"sd","13:14:12",382300
76,-0.3,500,"sd","13:14:03",382100
76,-0.3,100,"sd","13:14:02",381600
76,-0.3,100,"sd","13:13:53",381500
76,-0.3,100,"sd","13:13:42",381400
76,-0.3,100,"sd","13:13:31",381300
76,-0.3,200,"sd","13:13:28",381200
76,-0.3,900,"bu","13:13:25",381000
75.9,-0.4,100,"sd","13:13:21",380100
75.9,-0.4,100,"sd","13:13:10",380000
75.9,-0.4,1000,"sd","13:13:02",379900
75.9,-0.4,100,"sd","13:12:59",378900
76,-0.3,200,"bu","13:12:58",378800
75.9,-0.4,100,"sd","13:12:50",378600
75.9,-0.4,400,"sd","13:12:49",378500
75.9,-0.4,100,"sd","13:12:46",378100
75.9,-0.4,100,"sd","13:12:39",378000
75.9,-0.4,2000,"sd","13:12:34",377900
75.9,-0.4,100,"sd","13:12:28",375900
75.9,-0.4,100,"sd","13:12:18",375800
75.9,-0.4,100,"sd","13:12:08",375700
75.9,-0.4,200,"sd","13:12:05",375600
75.9,-0.4,100,"sd","13:11:58",375400
75.9,-0.4,100,"sd","13:11:48",375300
76,-0.3,300,"bu","13:11:46",375200
76,-0.3,300,"bu","13:11:37",374900
75.9,-0.4,100,"sd","13:11:37",374600
76,-0.3,500,"bu","13:11:30",374500
75.9,-0.4,100,"sd","13:11:26",374000
75.9,-0.4,900,"sd","13:11:26",373900
76,-0.3,200,"bu","13:11:25",373000
75.9,-0.4,200,"sd","13:11:23",372800
75.9,-0.4,100,"sd","13:11:17",372600
75.9,-0.4,100,"sd","13:11:06",372500
75.9,-0.4,100,"sd","13:10:55",372400
75.9,-0.4,100,"sd","13:10:44",372300
75.9,-0.4,200,"sd","13:10:40",372200
75.9,-0.4,100,"sd","13:10:34",372000
75.9,-0.4,100,"sd","13:10:23",371900
75.9,-0.4,100,"sd","13:10:12",371800
75.9,-0.4,100,"sd","13:10:02",371700
76,-0.3,300,"bu","13:09:53",371600
75.9,-0.4,100,"sd","13:09:51",371300
75.9,-0.4,100,"sd","13:09:41",371200
75.9,-0.4,500,"sd","13:09:32",371100
75.9,-0.4,100,"sd","13:09:31",370600
75.9,-0.4,100,"sd","13:09:20",370500
75.9,-0.4,100,"sd","13:09:11",370400
75.9,-0.4,200,"sd","13:09:06",370300
75.9,-0.4,100,"sd","13:09:02",370100
75.9,-0.4,500,"sd","13:09:02",370000
75.9,-0.4,100,"sd","13:08:51",369500
75.9,-0.4,100,"sd","13:08:41",369400
75.9,-0.4,500,"sd","13:08:31",369300
75.9,-0.4,100,"sd","13:08:30",368800
75.9,-0.4,200,"sd","13:08:24",368700
76,-0.3,100,"bu","13:08:22",368500
75.9,-0.4,100,"sd","13:08:20",368400
75.9,-0.4,100,"sd","13:08:10",368300
75.9,-0.4,400,"sd","13:08:01",368200
75.9,-0.4,100,"sd","13:07:58",367800
75.9,-0.4,100,"sd","13:07:49",367700
75.9,-0.4,200,"sd","13:07:41",367600
75.9,-0.4,100,"sd","13:07:38",367400
75.9,-0.4,400,"sd","13:07:31",367300
75.9,-0.4,100,"sd","13:07:29",366900
75.9,-0.4,100,"sd","13:07:19",366800
76,-0.3,100,"sd","13:07:08",366700
75.9,-0.4,400,"sd","13:07:00",366600
75.9,-0.4,100,"sd","13:06:58",366200
76,-0.3,100,"sd","13:06:56",366100
76,-0.3,100,"sd","13:06:54",366000
76,-0.3,100,"sd","13:06:48",365900
76,-0.3,100,"sd","13:06:37",365800
76,-0.3,2000,"bu","13:06:33",365700
75.9,-0.4,400,"sd","13:06:30",363700
75.9,-0.4,100,"sd","13:06:27",363300
75.9,-0.4,100,"sd","13:06:16",363200
75.9,-0.4,200,"sd","13:06:13",363100
75.9,-0.4,100,"sd","13:06:06",362900
75.9,-0.4,400,"sd","13:06:00",362800
75.9,-0.4,100,"sd","13:05:55",362400
75.9,-0.4,100,"sd","13:05:44",362300
75.9,-0.4,100,"sd","13:05:35",362200
75.9,-0.4,200,"sd","13:05:30",362100
75.9,-0.4,400,"sd","13:05:30",361900
75.9,-0.4,100,"sd","13:05:25",361500
75.9,-0.4,100,"sd","13:05:14",361400
75.9,-0.4,100,"sd","13:05:03",361300
75.9,-0.4,400,"sd","13:05:00",361200
75.9,-0.4,100,"sd","13:04:52",360800
75.9,-0.4,200,"sd","13:04:49",360700
75.9,-0.4,700,"sd","13:04:47",360500
75.9,-0.4,100,"sd","13:04:42",359800
75.9,-0.4,100,"sd","13:04:33",359700
76,-0.3,1000,"sd","13:04:30",359600
76,-0.3,2400,"bu","13:04:25",358600
75.9,-0.4,100,"sd","13:04:22",356200
75.9,-0.4,100,"sd","13:04:11",356100
75.9,-0.4,200,"sd","13:04:05",356000
75.9,-0.4,2200,"bu","13:04:03",355800
75.8,-0.5,100,"sd","13:04:01",353600
75.8,-0.5,400,"sd","13:04:00",353500
75.8,-0.5,100,"sd","13:03:51",353100
75.8,-0.5,100,"sd","13:03:42",353000
75.9,-0.4,300,"bu","13:03:33",352900
75.8,-0.5,100,"sd","13:03:31",352600
75.8,-0.5,400,"sd","13:03:30",352500
75.8,-0.5,300,"sd","13:03:20",352100
75.9,-0.4,300,"bu","13:03:13",351800
75.8,-0.5,100,"sd","13:03:10",351500
75.8,-0.5,100,"sd","13:03:01",351400
75.8,-0.5,400,"sd","13:03:00",351300
75.9,-0.4,300,"bu","13:02:53",350900
75.8,-0.5,100,"sd","13:02:50",350600
75.8,-0.5,100,"sd","13:02:40",350500
75.8,-0.5,200,"sd","13:02:39",350400
75.9,-0.4,300,"bu","13:02:32",350200
75.8,-0.5,500,"sd","13:02:30",349900
75.9,-0.4,200,"bu","13:02:23",349400
75.8,-0.5,100,"sd","13:02:19",349200
75.9,-0.4,300,"bu","13:02:12",349100
75.9,-0.4,500,"bu","13:02:12",348800
75.8,-0.5,100,"sd","13:02:09",348300
75.8,-0.5,100,"sd","13:02:00",348200
75.8,-0.5,300,"sd","13:01:59",348100
75.8,-0.5,100,"sd","13:01:56",347800
75.8,-0.5,100,"sd","13:01:51",347700
75.9,-0.4,300,"bu","13:01:47",347600
75.8,-0.5,100,"sd","13:01:41",347300
75.9,-0.4,100,"bu","13:01:31",347200
75.8,-0.5,100,"sd","13:01:30",347100
75.8,-0.5,300,"sd","13:01:29",347000
75.8,-0.5,100,"sd","13:01:21",346700
75.9,-0.4,300,"bu","13:01:16",346600
75.8,-0.5,200,"sd","13:01:14",346300
75.8,-0.5,100,"sd","13:01:11",346100
75.8,-0.5,400,"sd","13:01:09",346000
75.8,-0.5,100,"sd","13:01:00",345600
75.8,-0.5,300,"sd","13:00:30",345500
75.8,-0.5,400,"sd","13:00:12",345200
75.9,-0.4,2200,"bu","13:00:03",344800
75.8,-0.5,100,"sd","13:00:00",342600
75.9,-0.4,100,"bu","13:00:00",342500
75.7,-0.6,2000,"sd","13:00:00",342400
75.7,-0.6,7500,"sd","11:29:33",340400
75.9,-0.4,100,"bu","11:29:33",332900
75.8,-0.5,100,"bu","11:29:20",332800
75.7,-0.6,200,"sd","11:29:17",332700
75.8,-0.5,600,"bu","11:28:58",332500
75.8,-0.5,900,"sd","11:28:51",331900
75.8,-0.5,100,"sd","11:28:46",331000
75.7,-0.6,200,"sd","11:28:34",330900
75.7,-0.6,100,"sd","11:28:28",330700
75.8,-0.5,100,"bu","11:28:20",330600
75.8,-0.5,1800,"bu","11:28:15",330500
75.7,-0.6,100,"sd","11:28:09",328700
75.8,-0.5,1600,"bu","11:28:01",328600
75.8,-0.5,700,"sd","11:27:54",326600
75.8,-0.5,200,"sd","11:27:52",325900
75.8,-0.5,100,"sd","11:27:50",325700
75.8,-0.5,100,"sd","11:27:31",325600
75.8,-0.5,4500,"bu","11:27:31",325500
75.8,-0.5,1900,"sd","11:27:30",321000
75.8,-0.5,100,"sd","11:27:12",319100
75.7,-0.6,200,"sd","11:27:04",319000
75.7,-0.6,100,"sd","11:26:53",318800
75.8,-0.5,1000,"bu","11:26:38",318700
75.7,-0.6,100,"sd","11:26:34",317700
75.8,-0.5,1000,"bu","11:26:25",317600
75.7,-0.6,200,"sd","11:26:23",316600
75.7,-0.6,100,"sd","11:26:16",316400
75.8,-0.5,800,"sd","11:26:00",316300
75.8,-0.5,100,"sd","11:25:57",315500
75.8,-0.5,100,"sd","11:25:41",315400
75.8,-0.5,100,"sd","11:25:38",315300
75.7,-0.6,100,"sd","11:25:19",315200
75.8,-0.5,1000,"bu","11:25:06",315100
75.7,-0.6,100,"sd","11:25:00",314100
75.8,-0.5,200,"bu","11:24:52",314000
75.7,-0.6,100,"sd","11:24:41",313800
75.8,-0.5,1000,"bu","11:24:40",313700
75.8,-0.5,1300,"sd","11:24:30",312700
75.8,-0.5,100,"sd","11:24:23",311400
75.8,-0.5,600,"bu","11:24:20",311300
75.7,-0.6,100,"sd","11:24:04",310700
75.8,-0.5,100,"bu","11:24:01",310600
75.8,-0.5,2300,"sd","11:24:00",310500
75.8,-0.5,1000,"sd","11:23:59",308200
75.8,-0.5,100,"sd","11:23:45",307200
75.8,-0.5,3400,"bu","11:23:29",307100
75.8,-0.5,100,"bu","11:23:28",303700
75.7,-0.6,100,"sd","11:23:26",303600
75.8,-0.5,100,"bu","11:23:18",303500
75.8,-0.5,1000,"bu","11:23:09",303400
75.7,-0.6,100,"sd","11:23:07",302400
75.8,-0.5,1900,"sd","11:23:00",302300
75.8,-0.5,100,"sd","11:22:49",300400
75.8,-0.5,200,"sd","11:22:47",300300
75.8,-0.5,400,"bu","11:22:31",300100
75.7,-0.6,100,"sd","11:22:30",299700
75.7,-0.6,100,"sd","11:22:11",299600
75.7,-0.6,200,"sd","11:22:03",299500
75.7,-0.6,100,"sd","11:21:52",299300
75.8,-0.5,100,"bu","11:21:43",299200
75.7,-0.6,100,"sd","11:21:34",299100
75.8,-0.5,1000,"sd","11:21:29",299000
75.8,-0.5,1900,"sd","11:21:27",298000
75.8,-0.5,200,"sd","11:21:20",296100
75.8,-0.5,100,"sd","11:21:15",295900
75.8,-0.5,2300,"sd","11:20:59",295800
75.8,-0.5,100,"sd","11:20:56",293500
75.8,-0.5,100,"sd","11:20:37",293400
75.8,-0.5,200,"sd","11:20:34",293300
75.8,-0.5,2300,"sd","11:20:29",293100
75.8,-0.5,100,"sd","11:20:18",290800
75.8,-0.5,100,"sd","11:19:59",290700
75.8,-0.5,2200,"sd","11:19:59",290600
75.8,-0.5,100,"sd","11:19:53",288400
75.8,-0.5,100,"sd","11:19:41",288300
75.8,-0.5,2200,"sd","11:19:29",288200
75.8,-0.5,100,"sd","11:19:22",286000
75.8,-0.5,200,"sd","11:19:11",285900
75.8,-0.5,100,"sd","11:19:03",285700
75.8,-0.5,2100,"sd","11:18:59",285600
75.8,-0.5,100,"sd","11:18:45",283500
75.8,-0.5,200,"sd","11:18:30",283400
75.8,-0.5,2100,"sd","11:18:29",283200
75.8,-0.5,100,"sd","11:18:26",281100
75.8,-0.5,5900,"sd","11:18:22",281000
75.8,-0.5,100,"sd","11:18:07",275100
75.8,-0.5,2300,"sd","11:17:59",275000
75.8,-0.5,400,"sd","11:17:53",272700
75.8,-0.5,300,"sd","11:17:48",272300
75.9,-0.4,100,"bu","11:17:41",272000
75.8,-0.5,100,"sd","11:17:30",271900
75.8,-0.5,100,"sd","11:17:11",271800
75.8,-0.5,200,"sd","11:17:01",271700
75.8,-0.5,100,"sd","11:16:52",271500
75.9,-0.4,100,"bu","11:16:41",271400
75.8,-0.5,100,"sd","11:16:33",271300
75.8,-0.5,200,"sd","11:16:20",271200
75.9,-0.4,200,"bu","11:16:15",271000
75.8,-0.5,100,"sd","11:16:14",270800
75.8,-0.5,100,"sd","11:15:56",270700
75.8,-0.5,200,"sd","11:15:38",270600
75.8,-0.5,100,"sd","11:15:37",270400
75.8,-0.5,100,"sd","11:15:19",270300
75.8,-0.5,100,"sd","11:15:00",270200
75.8,-0.5,100,"sd","11:14:56",270100
75.8,-0.5,100,"sd","11:14:41",270000
75.8,-0.5,100,"sd","11:14:22",269900
75.8,-0.5,200,"sd","11:14:11",269800
75.8,-0.5,100,"sd","11:14:04",269600
75.8,-0.5,100,"sd","11:13:45",269500
75.8,-0.5,200,"sd","11:13:30",269400
75.8,-0.5,100,"sd","11:13:26",269200
75.8,-0.5,100,"sd","11:13:07",269100
75.9,-0.4,1000,"bu","11:12:52",269000
75.8,-0.5,100,"sd","11:12:49",268000
75.8,-0.5,200,"sd","11:12:48",267900
75.8,-0.5,100,"sd","11:12:30",267700
75.8,-0.5,100,"sd","11:12:11",267600
75.8,-0.5,200,"sd","11:12:05",267500
75.8,-0.5,100,"sd","11:11:53",267300
75.8,-0.5,100,"sd","11:11:34",267200
75.8,-0.5,200,"sd","11:11:25",267100
75.8,-0.5,100,"sd","11:11:16",266900
75.8,-0.5,100,"sd","11:10:57",266800
75.8,-0.5,100,"sd","11:10:38",266700
75.8,-0.5,200,"sd","11:10:35",266600
75.8,-0.5,100,"sd","11:10:19",266400
75.8,-0.5,100,"sd","11:10:01",266300
75.8,-0.5,200,"sd","11:09:49",266200
75.8,-0.5,100,"sd","11:09:42",266000
75.8,-0.5,100,"sd","11:09:24",265900
75.8,-0.5,100,"sd","11:09:05",265800
75.8,-0.5,200,"sd","11:09:04",265700
75.8,-0.5,100,"sd","11:08:46",265500
75.9,-0.4,200,"bu","11:08:40",265400
75.8,-0.5,100,"sd","11:08:27",265200
75.9,-0.4,300,"bu","11:08:18",265100
75.8,-0.5,100,"sd","11:08:18",264800
75.8,-0.5,100,"sd","11:08:09",264700
75.8,-0.5,100,"sd","11:07:50",264600
75.8,-0.5,200,"sd","11:07:36",264500
75.8,-0.5,100,"sd","11:07:31",264300
75.8,-0.5,100,"sd","11:07:13",264200
75.8,-0.5,100,"sd","11:06:54",264100
75.8,-0.5,200,"sd","11:06:53",264000
75.8,-0.5,700,"sd","11:06:50",263800
75.8,-0.5,100,"sd","11:06:36",263100
75.8,-0.5,100,"sd","11:06:17",263000
75.8,-0.5,2600,"sd","11:06:15",262900
75.9,-0.4,100,"bu","11:06:14",259900
75.8,-0.5,200,"sd","11:06:11",259800
75.8,-0.5,100,"sd","11:05:58",259600
75.9,-0.4,100,"bu","11:05:56",259500
75.8,-0.5,100,"sd","11:05:40",259400
75.8,-0.5,200,"sd","11:05:27",259300
75.8,-0.5,100,"sd","11:05:21",259100
75.8,-0.5,100,"sd","11:05:03",259000
75.8,-0.5,200,"sd","11:04:45",258900
75.8,-0.5,100,"sd","11:04:44",258700
75.8,-0.5,100,"sd","11:04:25",258600
75.9,-0.4,1000,"bu","11:04:10",258500
75.8,-0.5,100,"sd","11:04:07",257500
75.8,-0.5,200,"sd","11:03:59",257400
75.8,-0.5,100,"sd","11:03:48",257200
75.8,-0.5,100,"sd","11:03:29",257100
75.9,-0.4,1000,"bu","11:03:19",257000
75.8,-0.5,200,"sd","11:03:15",256000
75.8,-0.5,100,"sd","11:03:11",255800
75.9,-0.4,100,"bu","11:02:59",255700
75.8,-0.5,100,"sd","11:02:52",255600
75.8,-0.5,100,"sd","11:02:34",255500
75.9,-0.4,1200,"sd","11:02:26",255400
75.9,-0.4,1200,"sd","11:02:25",254200
75.9,-0.4,200,"sd","11:02:24",253000
75.9,-0.4,100,"sd","11:02:15",252800
75.9,-0.4,100,"sd","11:01:57",252700
75.9,-0.4,200,"sd","11:01:42",252600
75.9,-0.4,100,"sd","11:01:38",252400
75.9,-0.4,1500,"sd","11:01:33",252300
75.9,-0.4,100,"sd","11:01:27",250800
75.9,-0.4,100,"sd","11:01:20",250700
75.9,-0.4,100,"sd","11:01:01",250600
75.9,-0.4,100,"sd","11:00:57",250500
76,-0.3,5000,"bu","11:00:53",250400
75.9,-0.4,100,"sd","11:00:42",245400
75.9,-0.4,100,"sd","11:00:24",245300
75.9,-0.4,200,"sd","11:00:15",245200
75.9,-0.4,100,"sd","11:00:05",245000
75.9,-0.4,100,"sd","10:59:47",244900
75.9,-0.4,200,"sd","10:59:31",244800
75.9,-0.4,100,"sd","10:59:28",244600
75.9,-0.4,100,"sd","10:59:09",244500
75.9,-0.4,100,"sd","10:58:51",244400
75.9,-0.4,200,"sd","10:58:50",244300
75.9,-0.4,6600,"bu","10:58:49",244100
75.8,-0.5,100,"sd","10:58:32",237500
75.9,-0.4,100,"bu","10:58:21",237400
75.8,-0.5,100,"sd","10:58:14",237300
75.8,-0.5,200,"sd","10:58:09",237200
75.8,-0.5,100,"sd","10:57:55",237000
75.8,-0.5,100,"sd","10:57:37",236900
75.8,-0.5,200,"sd","10:57:23",236800
75.8,-0.5,100,"sd","10:57:18",236600
75.8,-0.5,100,"sd","10:57:00",236500
75.8,-0.5,100,"sd","10:56:41",236400
75.8,-0.5,200,"sd","10:56:39",236300
75.8,-0.5,100,"sd","10:56:22",236100
75.8,-0.5,100,"sd","10:56:04",236000
75.8,-0.5,100,"sd","10:55:57",235900
75.8,-0.5,100,"sd","10:55:46",235800
75.8,-0.5,1000,"sd","10:55:39",235700
75.8,-0.5,100,"sd","10:55:27",234700
75.8,-0.5,200,"sd","10:55:16",234600
75.8,-0.5,100,"sd","10:55:09",234400
75.8,-0.5,100,"sd","10:54:50",234300
75.8,-0.5,200,"sd","10:54:32",234200
75.8,-0.5,100,"sd","10:54:31",234000
75.8,-0.5,100,"sd","10:54:13",233900
75.8,-0.5,100,"sd","10:53:54",233800
75.8,-0.5,200,"sd","10:53:50",233700
75.8,-0.5,100,"sd","10:53:36",233500
75.8,-0.5,100,"sd","10:53:17",233400
75.8,-0.5,200,"sd","10:53:08",233300
75.8,-0.5,100,"sd","10:52:59",233100
75.9,-0.4,200,"bu","10:52:48",233000
75.8,-0.5,100,"sd","10:52:40",232800
75.9,-0.4,200,"bu","10:52:22",232700
75.8,-0.5,200,"sd","10:52:17",232400
75.8,-0.5,100,"sd","10:52:03",232200
75.8,-0.5,100,"sd","10:51:45",232100
75.8,-0.5,200,"sd","10:51:36",232000
75.8,-0.5,100,"sd","10:51:26",231800
75.8,-0.5,100,"sd","10:51:08",231700
75.8,-0.5,100,"sd","10:50:54",231600
75.9,-0.4,1000,"bu","10:50:50",231500
75.8,-0.5,100,"sd","10:50:49",230500
75.8,-0.5,100,"sd","10:50:31",230400
75.9,-0.4,100,"bu","10:50:19",230300
75.8,-0.5,100,"sd","10:50:13",230200
75.8,-0.5,200,"sd","10:50:12",230100
75.8,-0.5,100,"sd","10:49:54",229900
75.8,-0.5,100,"sd","10:49:36",229800
75.8,-0.5,200,"sd","10:49:31",229700
75.8,-0.5,100,"sd","10:49:17",229500
75.8,-0.5,100,"sd","10:48:59",229400
75.8,-0.5,1000,"sd","10:48:58",229300
75.8,-0.5,200,"sd","10:48:46",228300
75.8,-0.5,100,"sd","10:48:40",228100
75.9,-0.4,1400,"bu","10:48:28",228000
75.8,-0.5,100,"sd","10:48:22",226600
75.8,-0.5,100,"sd","10:48:03",226500
75.8,-0.5,200,"sd","10:48:00",226400
75.8,-0.5,1000,"sd","10:47:57",226200
75.8,-0.5,100,"sd","10:47:45",225200
75.8,-0.5,100,"sd","10:47:26",225100
75.8,-0.5,200,"sd","10:47:18",225000
75.9,-0.4,500,"sd","10:47:15",224800
75.9,-0.4,100,"sd","10:47:08",224300
75.9,-0.4,100,"sd","10:46:49",224200
75.9,-0.4,200,"sd","10:46:36",224100
75.9,-0.4,100,"sd","10:46:31",223900
75.9,-0.4,100,"sd","10:46:13",223800
75.9,-0.4,100,"sd","10:45:54",223700
75.9,-0.4,100,"sd","10:45:53",223600
75.9,-0.4,100,"sd","10:45:39",223500
75.9,-0.4,100,"sd","10:45:36",223400
75.9,-0.4,100,"sd","10:45:17",223300
75.9,-0.4,200,"sd","10:45:11",223200
75.9,-0.4,100,"sd","10:44:59",223000
75.9,-0.4,300,"bu","10:44:56",222900
75.9,-0.4,300,"bu","10:44:54",222600
75.8,-0.5,700,"sd","10:44:46",222300
75.8,-0.5,100,"sd","10:44:41",221600
75.8,-0.5,100,"sd","10:44:22",221500
75.8,-0.5,100,"sd","10:44:03",221400
75.8,-0.5,200,"sd","10:43:47",221300
75.9,-0.4,900,"sd","10:43:46",221100
75.9,-0.4,100,"sd","10:43:45",220200
75.9,-0.4,100,"sd","10:43:27",220100
75.9,-0.4,100,"sd","10:43:09",220000
75.9,-0.4,200,"sd","10:43:05",219900
75.9,-0.4,100,"sd","10:42:50",219700
75.9,-0.4,100,"sd","10:42:31",219600
75.9,-0.4,100,"sd","10:42:23",219500
75.9,-0.4,100,"sd","10:42:13",219400
75.9,-0.4,100,"sd","10:41:55",219300
75.9,-0.4,200,"sd","10:41:41",219200
75.9,-0.4,100,"sd","10:41:37",219000
75.9,-0.4,100,"sd","10:41:18",218900
75.9,-0.4,100,"sd","10:41:00",218800
75.9,-0.4,200,"sd","10:40:59",218700
75.9,-0.4,100,"sd","10:40:41",218500
75.9,-0.4,100,"sd","10:40:23",218400
75.9,-0.4,200,"sd","10:40:14",218300
75.9,-0.4,100,"sd","10:40:05",218100
75.9,-0.4,100,"sd","10:39:47",218000
75.9,-0.4,200,"sd","10:39:32",217900
75.9,-0.4,100,"sd","10:39:28",217700
75.9,-0.4,100,"sd","10:39:09",217600
75.9,-0.4,100,"sd","10:38:52",217500
75.9,-0.4,200,"sd","10:38:51",217400
75.9,-0.4,100,"sd","10:38:33",217200
75.9,-0.4,100,"sd","10:38:14",217100
75.9,-0.4,100,"sd","10:38:07",217000
75.9,-0.4,300,"bu","10:38:01",216900
75.8,-0.5,100,"sd","10:37:56",216600
75.9,-0.4,200,"sd","10:37:53",216500
75.9,-0.4,100,"sd","10:37:38",216300
75.9,-0.4,200,"sd","10:37:25",216200
75.9,-0.4,100,"sd","10:37:19",216000
75.9,-0.4,100,"sd","10:37:01",215900
75.9,-0.4,100,"sd","10:36:43",215800
75.9,-0.4,200,"sd","10:36:42",215700
75.9,-0.4,100,"sd","10:36:24",215500
75.9,-0.4,600,"sd","10:36:14",215400
75.9,-0.4,100,"sd","10:36:06",214800
75.9,-0.4,200,"sd","10:35:59",214700
75.9,-0.4,1500,"sd","10:35:55",214500
75.9,-0.4,100,"sd","10:35:47",213000
75.9,-0.4,100,"sd","10:35:29",212900
76,-0.3,1600,"bu","10:35:18",212800
75.9,-0.4,200,"sd","10:35:18",211200
75.9,-0.4,100,"sd","10:35:11",211000
75.9,-0.4,500,"sd","10:35:09",210900
75.9,-0.4,100,"sd","10:34:52",210400
75.9,-0.4,200,"sd","10:34:35",210300
75.9,-0.4,100,"sd","10:34:34",210100
75.9,-0.4,100,"sd","10:34:16",210000
75.9,-0.4,100,"sd","10:33:57",209900
75.9,-0.4,100,"sd","10:33:53",209800
75.9,-0.4,100,"sd","10:33:39",209700
75.9,-0.4,100,"sd","10:33:21",209600
75.9,-0.4,200,"sd","10:33:11",209500
75.9,-0.4,100,"sd","10:33:03",209300
75.9,-0.4,100,"sd","10:32:45",209200
75.9,-0.4,200,"sd","10:32:30",209100
75.9,-0.4,100,"sd","10:32:26",208900
75.9,-0.4,100,"sd","10:32:08",208800
75.9,-0.4,100,"sd","10:31:50",208700
75.9,-0.4,200,"sd","10:31:48",208600
75.9,-0.4,1000,"sd","10:31:38",208400
75.9,-0.4,100,"sd","10:31:31",207400
75.9,-0.4,100,"sd","10:31:14",207300
75.9,-0.4,100,"sd","10:31:13",207200
75.9,-0.4,200,"sd","10:31:07",207100
75.9,-0.4,100,"sd","10:30:55",206900
75.9,-0.4,600,"sd","10:30:43",206800
75.9,-0.4,100,"sd","10:30:36",206200
75.9,-0.4,100,"sd","10:30:25",206100
75.9,-0.4,100,"sd","10:30:18",206000
75.9,-0.4,100,"sd","10:30:00",205900
75.9,-0.4,200,"sd","10:29:43",205800
75.9,-0.4,100,"sd","10:29:41",205600
76,-0.3,100,"bu","10:29:35",205500
75.9,-0.4,100,"sd","10:29:23",205400
75.9,-0.4,100,"sd","10:29:05",205300
76,-0.3,200,"bu","10:29:02",205200
75.9,-0.4,200,"sd","10:29:02",205000
76,-0.3,100,"bu","10:28:47",204800
75.9,-0.4,100,"sd","10:28:47",204700
76,-0.3,200,"bu","10:28:38",204600
75.9,-0.4,100,"sd","10:28:28",204400
75.9,-0.4,200,"sd","10:28:20",204300
75.9,-0.4,100,"sd","10:28:10",204100
76,-0.3,100,"bu","10:27:59",204000
75.9,-0.4,100,"sd","10:27:52",203900
75.9,-0.4,200,"sd","10:27:36",203800
75.9,-0.4,100,"sd","10:27:33",203600
75.9,-0.4,600,"sd","10:27:29",203500
75.9,-0.4,600,"sd","10:27:20",202900
75.9,-0.4,100,"sd","10:27:15",202300
75.9,-0.4,100,"sd","10:26:57",202200
75.9,-0.4,100,"sd","10:26:55",202100
75.9,-0.4,100,"sd","10:26:39",202000
75.9,-0.4,100,"sd","10:26:20",201900
75.8,-0.5,200,"sd","10:26:13",201800
75.8,-0.5,600,"sd","10:26:12",201600
75.8,-0.5,100,"sd","10:26:02",201000
75.8,-0.5,100,"sd","10:25:44",200900
75.8,-0.5,300,"sd","10:25:42",200800
76,-0.3,100,"bu","10:25:30",200500
75.8,-0.5,200,"sd","10:25:29",200400
75.8,-0.5,100,"sd","10:25:26",200200
76,-0.3,100,"bu","10:25:22",200100
75.8,-0.5,300,"sd","10:25:21",200000
75.8,-0.5,100,"sd","10:25:07",199700
75.8,-0.5,300,"sd","10:24:56",199600
75.8,-0.5,100,"sd","10:24:49",199300
75.8,-0.5,200,"sd","10:24:46",199200
75.8,-0.5,100,"sd","10:24:31",199000
75.8,-0.5,700,"sd","10:24:27",198900
75.8,-0.5,100,"sd","10:24:13",198200
75.8,-0.5,200,"sd","10:24:05",198100
75.8,-0.5,400,"sd","10:23:55",197900
75.8,-0.5,100,"sd","10:23:36",197500
75.8,-0.5,200,"sd","10:23:22",197400
75.8,-0.5,100,"sd","10:23:18",197200
75.8,-0.5,600,"sd","10:23:04",197100
75.8,-0.5,300,"sd","10:23:01",196500
75.9,-0.4,100,"sd","10:23:00",196200
75.9,-0.4,100,"sd","10:22:41",196100
75.9,-0.4,100,"sd","10:22:40",196000
75.9,-0.4,100,"sd","10:22:23",195900
75.9,-0.4,100,"sd","10:22:05",195800
75.9,-0.4,200,"sd","10:21:55",195700
75.9,-0.4,100,"sd","10:21:47",195500
75.9,-0.4,7200,"bu","10:21:42",195400
75.8,-0.5,100,"sd","10:21:29",188200
75.8,-0.5,200,"sd","10:21:13",188100
75.8,-0.5,100,"sd","10:21:10",187900
75.8,-0.5,100,"sd","10:20:52",187800
75.9,-0.4,100,"bu","10:20:38",187700
75.8,-0.5,100,"sd","10:20:34",187600
75.8,-0.5,200,"sd","10:20:31",187500
75.8,-0.5,100,"sd","10:20:16",187300
75.8,-0.5,100,"sd","10:19:58",187200
75.8,-0.5,200,"sd","10:19:47",187100
75.8,-0.5,100,"sd","10:19:39",186900
75.8,-0.5,100,"sd","10:19:21",186800
75.8,-0.5,200,"sd","10:19:06",186700
75.8,-0.5,100,"sd","10:19:03",186500
75.8,-0.5,100,"sd","10:18:45",186400
75.8,-0.5,100,"sd","10:18:27",186300
75.8,-0.5,200,"sd","10:18:21",186200
75.8,-0.5,100,"sd","10:18:08",186000
75.8,-0.5,100,"sd","10:17:50",185900
75.8,-0.5,100,"sd","10:17:39",185800
75.8,-0.5,100,"sd","10:17:32",185700
75.8,-0.5,100,"sd","10:17:14",185600
75.8,-0.5,100,"sd","10:17:03",185500
75.8,-0.5,100,"sd","10:16:56",185400
75.8,-0.5,200,"sd","10:16:55",185300
75.8,-0.5,100,"sd","10:16:38",185100
75.8,-0.5,100,"sd","10:16:19",185000
75.8,-0.5,200,"sd","10:16:13",184900
75.8,-0.5,100,"sd","10:16:01",184700
75.8,-0.5,100,"sd","10:15:43",184600
75.8,-0.5,200,"sd","10:15:32",184500
75.8,-0.5,100,"sd","10:15:25",184300
75.8,-0.5,100,"sd","10:15:06",184200
75.8,-0.5,500,"sd","10:15:00",184100
75.8,-0.5,500,"sd","10:14:59",183600
75.8,-0.5,100,"sd","10:14:48",183100
75.8,-0.5,200,"sd","10:14:47",183000
75.8,-0.5,600,"sd","10:14:35",182800
75.8,-0.5,100,"sd","10:14:30",182200
75.8,-0.5,100,"sd","10:14:12",182100
75.8,-0.5,200,"sd","10:14:05",182000
75.8,-0.5,100,"sd","10:13:54",181800
75.9,-0.4,100,"bu","10:13:42",181700
75.8,-0.5,100,"sd","10:13:36",181600
75.8,-0.5,100,"sd","10:13:24",181500
75.8,-0.5,100,"sd","10:13:17",181400
75.8,-0.5,100,"sd","10:12:59",181300
75.9,-0.4,500,"bu","10:12:49",181200
75.8,-0.5,200,"sd","10:12:41",180700
75.8,-0.5,100,"sd","10:12:41",180500
75.8,-0.5,100,"sd","10:12:23",180400
75.9,-0.4,200,"bu","10:12:14",180300
75.8,-0.5,100,"sd","10:12:05",180100
75.8,-0.5,100,"sd","10:11:47",180000
75.9,-0.4,2000,"bu","10:11:41",179900
75.8,-0.5,100,"sd","10:11:29",177900
75.8,-0.5,200,"sd","10:11:13",177800
75.8,-0.5,100,"sd","10:11:10",177600
75.8,-0.5,600,"sd","10:10:55",177500
75.8,-0.5,100,"sd","10:10:53",176900
75.8,-0.5,100,"sd","10:10:34",176800
75.8,-0.5,200,"sd","10:10:31",176700
75.8,-0.5,600,"sd","10:10:29",176500
75.8,-0.5,600,"sd","10:10:20",175900
75.8,-0.5,100,"sd","10:10:16",175300
75.8,-0.5,100,"sd","10:09:58",175200
75.9,-0.4,1000,"bu","10:09:54",175100
75.9,-0.4,600,"bu","10:09:52",174100
75.8,-0.5,200,"sd","10:09:48",173500
75.8,-0.5,100,"sd","10:09:40",173300
75.9,-0.4,100,"bu","10:09:26",173200
75.8,-0.5,100,"sd","10:09:22",173100
75.8,-0.5,100,"sd","10:09:07",173000
75.8,-0.5,100,"sd","10:09:04",172900
75.8,-0.5,600,"sd","10:09:02",172800
75.8,-0.5,100,"sd","10:08:46",172200
75.9,-0.4,700,"bu","10:08:34",172100
75.8,-0.5,200,"sd","10:08:28",171400
75.8,-0.5,200,"sd","10:08:25",171200
75.8,-0.5,100,"sd","10:08:10",171000
75.8,-0.5,100,"sd","10:07:51",170900
75.8,-0.5,200,"sd","10:07:43",170800
75.8,-0.5,100,"sd","10:07:33",170600
75.8,-0.5,100,"sd","10:07:15",170500
75.8,-0.5,600,"sd","10:07:12",170400
75.8,-0.5,200,"sd","10:07:01",169800
75.8,-0.5,100,"sd","10:06:57",169600
75.9,-0.4,100,"bu","10:06:51",169500
75.8,-0.5,100,"sd","10:06:39",169400
75.8,-0.5,100,"sd","10:06:21",169300
75.8,-0.5,200,"sd","10:06:19",169200
75.8,-0.5,100,"sd","10:06:03",169000
75.8,-0.5,100,"sd","10:05:45",168900
75.8,-0.5,200,"sd","10:05:33",168800
75.8,-0.5,100,"sd","10:05:27",168600
75.8,-0.5,100,"sd","10:05:08",168500
75.8,-0.5,100,"sd","10:04:50",168400
75.8,-0.5,200,"sd","10:04:41",168300
75.8,-0.5,100,"sd","10:04:32",168100
75.8,-0.5,100,"sd","10:04:14",168000
75.8,-0.5,300,"sd","10:04:05",167900
75.8,-0.5,100,"sd","10:03:56",167600
75.8,-0.5,100,"sd","10:03:38",167500
75.9,-0.4,1000,"bu","10:03:27",167400
75.8,-0.5,100,"sd","10:03:20",166400
75.8,-0.5,200,"sd","10:03:13",166300
75.8,-0.5,100,"sd","10:03:02",166100
75.8,-0.5,100,"sd","10:02:44",166000
75.8,-0.5,100,"sd","10:02:28",165900
75.8,-0.5,200,"sd","10:02:27",165800
75.8,-0.5,100,"sd","10:02:26",165600
75.8,-0.5,100,"sd","10:02:08",165500
75.8,-0.5,100,"sd","10:01:50",165400
75.8,-0.5,100,"sd","10:01:46",165300
75.8,-0.5,100,"sd","10:01:32",165200
75.8,-0.5,100,"sd","10:01:13",165100
75.8,-0.5,200,"sd","10:01:04",165000
75.8,-0.5,100,"sd","10:00:55",164800
75.8,-0.5,200,"sd","10:00:40",164700
75.8,-0.5,100,"sd","10:00:37",164500
75.8,-0.5,700,"sd","10:00:31",164400
75.8,-0.5,200,"sd","10:00:21",163700
75.8,-0.5,100,"sd","10:00:19",163500
75.8,-0.5,600,"sd","10:00:06",163400
75.8,-0.5,100,"sd","10:00:01",162800
75.8,-0.5,300,"sd","10:00:00",162700
75.8,-0.5,600,"sd","09:59:57",162400
75.8,-0.5,100,"sd","09:59:43",161800
75.8,-0.5,300,"sd","09:59:39",161700
75.9,-0.4,2600,"sd","09:59:29",161400
75.9,-0.4,600,"sd","09:59:27",158800
75.9,-0.4,100,"sd","09:59:25",158200
75.9,-0.4,300,"sd","09:59:22",158100
75.9,-0.4,100,"sd","09:59:07",157800
75.9,-0.4,200,"sd","09:58:54",157700
75.9,-0.4,100,"sd","09:58:49",157500
75.9,-0.4,100,"sd","09:58:31",157400
75.9,-0.4,100,"sd","09:58:13",157300
75.9,-0.4,200,"sd","09:58:12",157200
75.9,-0.4,100,"sd","09:57:55",157000
75.9,-0.4,100,"sd","09:57:37",156900
75.9,-0.4,100,"sd","09:57:30",156800
75.9,-0.4,100,"sd","09:57:19",156700
75.9,-0.4,100,"sd","09:57:01",156600
75.9,-0.4,200,"sd","09:56:49",156500
75.9,-0.4,100,"sd","09:56:43",156300
76,-0.3,2500,"bu","09:56:32",156200
75.9,-0.4,100,"sd","09:56:25",153700
75.9,-0.4,600,"sd","09:56:14",153600
75.9,-0.4,200,"sd","09:56:08",153000
75.9,-0.4,100,"sd","09:56:07",152800
75.9,-0.4,600,"sd","09:56:05",152700
75.9,-0.4,100,"sd","09:55:55",152100
75.9,-0.4,100,"sd","09:55:49",152000
75.9,-0.4,100,"sd","09:55:31",151900
75.9,-0.4,200,"sd","09:55:19",151800
75.9,-0.4,100,"sd","09:55:13",151600
75.9,-0.4,100,"sd","09:54:55",151500
75.9,-0.4,300,"sd","09:54:37",151400
75.9,-0.4,600,"sd","09:54:35",151100
75.9,-0.4,100,"sd","09:54:18",150500
75.9,-0.4,200,"sd","09:54:12",150400
75.9,-0.4,200,"bu","09:54:04",150200
75.8,-0.5,100,"sd","09:54:01",150000
75.8,-0.5,500,"sd","09:53:53",149900
75.8,-0.5,600,"sd","09:53:50",149400
75.8,-0.5,100,"sd","09:53:43",148800
75.8,-0.5,600,"sd","09:53:42",148700
75.8,-0.5,300,"sd","09:53:30",148100
75.9,-0.4,300,"sd","09:53:30",147800
75.9,-0.4,100,"sd","09:53:25",147500
75.9,-0.4,100,"sd","09:53:13",147400
75.9,-0.4,100,"sd","09:53:07",147300
75.9,-0.4,100,"sd","09:52:49",147200
75.9,-0.4,300,"bu","09:52:48",147100
75.9,-0.4,200,"bu","09:52:46",146800
75.9,-0.4,400,"bu","09:52:43",146600
75.9,-0.4,200,"bu","09:52:38",146200
75.8,-0.5,200,"sd","09:52:32",146000
75.8,-0.5,100,"sd","09:52:31",145800
75.8,-0.5,100,"sd","09:52:13",145700
75.9,-0.4,100,"bu","09:52:01",145600
75.8,-0.5,100,"sd","09:51:55",145500
75.8,-0.5,200,"sd","09:51:50",145400
75.8,-0.5,100,"sd","09:51:37",145200
75.8,-0.5,100,"sd","09:51:19",145100
75.8,-0.5,100,"sd","09:51:06",145000
75.8,-0.5,100,"sd","09:51:05",144900
75.8,-0.5,100,"sd","09:51:01",144800
75.8,-0.5,100,"sd","09:50:43",144700
75.8,-0.5,100,"sd","09:50:25",144600
75.8,-0.5,100,"sd","09:50:25",144500
75.8,-0.5,200,"sd","09:50:23",144400
75.8,-0.5,100,"sd","09:50:07",144200
75.8,-0.5,1800,"sd","09:49:53",144100
75.8,-0.5,100,"sd","09:49:49",142200
75.8,-0.5,200,"sd","09:49:41",142100
75.8,-0.5,100,"sd","09:49:31",141900
76,-0.3,100,"bu","09:49:23",141800
75.8,-0.5,100,"sd","09:49:13",141700
75.8,-0.5,100,"sd","09:48:59",141600
75.9,-0.4,100,"sd","09:48:59",141500
75.8,-0.5,100,"sd","09:48:55",141400
75.8,-0.5,100,"sd","09:48:37",141300
75.8,-0.5,1000,"sd","09:48:35",141200
75.8,-0.5,100,"sd","09:48:27",140200
75.8,-0.5,100,"sd","09:48:21",140100
75.8,-0.5,100,"sd","09:48:19",140000
75.7,-0.6,600,"sd","09:48:09",139900
75.8,-0.5,300,"bu","09:48:06",139300
75.7,-0.6,100,"sd","09:48:01",139000
75.7,-0.6,100,"sd","09:47:43",138900
75.6,-0.7,100,"sd","09:47:25",138800
75.7,-0.6,100,"bu","09:47:22",138700
75.7,-0.6,1100,"bu","09:47:16",138600
75.7,-0.6,300,"sd","09:47:15",137500
75.7,-0.6,3000,"sd","09:47:14",137200
75.7,-0.6,7500,"sd","09:47:10",134200
75.7,-0.6,100,"sd","09:47:07",126700
75.8,-0.5,100,"bu","09:47:03",126600
75.8,-0.5,300,"bu","09:46:50",126500
75.8,-0.5,1100,"bu","09:46:34",126100
75.7,-0.6,100,"sd","09:46:31",125000
75.8,-0.5,100,"bu","09:46:25",124900
75.8,-0.5,500,"bu","09:46:20",124800
75.7,-0.6,100,"sd","09:46:13",124300
75.8,-0.5,100,"bu","09:45:58",124200
75.7,-0.6,100,"sd","09:45:55",124100
75.8,-0.5,1700,"sd","09:45:48",124000
75.8,-0.5,1000,"sd","09:45:43",122300
75.9,-0.4,800,"bu","09:45:40",121300
75.8,-0.5,100,"sd","09:45:37",120500
75.8,-0.5,100,"sd","09:45:19",120400
75.8,-0.5,100,"sd","09:45:01",120300
75.8,-0.5,500,"sd","09:44:49",120200
75.8,-0.5,200,"sd","09:44:47",119700
75.8,-0.5,100,"sd","09:44:44",119500
75.8,-0.5,100,"sd","09:44:25",119400
75.8,-0.5,1000,"sd","09:44:23",119300
75.8,-0.5,100,"sd","09:44:08",118300
75.8,-0.5,100,"sd","09:43:50",118200
75.8,-0.5,10500,"sd","09:43:43",118100
75.8,-0.5,100,"sd","09:43:32",107600
75.8,-0.5,100,"sd","09:43:14",107500
75.9,-0.4,400,"sd","09:43:03",107400
75.9,-0.4,600,"bu","09:42:56",107000
75.8,-0.5,100,"sd","09:42:56",106400
75.8,-0.5,1800,"sd","09:42:45",106300
75.8,-0.5,100,"sd","09:42:38",104500
75.8,-0.5,1000,"sd","09:42:28",104400
75.8,-0.5,100,"sd","09:42:20",103400
75.8,-0.5,100,"sd","09:42:02",103300
75.9,-0.4,900,"sd","09:42:01",103200
75.9,-0.4,100,"bu","09:41:51",102300
75.9,-0.4,1000,"bu","09:41:50",102200
75.8,-0.5,100,"sd","09:41:45",101200
75.9,-0.4,800,"sd","09:41:43",101100
75.9,-0.4,100,"sd","09:41:26",100300
75.9,-0.4,100,"sd","09:41:09",100200
75.9,-0.4,2000,"sd","09:41:04",100100
75.9,-0.4,700,"sd","09:40:52",98100
75.9,-0.4,100,"sd","09:40:51",97400
75.9,-0.4,1500,"sd","09:40:41",97300
75.9,-0.4,200,"sd","09:40:34",95800
75.9,-0.4,100,"sd","09:40:33",95600
75.9,-0.4,1500,"sd","09:40:31",95500
75.9,-0.4,500,"sd","09:40:22",94000
75.9,-0.4,2000,"sd","09:40:20",93500
75.9,-0.4,100,"sd","09:40:14",91500
75.9,-0.4,1400,"sd","09:40:14",91400
75.9,-0.4,100,"sd","09:40:04",90000
75.9,-0.4,10000,"sd","09:40:01",89900
75.9,-0.4,5000,"sd","09:40:01",79900
75.9,-0.4,100,"sd","09:39:57",74900
75.9,-0.4,100,"sd","09:39:39",74800
75.9,-0.4,100,"sd","09:39:21",74700
75.9,-0.4,1500,"sd","09:39:15",74600
75.9,-0.4,100,"sd","09:39:03",73100
75.9,-0.4,100,"sd","09:38:55",73000
75.9,-0.4,100,"sd","09:38:45",72900
75.9,-0.4,600,"sd","09:38:45",72800
75.9,-0.4,100,"sd","09:38:27",72200
75.9,-0.4,100,"sd","09:38:09",72100
75.9,-0.4,100,"sd","09:37:52",72000
76,-0.3,8700,"sd","09:37:34",71900
76,-0.3,4700,"sd","09:37:28",63200
76,-0.3,100,"sd","09:37:16",58500
76.2,-0.1,1500,"bu","09:37:14",58400
76,-0.3,5000,"sd","09:37:14",56900
76,-0.3,300,"sd","09:37:05",51900
76,-0.3,100,"sd","09:36:58",51600
76,-0.3,600,"sd","09:36:41",51500
76,-0.3,100,"sd","09:36:40",50900
76,-0.3,600,"sd","09:36:33",50800
76,-0.3,100,"sd","09:36:22",50200
76,-0.3,300,"sd","09:36:16",50100
76,-0.3,100,"sd","09:36:04",49800
76,-0.3,100,"sd","09:35:47",49700
76,-0.3,100,"sd","09:35:29",49600
76,-0.3,100,"sd","09:35:11",49500
76.2,-0.1,900,"bu","09:35:09",49400
76,-0.3,3000,"sd","09:35:06",48500
76,-0.3,100,"sd","09:34:53",45500
76,-0.3,100,"sd","09:34:35",45400
76,-0.3,600,"sd","09:34:27",45300
76,-0.3,200,"sd","09:34:19",44700
76,-0.3,100,"sd","09:34:17",44500
76,-0.3,100,"sd","09:33:59",44400
76,-0.3,100,"sd","09:33:41",44300
76,-0.3,100,"sd","09:33:23",44200
76,-0.3,100,"sd","09:33:22",44100
76,-0.3,100,"sd","09:33:06",44000
76,-0.3,100,"sd","09:32:48",43900
76.2,-0.1,1100,"bu","09:32:35",43800
76.1,-0.2,900,"bu","09:32:35",42700
76,-0.3,100,"sd","09:32:32",41800
76,-0.3,100,"sd","09:32:30",41700
76,-0.3,100,"sd","09:32:12",41600
76,-0.3,100,"sd","09:31:54",41500
76,-0.3,100,"sd","09:31:36",41400
76,-0.3,600,"sd","09:31:32",41300
76,-0.3,100,"sd","09:31:18",40700
76,-0.3,100,"sd","09:31:01",40600
76,-0.3,100,"sd","09:30:43",40500
76.1,-0.2,500,"bu","09:30:42",40400
76,-0.3,100,"sd","09:30:25",39900
76,-0.3,100,"sd","09:30:07",39800
76,-0.3,100,"sd","09:29:49",39700
76,-0.3,100,"sd","09:29:31",39600
76,-0.3,100,"sd","09:29:14",39500
76,-0.3,100,"sd","09:28:56",39400
76.1,-0.2,100,"bu","09:28:53",39300
76.1,-0.2,100,"bu","09:28:40",39200
76,-0.3,100,"sd","09:28:38",39100
76,-0.3,100,"sd","09:28:20",39000
76.1,-0.2,1000,"bu","09:28:17",38900
76,-0.3,600,"sd","09:28:13",37900
76,-0.3,100,"sd","09:28:02",37300
76,-0.3,100,"sd","09:27:44",37200
76,-0.3,100,"sd","09:27:27",37100
76,-0.3,100,"sd","09:27:09",37000
76,-0.3,100,"sd","09:26:51",36900
76.1,-0.2,200,"bu","09:26:46",36800
76,-0.3,100,"sd","09:26:33",36600
76.1,-0.2,300,"sd","09:26:28",36500
76.1,-0.2,100,"sd","09:26:15",36200
76.1,-0.2,100,"sd","09:26:06",36100
76.1,-0.2,100,"sd","09:25:58",36000
76.1,-0.2,100,"sd","09:25:40",35900
76.1,-0.2,100,"sd","09:25:22",35800
76.1,-0.2,200,"bu","09:25:16",35700
76,-0.3,100,"sd","09:25:04",35500
76.1,-0.2,100,"bu","09:24:56",35400
76,-0.3,100,"sd","09:24:46",35300
76,-0.3,100,"sd","09:24:29",35200
76,-0.3,100,"sd","09:24:11",35100
76.1,-0.2,500,"sd","09:24:10",35000
76.1,-0.2,100,"sd","09:23:53",34500
76.1,-0.2,100,"sd","09:23:35",34400
76.1,-0.2,100,"sd","09:23:17",34300
76.1,-0.2,100,"sd","09:23:00",34200
76.1,-0.2,100,"sd","09:22:42",34100
76,-0.3,100,"sd","09:22:24",34000
76,-0.3,3500,"sd","09:22:12",33900
76.1,-0.2,4000,"sd","09:22:12",30400
76.1,-0.2,100,"sd","09:22:06",26400
76.3,0,1000,"bu","09:21:57",26300
76.1,-0.2,100,"sd","09:21:49",25300
76.1,-0.2,100,"sd","09:21:31",25200
76.1,-0.2,100,"sd","09:21:13",25100
76.3,0,1000,"bu","09:21:13",25000
76.1,-0.2,100,"sd","09:20:55",24000
76.1,-0.2,100,"sd","09:20:37",23900
76.1,-0.2,100,"sd","09:20:20",23800
76.1,-0.2,100,"sd","09:20:02",23700
76.3,0,1000,"bu","09:19:56",23600
76.1,-0.2,600,"sd","09:19:45",22600
76.1,-0.2,100,"sd","09:19:44",22000
76.2,-0.1,200,"sd","09:19:39",21900
76.2,-0.1,600,"sd","09:19:31",21700
76.2,-0.1,100,"sd","09:19:26",21100
76.2,-0.1,100,"sd","09:19:08",21000
76.2,-0.1,100,"sd","09:18:51",20900
76.2,-0.1,700,"sd","09:18:42",20800
76.2,-0.1,100,"sd","09:18:33",20100
76.2,-0.1,100,"sd","09:18:15",20000
76.2,-0.1,100,"sd","09:17:58",19900
76.3,0,4900,"sd","09:17:46",19800
76.3,0,200,"sd","09:17:45",14900
76.3,0,100,"sd","09:17:40",14700
76.3,0,100,"sd","09:17:22",14600
76.3,0,100,"sd","09:17:04",14500
76.3,0,100,"sd","09:16:46",14400
76.3,0,100,"sd","09:16:29",14300
76.4,0.1,2000,"sd","09:16:23",14200
76.4,0.1,100,"sd","09:16:11",12200
76.4,0.1,3000,"sd","09:16:09",12100
76.4,0.1,100,"sd","09:15:53",9100
76.4,0.1,200,"sd","09:15:46",9000
76.4,0.1,100,"sd","09:15:36",8800
76.4,0.1,200,"sd","09:15:34",8700
76.4,0.1,100,"sd","09:15:28",8500
76.4,0.1,100,"sd","09:15:18",8400
76.4,0.1,500,"sd","09:15:14",8300
76.4,0.1,100,"sd","09:15:02",7800
76.4,0.1,7700,"","09:15:00",7700
