"price","change","match_qtty","side","time","total_vol"
19.35,0.05,376100,"","14:45:02",8523600
19.3,0,2400,"bu","14:29:51",8147500
19.3,0,2400,"bu","14:29:51",8145100
19.3,0,2400,"bu","14:29:50",8142700
19.3,0,9600,"bu","14:29:45",8140300
19.25,-0.05,400,"bu","14:29:45",8130700
19.25,-0.05,3400,"bu","14:29:41",8130300
19.2,-0.1,500,"sd","14:29:33",8126900
19.2,-0.1,100,"sd","14:29:11",8126400
19.2,-0.1,100,"sd","14:27:29",8126300
19.2,-0.1,100,"sd","14:26:27",8126200
19.2,-0.1,1500,"sd","14:26:25",8126100
19.2,-0.1,600,"bu","14:26:21",8124600
19.2,-0.1,100,"bu","14:26:20",8124000
19.2,-0.1,300,"sd","14:26:01",8123900
19.2,-0.1,100,"sd","14:25:50",8123600
19.2,-0.1,300,"sd","14:25:15",8123500
19.2,-0.1,300,"sd","14:24:30",8123200
19.2,-0.1,100,"sd","14:24:16",8122900
19.25,-0.05,100,"sd","14:24:16",8122800
19.25,-0.05,2000,"sd","14:24:15",8122700
19.25,-0.05,500,"sd","14:24:14",8120700
19.3,0,5500,"bu","14:24:13",8120200
19.25,-0.05,400,"sd","14:24:11",8114700
19.3,0,4600,"bu","14:24:10",8114300
19.25,-0.05,500,"sd","14:23:55",8109700
19.3,0,5500,"bu","14:23:55",8109200
19.25,-0.05,200,"sd","14:23:49",8103700
19.3,0,2600,"bu","14:23:48",8103500
19.25,-0.05,300,"sd","14:23:45",8100900
19.25,-0.05,500,"sd","14:23:35",8100600
19.3,0,5500,"bu","14:23:33",8100100
19.25,-0.05,700,"sd","14:23:31",8094600
19.3,0,7000,"bu","14:23:30",8093900
19.25,-0.05,700,"sd","14:23:15",8086900
19.3,0,7800,"bu","14:23:14",8086200
19.25,-0.05,300,"sd","14:23:09",8078400
19.3,0,3400,"bu","14:23:07",8078100
19.25,-0.05,700,"sd","14:23:02",8074700
19.3,0,7000,"bu","14:23:00",8074000
19.25,-0.05,300,"sd","14:22:59",8067000
19.25,-0.05,300,"sd","14:22:51",8066700
19.3,0,3400,"bu","14:22:50",8066400
19.25,-0.05,300,"sd","14:22:44",8063000
19.25,-0.05,100,"sd","14:22:43",8062700
19.3,0,3400,"bu","14:22:43",8062600
19.3,0,100,"bu","14:22:42",8059200
19.25,-0.05,1000,"sd","14:22:42",8059100
19.3,0,3400,"bu","14:22:42",8058100
19.3,0,7200,"bu","14:22:41",8054700
19.25,-0.05,500,"sd","14:22:37",8047500
19.25,-0.05,5800,"sd","14:22:36",8047000
19.25,-0.05,400,"sd","14:22:34",8041200
19.25,-0.05,700,"sd","14:22:29",8040800
19.3,0,7000,"bu","14:22:27",8040100
19.25,-0.05,100,"sd","14:22:26",8033100
19.25,-0.05,1000,"sd","14:22:25",8033000
19.25,-0.05,300,"sd","14:22:14",8032000
19.25,-0.05,600,"sd","14:22:03",8031700
19.25,-0.05,6800,"sd","14:22:02",8031100
19.3,0,100,"bu","14:22:00",8024300
19.25,-0.05,200,"sd","14:21:55",8024200
19.25,-0.05,100,"sd","14:21:52",8022000
19.25,-0.05,100,"sd","14:21:41",8021900
19.25,-0.05,1000,"sd","14:21:40",8021800
19.25,-0.05,300,"sd","14:21:29",8020800
19.3,0,100,"bu","14:21:19",8020500
19.25,-0.05,300,"sd","14:20:44",8020400
19.3,0,100,"bu","14:20:10",8020100
19.25,-0.05,100,"sd","14:20:01",8020000
19.25,-0.05,300,"sd","14:19:59",8019900
19.25,-0.05,300,"sd","14:19:14",8019600
19.25,-0.05,100,"sd","14:18:40",8019300
19.25,-0.05,300,"sd","14:18:28",8019200
19.25,-0.05,100,"sd","14:17:49",8018900
19.25,-0.05,1000,"sd","14:17:48",8018800
19.25,-0.05,300,"sd","14:17:43",8017800
19.25,-0.05,100,"sd","14:17:08",8017500
19.25,-0.05,300,"sd","14:16:58",8017400
19.25,-0.05,300,"sd","14:16:13",8017100
19.3,0,300,"bu","14:15:34",8016800
19.25,-0.05,300,"sd","14:15:28",8016500
19.25,-0.05,300,"sd","14:14:43",8016200
19.25,-0.05,100,"sd","14:14:40",8015900
19.35,0.05,900,"bu","14:14:39",8015800
19.3,0,100,"bu","14:14:39",8014900
19.3,0,300,"sd","14:13:58",8014800
19.3,0,100,"sd","14:13:53",8014500
19.3,0,1800,"sd","14:13:52",8014400
19.3,0,300,"sd","14:13:51",8012600
19.3,0,100,"sd","14:13:44",8012300
19.3,0,300,"sd","14:13:22",8012200
19.3,0,3500,"sd","14:13:21",8011900
19.3,0,300,"sd","14:13:12",8008400
19.3,0,100,"sd","14:13:04",8008100
19.3,0,100,"sd","14:12:53",8008000
19.3,0,1000,"sd","14:12:51",8007900
19.3,0,3000,"sd","14:12:50",8006900
19.25,-0.05,300,"sd","14:12:27",8003900
19.25,-0.05,100,"sd","14:12:23",8003600
19.25,-0.05,1700,"sd","14:12:21",8003500
19.25,-0.05,15200,"sd","14:12:20",8001800
19.3,0,2400,"sd","14:12:20",7986600
19.3,0,18100,"sd","14:12:19",7984200
19.3,0,319500,"bu","14:12:19",7966100
19.25,-0.05,100,"sd","14:11:53",7646600
19.25,-0.05,300,"sd","14:11:42",7646500
19.25,-0.05,300,"sd","14:10:57",7646200
19.25,-0.05,100,"sd","14:10:43",7645900
19.25,-0.05,100,"sd","14:10:37",7645800
19.25,-0.05,1000,"sd","14:10:36",7645700
19.25,-0.05,300,"sd","14:10:34",7644700
19.25,-0.05,300,"sd","14:10:12",7644400
19.25,-0.05,300,"sd","14:09:27",7644100
19.25,-0.05,100,"sd","14:09:06",7643800
19.25,-0.05,600,"sd","14:08:57",7643700
19.25,-0.05,6600,"sd","14:08:56",7643100
19.25,-0.05,66600,"bu","14:08:56",7636500
19.1,-0.2,300,"sd","14:08:42",7569900
19.1,-0.2,200,"sd","14:08:31",7569600
19.1,-0.2,2500,"sd","14:08:30",7569400
19.1,-0.2,200,"sd","14:08:30",7566900
19.15,-0.15,21800,"sd","14:08:30",7566700
19.2,-0.1,3000,"sd","14:08:30",7544900
19.25,-0.05,250000,"bu","14:08:29",7541900
19.2,-0.1,400,"bu","14:08:11",7291900
19.15,-0.15,300,"sd","14:07:56",7291500
19.15,-0.15,300,"sd","14:07:43",7291200
19.2,-0.1,1000,"bu","14:07:42",7290900
19.2,-0.1,2000,"bu","14:07:41",7289900
19.1,-0.2,100,"sd","14:07:17",7287900
19.1,-0.2,1000,"sd","14:07:16",7287800
19.2,-0.1,10200,"bu","14:07:16",7286800
19.1,-0.2,100,"sd","14:07:13",7276600
19.1,-0.2,1000,"sd","14:07:11",7276500
19.2,-0.1,6200,"bu","14:07:10",7275500
19.1,-0.2,600,"sd","14:06:58",7269300
19.2,-0.1,6400,"bu","14:06:57",7268700
19.1,-0.2,600,"sd","14:06:43",7262300
19.2,-0.1,6000,"bu","14:06:42",7261700
19.1,-0.2,300,"sd","14:06:26",7255700
19.15,-0.15,100,"sd","14:06:25",7255400
19.15,-0.15,1900,"bu","14:06:24",7255300
19.15,-0.15,100,"sd","14:06:14",7253400
19.15,-0.15,300,"sd","14:05:41",7253300
19.1,-0.2,300,"sd","14:04:56",7253000
19.1,-0.2,100,"sd","14:04:51",7252700
19.1,-0.2,300,"sd","14:04:11",7252600
19.1,-0.2,300,"sd","14:03:25",7252300
19.1,-0.2,300,"sd","14:02:40",7252000
19.15,-0.15,300,"sd","14:02:01",7251700
19.15,-0.15,300,"sd","14:01:55",7251400
19.25,-0.05,300,"bu","14:01:29",7251100
19.1,-0.2,300,"sd","14:01:10",7250800
19.1,-0.2,200,"sd","14:00:43",7250500
19.1,-0.2,2000,"sd","14:00:43",7250300
19.1,-0.2,20000,"sd","14:00:41",7248300
19.25,-0.05,200000,"bu","14:00:41",7228300
19.1,-0.2,300,"sd","14:00:25",7028300
19.1,-0.2,300,"sd","13:59:40",7028000
19.1,-0.2,300,"sd","13:58:55",7027700
19.1,-0.2,300,"sd","13:58:29",7027400
19.3,0,3000,"bu","13:58:28",7027100
19.25,-0.05,400,"bu","13:58:28",7024100
19.1,-0.2,300,"sd","13:58:09",7023700
19.1,-0.2,500,"sd","13:58:00",7023400
19.1,-0.2,5000,"sd","13:57:59",7022900
19.3,0,6800,"bu","13:57:59",7017900
19.25,-0.05,43200,"bu","13:57:59",7011100
19.1,-0.2,100,"sd","13:57:48",6967900
19.1,-0.2,11000,"sd","13:57:47",6967800
19.25,-0.05,100000,"bu","13:57:46",6956800
19.1,-0.2,300,"sd","13:57:24",6856800
19.1,-0.2,200,"sd","13:56:43",6856500
19.1,-0.2,2100,"sd","13:56:42",6856300
19.1,-0.2,21000,"sd","13:56:40",6854200
19.25,-0.05,210000,"bu","13:56:40",6833200
19.1,-0.2,300,"sd","13:55:54",6622900
19.1,-0.2,100,"sd","13:55:47",6622600
19.1,-0.2,1300,"sd","13:55:46",6622500
19.1,-0.2,300,"sd","13:55:09",6621200
19.1,-0.2,900,"sd","13:55:03",6620900
19.1,-0.2,3600,"sd","13:55:01",6620000
19.25,-0.05,5800,"sd","13:55:01",6616400
19.25,-0.05,94200,"bu","13:55:00",6610600
19.1,-0.2,200,"sd","13:54:43",6516400
19.1,-0.2,2100,"sd","13:54:41",6516200
19.1,-0.2,21000,"sd","13:54:40",6514100
19.25,-0.05,210000,"bu","13:54:40",6493100
19.1,-0.2,300,"sd","13:54:24",6283100
19.1,-0.2,300,"sd","13:53:38",6282800
19.1,-0.2,500,"sd","13:53:10",6282500
19.1,-0.2,5000,"sd","13:53:09",6282000
19.25,-0.05,49000,"bu","13:53:08",6277000
19.15,-0.15,1000,"bu","13:53:08",6228000
19.1,-0.2,300,"sd","13:52:53",6227000
19.1,-0.2,200,"sd","13:52:42",6226700
19.1,-0.2,2000,"sd","13:52:41",6226500
19.1,-0.2,17800,"sd","13:52:40",6224500
19.15,-0.15,2200,"sd","13:52:40",6206700
19.25,-0.05,200000,"bu","13:52:39",6204500
19.15,-0.15,300,"sd","13:52:08",6004500
19.1,-0.2,100,"sd","13:51:38",6004200
19.1,-0.2,1000,"sd","13:51:37",6004100
19.1,-0.2,8900,"sd","13:51:35",6003100
19.15,-0.15,1100,"sd","13:51:35",5994200
19.25,-0.05,100000,"bu","13:51:35",5993100
19.1,-0.2,300,"sd","13:51:23",5893100
19.1,-0.2,200,"sd","13:51:01",5892800
19.1,-0.2,200,"sd","13:51:00",5892600
19.1,-0.2,1000,"sd","13:50:59",5892400
19.15,-0.15,1000,"sd","13:50:59",5891400
19.3,0,20000,"bu","13:50:58",5890400
19.1,-0.2,300,"sd","13:50:38",5870400
19.1,-0.2,200,"sd","13:50:11",5870100
19.1,-0.2,500,"sd","13:50:10",5869900
19.15,-0.15,2100,"sd","13:50:10",5869400
19.15,-0.15,2900,"sd","13:50:08",5867300
19.25,-0.05,247500,"bu","13:50:08",5864400
19.1,-0.2,300,"sd","13:49:53",5574400
19.1,-0.2,300,"sd","13:49:50",5574100
19.1,-0.2,3500,"sd","13:49:48",5573800
19.1,-0.2,35000,"sd","13:49:47",5570300
19.2,-0.1,309500,"bu","13:49:47",5535300
19.15,-0.15,40500,"bu","13:49:47",5225800
19.15,-0.15,500,"bu","13:49:45",5185300
19.1,-0.2,100,"sd","13:49:30",5184800
19.1,-0.2,1000,"sd","13:49:29",5184700
19.15,-0.15,10000,"bu","13:49:28",5183700
19.15,-0.15,200,"bu","13:49:27",5173700
19.15,-0.15,500,"bu","13:49:15",5173500
19.15,-0.15,200,"bu","13:49:13",5173000
19.1,-0.2,300,"sd","13:49:08",5172800
19.15,-0.15,200,"bu","13:49:06",5172500
19.1,-0.2,300,"sd","13:49:02",5172300
19.1,-0.2,3000,"sd","13:49:02",5172000
19.15,-0.15,30000,"bu","13:49:01",5169000
19.15,-0.15,100,"bu","13:48:55",5139000
19.15,-0.15,100,"bu","13:48:50",5138900
19.15,-0.15,400,"bu","13:48:29",5138800
19.1,-0.2,400,"sd","13:48:22",5138400
19.15,-0.15,100,"bu","13:48:17",5138000
19.15,-0.15,100,"bu","13:47:58",5137900
19.1,-0.2,300,"sd","13:47:37",5137800
19.1,-0.2,100,"sd","13:47:22",5137500
19.1,-0.2,300,"sd","13:46:52",5137400
19.1,-0.2,200,"sd","13:46:42",5137100
19.15,-0.15,2400,"bu","13:46:42",5136900
19.1,-0.2,400,"sd","13:46:35",5134500
19.15,-0.15,4000,"bu","13:46:35",5134100
19.1,-0.2,300,"sd","13:46:07",5130100
19.1,-0.2,300,"sd","13:45:22",5129800
19.1,-0.2,100,"sd","13:44:43",5129500
19.15,-0.15,1000,"bu","13:44:41",5129400
19.1,-0.2,300,"sd","13:44:37",5128400
19.1,-0.2,100,"sd","13:44:25",5128100
19.1,-0.2,1000,"sd","13:44:24",5128000
19.15,-0.15,10000,"bu","13:44:23",5127000
19.1,-0.2,300,"sd","13:43:52",5117000
19.1,-0.2,300,"sd","13:43:06",5116700
19.1,-0.2,300,"sd","13:42:21",5116400
19.1,-0.2,100,"sd","13:42:10",5116100
19.1,-0.2,1000,"sd","13:42:10",5116000
19.1,-0.2,300,"sd","13:41:36",5115000
19.1,-0.2,300,"sd","13:40:51",5114700
19.1,-0.2,400,"sd","13:40:49",5114400
19.1,-0.2,300,"sd","13:40:06",5114000
19.1,-0.2,300,"sd","13:40:04",5113700
19.1,-0.2,200,"sd","13:39:50",5113400
19.1,-0.2,2100,"sd","13:39:49",5113200
19.1,-0.2,1000,"sd","13:39:48",5111100
19.15,-0.15,10000,"bu","13:39:47",5110100
19.1,-0.2,200,"sd","13:39:43",5100100
19.1,-0.2,300,"sd","13:39:21",5099900
19.1,-0.2,100,"sd","13:39:06",5099600
19.1,-0.2,1000,"sd","13:39:06",5099500
19.1,-0.2,200,"sd","13:39:03",5098500
19.1,-0.2,200,"sd","13:38:40",5098300
19.1,-0.2,300,"sd","13:38:35",5098100
19.1,-0.2,600,"sd","13:38:18",5097800
19.1,-0.2,6500,"sd","13:38:16",5097200
19.1,-0.2,65000,"sd","13:38:15",5090700
19.1,-0.2,200,"sd","13:37:59",5025700
19.1,-0.2,300,"sd","13:37:51",5025500
19.1,-0.2,300,"sd","13:37:06",5025200
19.1,-0.2,3300,"sd","13:37:05",5024900
19.1,-0.2,800,"sd","13:37:00",5021600
19.1,-0.2,8000,"sd","13:36:58",5020800
19.1,-0.2,80000,"sd","13:36:57",5012800
19.1,-0.2,600,"sd","13:36:52",4932800
19.1,-0.2,300,"sd","13:36:20",4932200
19.1,-0.2,100,"sd","13:36:19",4931900
19.1,-0.2,300,"sd","13:35:35",4931800
19.1,-0.2,300,"sd","13:34:50",4931500
19.1,-0.2,300,"sd","13:34:05",4931200
19.1,-0.2,100,"sd","13:33:57",4930900
19.1,-0.2,1000,"sd","13:33:56",4930800
19.15,-0.15,10000,"bu","13:33:55",4929800
19.1,-0.2,300,"sd","13:33:19",4919800
19.1,-0.2,300,"sd","13:32:34",4919500
19.1,-0.2,200,"sd","13:32:15",4919200
19.1,-0.2,300,"sd","13:31:49",4919000
19.1,-0.2,100,"sd","13:31:13",4918700
19.1,-0.2,11300,"sd","13:31:12",4918600
19.1,-0.2,700,"sd","13:31:10",4907300
19.1,-0.2,300,"sd","13:31:04",4906600
19.1,-0.2,400,"sd","13:30:19",4906300
19.1,-0.2,400,"sd","13:29:34",4905900
19.1,-0.2,1000,"sd","13:29:33",4905500
19.1,-0.2,10000,"sd","13:29:32",4904500
19.25,-0.05,100000,"bu","13:29:30",4894500
19.2,-0.1,300,"sd","13:29:08",4794500
19.2,-0.1,3500,"sd","13:29:08",4794200
19.2,-0.1,25300,"sd","13:29:06",4790700
19.2,-0.1,32300,"bu","13:29:06",4765400
19.15,-0.15,231300,"bu","13:29:06",4733100
19.1,-0.2,300,"sd","13:28:48",4501800
19.15,-0.15,300,"bu","13:28:36",4501500
19.1,-0.2,300,"sd","13:28:03",4501200
19.1,-0.2,500,"sd","13:28:02",4500900
19.15,-0.15,5500,"bu","13:28:02",4500400
19.1,-0.2,100,"sd","13:27:44",4494900
19.15,-0.15,1000,"bu","13:27:43",4494800
19.1,-0.2,500,"sd","13:27:42",4493800
19.15,-0.15,5500,"bu","13:27:41",4493300
19.1,-0.2,500,"sd","13:27:23",4487800
19.15,-0.15,5500,"bu","13:27:23",4487300
19.1,-0.2,300,"sd","13:27:18",4481800
19.1,-0.2,500,"sd","13:27:02",4481500
19.15,-0.15,5500,"bu","13:27:00",4481000
19.1,-0.2,500,"sd","13:26:43",4475500
19.15,-0.15,5500,"bu","13:26:42",4475000
19.1,-0.2,300,"sd","13:26:33",4469500
19.15,-0.15,100,"bu","13:26:25",4469200
19.1,-0.2,500,"sd","13:26:20",4469100
19.15,-0.15,5500,"bu","13:26:19",4468600
19.1,-0.2,500,"sd","13:26:01",4463100
19.15,-0.15,5500,"bu","13:26:00",4462600
19.1,-0.2,300,"sd","13:25:48",4457100
19.1,-0.2,500,"sd","13:25:40",4456800
19.15,-0.15,5500,"bu","13:25:39",4456300
19.1,-0.2,500,"sd","13:25:22",4450800
19.15,-0.15,5500,"bu","13:25:20",4450300
19.1,-0.2,300,"sd","13:25:03",4444800
19.1,-0.2,500,"sd","13:25:01",4444500
19.15,-0.15,5500,"bu","13:24:59",4444000
19.1,-0.2,500,"sd","13:24:57",4438500
19.1,-0.2,5000,"sd","13:24:56",4438000
19.1,-0.2,500,"sd","13:24:39",4433000
19.15,-0.15,5500,"bu","13:24:38",4432500
19.1,-0.2,300,"sd","13:24:18",4427000
19.1,-0.2,500,"sd","13:24:16",4426700
19.15,-0.15,5500,"bu","13:24:15",4426200
19.1,-0.2,300,"sd","13:23:32",4420700
19.1,-0.2,300,"sd","13:22:47",4420400
19.1,-0.2,300,"sd","13:22:02",4420100
19.1,-0.2,100,"sd","13:21:38",4419800
19.1,-0.2,1300,"sd","13:21:37",4419700
19.1,-0.2,13100,"bu","13:21:35",4418400
19.05,-0.25,300,"sd","13:21:17",4405300
19.05,-0.25,300,"sd","13:20:32",4405000
19.05,-0.25,300,"sd","13:19:47",4404700
19.05,-0.25,500,"sd","13:19:37",4404400
19.1,-0.2,5000,"bu","13:19:36",4403900
19.05,-0.25,100,"sd","13:19:21",4398900
19.05,-0.25,1000,"sd","13:19:19",4398800
19.05,-0.25,300,"sd","13:19:02",4397800
19.05,-0.25,300,"sd","13:18:16",4397500
19.05,-0.25,500,"sd","13:18:13",4397200
19.1,-0.2,5000,"bu","13:18:11",4396700
19.05,-0.25,500,"sd","13:17:53",4391700
19.05,-0.25,300,"sd","13:17:31",4391200
19.05,-0.25,300,"sd","13:16:46",4390900
19.05,-0.25,300,"sd","13:16:01",4390600
19.05,-0.25,200,"sd","13:15:46",4390300
19.05,-0.25,2000,"sd","13:15:44",4390100
19.1,-0.2,20000,"bu","13:15:43",4388100
19.05,-0.25,300,"sd","13:15:16",4368100
19.05,-0.25,300,"sd","13:14:31",4367800
19.1,-0.2,100,"bu","13:14:27",4367500
19.05,-0.25,300,"sd","13:13:45",4367400
19.05,-0.25,300,"sd","13:13:00",4367100
19.05,-0.25,300,"sd","13:12:15",4366800
19.05,-0.25,400,"sd","13:11:30",4366500
19.1,-0.2,100,"bu","13:11:14",4366100
19.05,-0.25,200,"sd","13:11:11",4366000
19.05,-0.25,2000,"sd","13:11:09",4365800
19.1,-0.2,20000,"bu","13:11:09",4363800
19.1,-0.2,500,"bu","13:09:50",4343800
19.05,-0.25,200,"sd","13:09:48",4343300
19.05,-0.25,2000,"sd","13:09:47",4343100
19.1,-0.2,20000,"bu","13:09:45",4341100
19.05,-0.25,100,"sd","13:09:31",4321100
19.05,-0.25,100,"sd","13:08:35",4321000
19.05,-0.25,200,"sd","13:08:10",4320900
19.1,-0.2,2000,"bu","13:08:09",4320700
19.05,-0.25,100,"sd","13:06:44",4318700
19.05,-0.25,100,"sd","13:06:29",4318600
19.05,-0.25,1100,"sd","13:06:29",4318500
19.05,-0.25,500,"sd","13:03:36",4317400
19.1,-0.2,5500,"bu","13:03:35",4316900
19.05,-0.25,500,"sd","13:03:14",4311400
19.1,-0.2,5500,"bu","13:03:13",4310900
19.05,-0.25,500,"sd","13:02:55",4305400
19.1,-0.2,5500,"bu","13:02:54",4304900
19.05,-0.25,500,"sd","13:02:33",4299400
19.1,-0.2,5500,"bu","13:02:32",4298900
19.05,-0.25,500,"sd","13:02:11",4293400
19.1,-0.2,5500,"bu","13:02:11",4292900
19.05,-0.25,500,"sd","13:01:47",4287400
19.1,-0.2,5500,"bu","13:01:46",4286900
19.05,-0.25,500,"sd","13:01:17",4281400
19.1,-0.2,5500,"bu","13:01:16",4280900
19.1,-0.2,400,"bu","13:00:54",4275400
19.1,-0.2,300,"bu","13:00:11",4275000
19.05,-0.25,200,"sd","13:00:02",4274700
19.1,-0.2,100,"bu","13:00:00",4274500
19.05,-0.25,2400,"sd","13:00:00",4274400
19.05,-0.25,100,"sd","11:28:10",4272000
19.1,-0.2,1000,"bu","11:28:09",4271900
19.1,-0.2,200,"bu","11:21:32",4270900
19.1,-0.2,300,"bu","11:18:04",4270700
19.05,-0.25,100,"sd","11:16:18",4270400
19.05,-0.25,1000,"sd","11:16:17",4270300
19.05,-0.25,300,"sd","11:16:16",4269300
19.1,-0.2,3400,"bu","11:16:14",4269000
19.05,-0.25,100,"sd","11:14:30",4265600
19.05,-0.25,1100,"sd","11:14:29",4265500
19.05,-0.25,100,"sd","11:13:55",4264400
19.05,-0.25,1000,"sd","11:13:54",4264300
19.05,-0.25,100,"sd","11:13:23",4263300
19.05,-0.25,1000,"sd","11:13:22",4263200
19.05,-0.25,600,"sd","11:10:19",4262200
19,-0.3,500,"sd","11:10:13",4255400
19,-0.3,5300,"sd","11:10:12",4254900
19.05,-0.25,53800,"sd","11:10:11",4249600
19.05,-0.25,400,"sd","11:09:04",4195800
19.05,-0.25,4000,"sd","11:09:03",4195400
19.05,-0.25,40000,"sd","11:09:02",4191400
19.05,-0.25,200,"sd","11:07:44",4151400
19.05,-0.25,200,"sd","11:06:17",4151200
19.05,-0.25,2500,"sd","11:06:16",4151000
19.05,-0.25,25000,"sd","11:06:15",4148500
19,-0.3,200,"sd","11:05:06",4123500
19,-0.3,2000,"sd","11:05:05",4123300
19.1,-0.2,20000,"bu","11:05:04",4121300
19.1,-0.2,100,"bu","11:04:56",4101300
19,-0.3,200,"sd","11:04:37",4101200
19.05,-0.25,2000,"bu","11:04:36",4101000
19,-0.3,200,"sd","11:02:10",4099000
19.05,-0.25,2000,"bu","11:02:08",4098800
19,-0.3,200,"sd","11:01:06",4096800
19,-0.3,100,"sd","11:01:00",4096600
19,-0.3,1700,"sd","11:00:59",4096500
19,-0.3,17000,"sd","11:00:58",4094800
19,-0.3,400,"sd","11:00:39",4077800
19.05,-0.25,4000,"bu","11:00:38",4077400
19,-0.3,700,"sd","10:59:59",4073400
19.05,-0.25,7000,"bu","10:59:57",4072700
19.05,-0.25,100,"bu","10:59:55",4065700
19,-0.3,100,"sd","10:59:38",4065600
19,-0.3,200,"sd","10:59:33",4065500
19,-0.3,2000,"sd","10:59:32",4065300
19.05,-0.25,20000,"bu","10:59:31",4063300
19,-0.3,100,"sd","10:58:40",4043300
19,-0.3,1000,"sd","10:58:38",4043200
19,-0.3,200,"sd","10:56:59",4042200
19,-0.3,2000,"sd","10:56:58",4042000
19.05,-0.25,20000,"bu","10:56:57",4040000
19,-0.3,300,"sd","10:56:53",4020000
19,-0.3,3500,"sd","10:56:52",4019700
19.05,-0.25,35000,"bu","10:56:51",4016200
19,-0.3,800,"sd","10:56:32",3981200
19,-0.3,8500,"sd","10:56:31",3980400
19.05,-0.25,85000,"bu","10:56:30",3971900
19.05,-0.25,300,"bu","10:52:51",3886900
19.05,-0.25,200,"bu","10:52:26",3886600
19.05,-0.25,100,"bu","10:51:44",3886400
19,-0.3,600,"sd","10:50:14",3886300
19,-0.3,6500,"sd","10:50:13",3885700
19.05,-0.25,65000,"bu","10:50:12",3879200
19,-0.3,200,"sd","10:49:38",3814200
19,-0.3,2500,"sd","10:49:37",3814000
19,-0.3,500,"sd","10:49:05",3811500
19.05,-0.25,5000,"bu","10:49:04",3811000
19,-0.3,100,"sd","10:49:00",3806000
19,-0.3,1700,"sd","10:48:59",3805900
19,-0.3,17000,"sd","10:48:58",3804200
19,-0.3,300,"sd","10:48:09",3787200
19,-0.3,3000,"sd","10:48:08",3786900
19.05,-0.25,30000,"bu","10:48:06",3783900
19,-0.3,100,"sd","10:47:59",3753900
19,-0.3,1700,"sd","10:47:58",3753800
19,-0.3,17000,"sd","10:47:57",3752100
19,-0.3,100,"sd","10:47:41",3735100
19,-0.3,1000,"sd","10:47:40",3735000
19,-0.3,10000,"sd","10:47:39",3734000
19.05,-0.25,100000,"bu","10:47:38",3724000
19,-0.3,800,"sd","10:47:05",3624000
19,-0.3,100,"sd","10:46:35",3623200
19,-0.3,100,"sd","10:46:16",3623100
19.05,-0.25,1000,"bu","10:46:15",3623000
19,-0.3,200,"sd","10:45:52",3622000
19,-0.3,2000,"sd","10:45:51",3621800
19.05,-0.25,20000,"bu","10:45:50",3619800
19,-0.3,100,"sd","10:44:40",3599800
19,-0.3,100,"sd","10:44:39",3599700
19.05,-0.25,2500,"bu","10:44:38",3599600
19.05,-0.25,600,"bu","10:43:11",3597100
19,-0.3,100,"sd","10:42:29",3596500
19.05,-0.25,100,"bu","10:41:55",3596400
19,-0.3,100,"sd","10:41:50",3596300
19,-0.3,1100,"sd","10:41:49",3596200
19,-0.3,9700,"sd","10:41:48",3595100
19.05,-0.25,100000,"bu","10:41:47",3585400
19,-0.3,900,"sd","10:41:22",3485400
19,-0.3,9500,"sd","10:41:21",3484500
19.05,-0.25,95000,"bu","10:41:20",3475000
19.05,-0.25,300,"bu","10:40:09",3380000
19,-0.3,100,"sd","10:39:15",3379700
19,-0.3,800,"sd","10:37:54",3379600
19,-0.3,8500,"sd","10:37:53",3378800
19,-0.3,200,"sd","10:37:01",3370300
19,-0.3,2000,"sd","10:37:00",3370100
19.05,-0.25,20000,"bu","10:36:58",3368100
19,-0.3,800,"sd","10:35:11",3348100
19,-0.3,8500,"sd","10:35:10",3347300
19,-0.3,300,"sd","10:34:21",3338800
19,-0.3,3500,"sd","10:34:20",3338500
19.05,-0.25,35200,"bu","10:34:19",3335000
19,-0.3,700,"sd","10:34:08",3299800
19,-0.3,7000,"sd","10:34:07",3299100
19.05,-0.25,70000,"bu","10:34:06",3292100
19,-0.3,100,"sd","10:33:21",3222100
19.05,-0.25,1400,"bu","10:33:20",3222000
19,-0.3,300,"sd","10:32:05",3220600
19.05,-0.25,3000,"bu","10:32:04",3220300
19.05,-0.25,200,"bu","10:32:00",3217300
19,-0.3,100,"sd","10:31:58",3217100
19,-0.3,1500,"sd","10:31:57",3217000
19.05,-0.25,15000,"bu","10:31:56",3215500
19.05,-0.25,100,"bu","10:31:27",3200500
19,-0.3,300,"sd","10:31:18",3200400
19,-0.3,3000,"sd","10:31:17",3200100
19.05,-0.25,30000,"bu","10:31:16",3197100
19.05,-0.25,200,"bu","10:30:40",3167100
19,-0.3,100,"sd","10:30:11",3166900
19.05,-0.25,1000,"bu","10:30:10",3166800
19,-0.3,100,"sd","10:30:00",3165800
19,-0.3,1000,"sd","10:29:59",3165700
19.05,-0.25,100,"bu","10:29:57",3164700
19.05,-0.25,100,"bu","10:29:17",3164600
19,-0.3,100,"sd","10:27:47",3164500
19,-0.3,1000,"sd","10:27:46",3164400
19,-0.3,500,"sd","10:27:30",3163400
19.05,-0.25,100,"sd","10:27:29",3162900
19.05,-0.25,5400,"sd","10:27:29",3162800
19.05,-0.25,100,"sd","10:27:23",3157400
19.05,-0.25,1000,"sd","10:27:22",3157300
19.05,-0.25,10200,"sd","10:27:20",3156300
19.05,-0.25,100,"sd","10:26:14",3146100
19.05,-0.25,1000,"sd","10:26:13",3146000
19.05,-0.25,10200,"sd","10:26:12",3145000
19.05,-0.25,500,"sd","10:25:44",3134800
19.05,-0.25,5500,"sd","10:25:43",3134300
19.05,-0.25,500,"sd","10:25:33",3128800
19.05,-0.25,5000,"sd","10:25:29",3128300
19.05,-0.25,11300,"sd","10:25:28",3123300
19.05,-0.25,38700,"sd","10:25:27",3112000
19.05,-0.25,500,"sd","10:25:24",3073300
19.05,-0.25,5500,"sd","10:25:23",3072800
19.05,-0.25,100,"sd","10:25:13",3067300
19.05,-0.25,500,"sd","10:24:58",3067200
19.05,-0.25,5500,"sd","10:24:57",3066700
19.05,-0.25,500,"sd","10:23:55",3061200
19.05,-0.25,5500,"sd","10:23:54",3060700
19.05,-0.25,100,"sd","10:23:06",3055200
19.05,-0.25,10200,"sd","10:23:04",3054100
19.05,-0.25,500,"sd","10:23:02",3043900
19.05,-0.25,5500,"sd","10:23:01",3043400
19.05,-0.25,800,"sd","10:20:12",3037900
19.05,-0.25,8000,"sd","10:20:11",3037100
19.05,-0.25,80000,"sd","10:20:10",3029100
19.05,-0.25,500,"sd","10:19:05",2949100
19.05,-0.25,5000,"sd","10:19:04",2948600
19.05,-0.25,50000,"sd","10:19:03",2943600
19.1,-0.2,200,"bu","10:17:56",2893600
19.1,-0.2,200,"sd","10:17:42",2893400
19.05,-0.25,500,"sd","10:17:03",2893200
19.05,-0.25,5000,"sd","10:17:02",2892700
19.15,-0.15,50000,"bu","10:17:01",2887700
19.05,-0.25,700,"sd","10:16:06",2837700
19.05,-0.25,5500,"sd","10:16:05",2837000
19.1,-0.2,2200,"sd","10:16:05",2831500
19.1,-0.2,77800,"bu","10:16:04",2829300
19.05,-0.25,500,"sd","10:15:35",2751500
19.05,-0.25,5000,"sd","10:15:34",2751000
19.1,-0.2,50000,"bu","10:15:33",2746000
19.05,-0.25,300,"sd","10:15:06",2696000
19.1,-0.2,3000,"bu","10:15:04",2695700
19.05,-0.25,500,"sd","10:14:51",2692700
19.05,-0.25,5000,"sd","10:14:50",2692200
19,-0.3,500,"sd","10:11:17",2687200
19.1,-0.2,5000,"bu","10:11:16",2686700
19,-0.3,100,"sd","10:10:56",2681700
19,-0.3,1000,"sd","10:10:56",2681600
19,-0.3,10000,"sd","10:10:55",2680600
19.05,-0.25,200,"sd","10:10:55",2670600
19,-0.3,100,"sd","10:10:30",2670400
19,-0.3,1000,"sd","10:10:29",2670300
19,-0.3,1000,"sd","10:10:28",2669300
19.05,-0.25,9200,"sd","10:10:28",2668300
19.05,-0.25,100,"sd","10:10:22",2659100
19.05,-0.25,1000,"sd","10:10:21",2659000
19.05,-0.25,10200,"sd","10:10:20",2658000
19.05,-0.25,300,"sd","10:09:28",2647800
19.05,-0.25,3600,"sd","10:09:27",2647500
19.1,-0.2,36000,"bu","10:09:26",2643900
19.05,-0.25,300,"sd","10:09:08",2607900
19.05,-0.25,3800,"sd","10:09:07",2607600
19.1,-0.2,38000,"bu","10:09:06",2603800
19.05,-0.25,100,"sd","10:09:04",2565800
19.05,-0.25,1000,"sd","10:09:03",2565700
19.05,-0.25,10200,"sd","10:09:02",2564700
19.1,-0.2,200,"bu","10:07:42",2554500
19.05,-0.25,200,"sd","10:07:14",2554300
19.05,-0.25,2000,"sd","10:07:13",2554100
19.1,-0.2,10000,"bu","10:07:12",2552100
19.05,-0.25,400,"sd","10:06:03",2531900
19.05,-0.25,4600,"sd","10:06:02",2531500
19.1,-0.2,46000,"bu","10:06:01",2526900
19.05,-0.25,500,"sd","10:05:29",2480900
19.05,-0.25,5000,"sd","10:05:28",2480400
19.1,-0.2,50000,"bu","10:05:27",2475400
19.05,-0.25,100,"sd","10:05:07",2425400
19.05,-0.25,1500,"sd","10:05:06",2425300
19.1,-0.2,15000,"bu","10:05:05",2423800
19.05,-0.25,200,"sd","10:04:48",2408800
19,-0.3,500,"sd","10:04:07",2408600
19,-0.3,5500,"sd","10:04:06",2408100
19,-0.3,200,"sd","10:02:58",2402600
19,-0.3,100,"sd","10:02:29",2402400
19,-0.3,1500,"sd","10:02:28",2402300
19.15,-0.15,15000,"bu","10:02:27",2400800
19,-0.3,100,"sd","10:01:56",2385800
19,-0.3,1100,"sd","10:01:55",2385700
19.05,-0.25,400,"sd","10:01:55",2384600
19.15,-0.15,15000,"bu","10:01:54",2384200
19,-0.3,100,"sd","10:00:08",2369200
19,-0.3,800,"sd","10:00:07",2369100
19.05,-0.25,200,"sd","10:00:07",2368300
19.05,-0.25,10200,"sd","10:00:06",2368100
19.05,-0.25,400,"sd","10:00:00",2357900
19.1,-0.2,500,"bu","10:00:00",2357500
19.05,-0.25,5600,"sd","09:59:59",2357000
19.05,-0.25,1000,"sd","09:59:58",2351400
19.05,-0.25,10200,"sd","09:59:57",2350400
19.1,-0.2,100,"sd","09:59:55",2340200
19.05,-0.25,500,"sd","09:59:41",2340100
19.05,-0.25,2100,"sd","09:59:40",2339600
19.1,-0.2,3400,"sd","09:59:40",2337500
19.1,-0.2,200,"sd","09:59:34",2334100
19.1,-0.2,100,"sd","09:59:29",2333900
19.1,-0.2,1000,"sd","09:59:28",2333800
19.1,-0.2,10200,"sd","09:59:27",2332800
19.1,-0.2,500,"sd","09:59:22",2322600
19.1,-0.2,5500,"sd","09:59:20",2322100
19.1,-0.2,100,"sd","09:58:31",2316600
19.05,-0.25,100,"sd","09:57:22",2316500
19.05,-0.25,1500,"sd","09:57:21",2316400
19.15,-0.15,10700,"bu","09:57:20",2314900
19.1,-0.2,4300,"bu","09:57:20",2304200
19.1,-0.2,100,"bu","09:57:20",2299900
19.05,-0.25,900,"sd","09:56:53",2299800
19.05,-0.25,9500,"bu","09:56:52",2298900
19.05,-0.25,700,"sd","09:56:44",2289400
19.05,-0.25,100,"sd","09:56:16",2288700
19.05,-0.25,1000,"sd","09:56:15",2288600
19.05,-0.25,10200,"sd","09:56:14",2287600
19.05,-0.25,300,"sd","09:56:12",2277400
19.05,-0.25,3000,"sd","09:56:11",2277100
19.05,-0.25,30000,"sd","09:56:10",2274100
19.2,-0.1,182800,"bu","09:56:08",2244100
19.15,-0.15,117200,"bu","09:56:08",2061300
19.05,-0.25,700,"sd","09:56:08",1944100
19.05,-0.25,100,"sd","09:56:07",1943400
19.05,-0.25,1000,"sd","09:56:06",1943300
19.05,-0.25,3600,"sd","09:56:05",1942300
19.1,-0.2,6600,"sd","09:56:05",1938700
19.1,-0.2,300,"sd","09:55:53",1932100
19.1,-0.2,3000,"sd","09:55:52",1931800
19.1,-0.2,30100,"bu","09:55:51",1928800
19.05,-0.25,100,"sd","09:55:17",1898700
19.05,-0.25,1000,"sd","09:55:16",1898600
19.1,-0.2,10000,"bu","09:55:15",1897600
19.05,-0.25,300,"sd","09:54:58",1887600
19.05,-0.25,3600,"sd","09:54:57",1887300
19.1,-0.2,700,"sd","09:53:30",1883700
19.15,-0.15,400,"bu","09:50:45",1883000
19.05,-0.25,500,"sd","09:50:30",1882600
19.05,-0.25,5000,"sd","09:50:29",1882100
19.05,-0.25,100,"sd","09:49:24",1877100
19.05,-0.25,1000,"sd","09:49:23",1877000
19.05,-0.25,10000,"sd","09:49:22",1876000
19.15,-0.15,40800,"bu","09:49:21",1866000
19.1,-0.2,59200,"bu","09:49:21",1825200
19.05,-0.25,100,"sd","09:48:24",1766000
19.05,-0.25,1000,"sd","09:48:23",1765900
19.05,-0.25,600,"sd","09:46:20",1764900
19.05,-0.25,6000,"sd","09:46:19",1764300
19.05,-0.25,60000,"sd","09:46:18",1758300
19.05,-0.25,300,"sd","09:45:58",1698300
19.05,-0.25,600,"sd","09:45:54",1698000
19.05,-0.25,6500,"sd","09:45:53",1697400
19.1,-0.2,65000,"bu","09:45:52",1690900
19.1,-0.2,500,"bu","09:45:29",1625900
19.05,-0.25,600,"sd","09:44:09",1625400
19.05,-0.25,6000,"sd","09:44:08",1624800
19.1,-0.2,60000,"bu","09:44:07",1618800
19.05,-0.25,100,"sd","09:44:03",1558800
19.05,-0.25,100,"sd","09:43:45",1558700
19.05,-0.25,500,"sd","09:42:34",1558600
19.05,-0.25,500,"sd","09:42:24",1558100
19.05,-0.25,5700,"sd","09:42:23",1557600
19.05,-0.25,600,"sd","09:42:08",1551900
19.05,-0.25,6000,"sd","09:42:07",1551300
19.1,-0.2,60000,"bu","09:42:06",1545300
19.05,-0.25,900,"sd","09:40:24",1485300
19.05,-0.25,9200,"sd","09:40:23",1484400
19.1,-0.2,92300,"sd","09:40:22",1475200
19.1,-0.2,100,"sd","09:40:01",1382900
19.1,-0.2,1100,"sd","09:40:00",1382800
19.1,-0.2,3600,"sd","09:39:59",1381700
19.15,-0.15,7500,"sd","09:39:59",1378100
19.15,-0.15,36600,"sd","09:39:58",1370600
19.15,-0.15,100,"sd","09:39:55",1334000
19.15,-0.15,1500,"sd","09:39:54",1333900
19.15,-0.15,15000,"sd","09:39:53",1332400
19.25,-0.05,115900,"bu","09:39:52",1317400
19.2,-0.1,34100,"bu","09:39:52",1201500
19.15,-0.15,500,"sd","09:37:27",1167400
19.2,-0.1,100,"bu","09:37:15",1166900
19.2,-0.1,300,"bu","09:36:55",1166800
19.25,-0.05,5000,"bu","09:34:55",1166500
19.2,-0.1,95000,"bu","09:34:55",1161500
19.2,-0.1,30000,"bu","09:34:34",1066500
19.2,-0.1,100,"bu","09:33:00",1036500
19.2,-0.1,5000,"bu","09:31:34",1036400
19.15,-0.15,10200,"sd","09:31:31",1031400
19.15,-0.15,3500,"sd","09:30:54",1021200
19.15,-0.15,2400,"sd","09:28:19",1017700
19.15,-0.15,10200,"sd","09:28:13",1015300
19.2,-0.1,5000,"bu","09:27:39",1005100
19.2,-0.1,80000,"bu","09:27:23",1000100
19.2,-0.1,12000,"bu","09:27:06",920100
19.2,-0.1,10000,"bu","09:26:58",908100
19.2,-0.1,5000,"bu","09:26:48",898100
19.2,-0.1,100000,"bu","09:26:31",893100
19.2,-0.1,5000,"bu","09:25:35",793100
19.2,-0.1,600,"bu","09:25:27",788100
19.2,-0.1,18800,"sd","09:25:18",787500
19.25,-0.05,10000,"bu","09:21:31",768700
19.25,-0.05,99000,"bu","09:21:16",758700
19.3,0,6700,"bu","09:19:57",659700
19.25,-0.05,93300,"bu","09:19:57",653000
19.2,-0.1,10200,"sd","09:19:45",559700
19.25,-0.05,100000,"bu","09:19:14",549500
19.2,-0.1,100,"sd","09:19:05",449500
19.25,-0.05,50000,"bu","09:18:59",449400
19.25,-0.05,150000,"bu","09:17:59",399400
19.2,-0.1,2500,"sd","09:16:56",249400
19.2,-0.1,10200,"sd","09:16:23",246900
19.2,-0.1,100,"sd","09:15:17",236700
19.2,-0.1,236600,"","09:15:01",236600
