"price","change","match_qtty","side","time","total_vol"
24,0.45,92100,"","14:45:02",553400
23.95,0.4,3400,"bu","14:29:52",461300
23.9,0.35,600,"bu","14:29:52",457900
23.95,0.4,9000,"bu","14:28:52",457300
23.9,0.35,11000,"bu","14:28:52",448300
23.9,0.35,7200,"bu","14:28:22",437300
23.85,0.3,200,"sd","14:28:15",430100
23.85,0.3,100,"sd","14:28:09",429900
23.85,0.3,200,"sd","14:28:07",429800
23.85,0.3,1000,"sd","14:27:58",429600
23.85,0.3,400,"sd","14:27:57",428600
23.85,0.3,100,"sd","14:27:55",428200
23.85,0.3,200,"sd","14:27:32",428100
23.85,0.3,400,"sd","14:27:21",427900
23.85,0.3,200,"sd","14:27:05",427500
23.85,0.3,100,"sd","14:26:54",427300
23.85,0.3,300,"sd","14:26:49",427200
23.85,0.3,100,"sd","14:26:43",426900
23.85,0.3,200,"sd","14:26:41",426800
23.85,0.3,200,"sd","14:26:33",426600
23.85,0.3,100,"sd","14:26:22",426400
23.85,0.3,8500,"bu","14:26:21",426300
23.8,0.25,400,"bu","14:26:21",417800
23.75,0.2,100,"bu","14:26:21",417400
23.7,0.15,200,"sd","14:26:12",417300
23.7,0.15,100,"sd","14:26:01",417100
23.7,0.15,200,"sd","14:25:50",417000
23.7,0.15,200,"sd","14:25:40",416800
23.7,0.15,100,"sd","14:25:30",416600
23.7,0.15,200,"sd","14:25:19",416500
23.7,0.15,100,"sd","14:25:09",416300
23.7,0.15,100,"sd","14:25:03",416200
23.7,0.15,100,"sd","14:24:58",416100
23.7,0.15,100,"sd","14:24:48",416000
23.85,0.3,4900,"bu","14:24:46",415900
23.75,0.2,100,"bu","14:24:46",411000
23.75,0.2,100,"sd","14:24:37",410900
23.75,0.2,200,"sd","14:24:27",410800
23.75,0.2,100,"sd","14:24:16",410600
23.75,0.2,100,"sd","14:24:06",410500
23.75,0.2,200,"sd","14:23:55",410400
23.85,0.3,4100,"bu","14:23:53",410200
23.8,0.25,5900,"bu","14:23:53",406100
23.75,0.2,500,"sd","14:23:51",400200
23.75,0.2,200,"sd","14:23:44",399700
23.75,0.2,1000,"sd","14:23:40",399500
23.75,0.2,100,"sd","14:23:34",398500
23.75,0.2,1100,"sd","14:23:30",398400
23.75,0.2,1000,"sd","14:23:25",397300
23.8,0.25,200,"bu","14:23:25",396300
23.75,0.2,200,"sd","14:23:23",396100
23.75,0.2,1000,"sd","14:23:18",395900
23.75,0.2,100,"sd","14:23:13",394900
23.75,0.2,100,"sd","14:23:03",394800
23.75,0.2,100,"sd","14:22:59",394700
23.75,0.2,200,"sd","14:22:52",394600
23.75,0.2,100,"sd","14:22:41",394400
23.75,0.2,1000,"sd","14:22:32",394300
23.75,0.2,200,"sd","14:22:30",393300
23.75,0.2,200,"sd","14:22:19",393100
23.75,0.2,100,"sd","14:22:09",392900
23.75,0.2,200,"sd","14:21:58",392800
23.75,0.2,100,"sd","14:21:48",392600
23.75,0.2,200,"sd","14:21:37",392500
23.75,0.2,100,"sd","14:21:27",392300
23.75,0.2,100,"sd","14:21:19",392200
23.75,0.2,200,"sd","14:21:16",392100
23.75,0.2,100,"sd","14:21:06",391900
23.75,0.2,200,"sd","14:21:04",391800
23.75,0.2,1000,"sd","14:20:58",391600
23.75,0.2,100,"sd","14:20:56",390600
23.75,0.2,100,"sd","14:20:54",390500
23.75,0.2,200,"sd","14:20:45",390400
23.8,0.25,200,"bu","14:20:41",390200
23.75,0.2,100,"sd","14:20:34",390000
23.75,0.2,100,"sd","14:20:24",389900
23.8,0.25,500,"bu","14:20:20",389800
23.75,0.2,100,"sd","14:20:14",389300
23.8,0.25,1000,"bu","14:20:13",389200
23.75,0.2,100,"sd","14:20:03",388200
23.8,0.25,300,"sd","14:20:02",388100
23.8,0.25,100,"sd","14:19:53",387800
23.8,0.25,100,"sd","14:19:42",387700
23.8,0.25,100,"sd","14:19:32",387600
23.8,0.25,9400,"bu","14:19:29",387500
23.75,0.2,800,"bu","14:19:21",378100
23.7,0.15,100,"sd","14:19:21",377300
23.7,0.15,100,"sd","14:19:11",377200
23.7,0.15,100,"sd","14:19:00",377100
23.7,0.15,100,"sd","14:18:50",377000
23.7,0.15,100,"sd","14:18:39",376900
23.7,0.15,100,"sd","14:18:29",376800
23.7,0.15,100,"sd","14:18:19",376700
23.7,0.15,100,"sd","14:18:08",376600
23.75,0.2,8600,"bu","14:18:02",376500
23.7,0.15,1400,"bu","14:18:02",367900
23.65,0.1,100,"sd","14:17:58",366500
23.65,0.1,100,"sd","14:17:47",366400
23.65,0.1,100,"sd","14:17:36",366300
23.65,0.1,100,"sd","14:17:26",366200
23.65,0.1,100,"sd","14:17:15",366100
23.65,0.1,100,"sd","14:17:04",366000
23.65,0.1,100,"sd","14:16:54",365900
23.65,0.1,500,"sd","14:16:51",365800
23.7,0.15,5000,"bu","14:16:45",365300
23.65,0.1,100,"sd","14:16:43",360300
23.65,0.1,100,"sd","14:16:33",360200
23.65,0.1,100,"sd","14:16:23",360100
23.65,0.1,100,"sd","14:16:12",360000
23.65,0.1,300,"sd","14:16:07",359900
23.65,0.1,2000,"sd","14:16:05",359600
23.65,0.1,1000,"sd","14:16:04",357600
23.65,0.1,100,"sd","14:16:02",356600
23.65,0.1,100,"sd","14:15:52",356500
23.65,0.1,100,"sd","14:15:41",356400
23.6,0.05,100,"sd","14:15:30",356300
23.65,0.1,100,"sd","14:15:20",356200
23.65,0.1,100,"sd","14:15:09",356100
23.65,0.1,100,"sd","14:14:59",356000
23.65,0.1,3000,"sd","14:14:54",355900
23.65,0.1,100,"sd","14:14:48",352900
23.65,0.1,100,"sd","14:14:38",352800
23.65,0.1,100,"sd","14:14:28",352700
23.65,0.1,2000,"sd","14:14:22",352600
23.65,0.1,100,"sd","14:14:17",350600
23.65,0.1,400,"sd","14:14:10",350500
23.65,0.1,100,"sd","14:14:07",350100
23.65,0.1,100,"sd","14:13:57",350000
23.65,0.1,100,"sd","14:13:46",349900
23.65,0.1,100,"sd","14:13:35",349800
23.65,0.1,100,"sd","14:13:25",349700
23.65,0.1,100,"sd","14:13:14",349600
23.65,0.1,100,"sd","14:13:03",349500
23.65,0.1,100,"sd","14:12:53",349400
23.65,0.1,100,"sd","14:12:43",349300
23.65,0.1,100,"sd","14:12:32",349200
23.65,0.1,100,"sd","14:12:21",349100
23.65,0.1,100,"sd","14:12:11",349000
23.7,0.15,10000,"bu","14:12:03",348900
23.65,0.1,100,"sd","14:12:02",338900
23.65,0.1,100,"sd","14:11:49",338800
23.6,0.05,100,"sd","14:11:38",338700
23.6,0.05,100,"sd","14:11:27",338600
23.6,0.05,100,"sd","14:11:16",338500
23.6,0.05,100,"sd","14:11:06",338400
23.6,0.05,100,"sd","14:10:55",338300
23.6,0.05,100,"sd","14:10:44",338200
23.6,0.05,100,"sd","14:10:34",338100
23.6,0.05,100,"sd","14:10:23",338000
23.6,0.05,100,"sd","14:10:13",337900
23.6,0.05,100,"sd","14:10:03",337800
23.6,0.05,100,"sd","14:09:51",337700
23.6,0.05,100,"sd","14:09:41",337600
23.6,0.05,100,"sd","14:09:30",337500
23.6,0.05,100,"sd","14:09:20",337400
23.6,0.05,100,"sd","14:09:10",337300
23.6,0.05,100,"sd","14:08:59",337200
23.6,0.05,100,"sd","14:08:48",337100
23.65,0.1,100,"sd","14:08:37",337000
23.65,0.1,100,"sd","14:08:27",336900
23.65,0.1,100,"sd","14:08:16",336800
23.65,0.1,100,"sd","14:08:05",336700
23.65,0.1,100,"sd","14:07:55",336600
23.65,0.1,100,"sd","14:07:44",336500
23.65,0.1,400,"bu","14:07:40",336400
23.6,0.05,100,"sd","14:07:34",336000
23.6,0.05,900,"sd","14:07:24",335900
23.6,0.05,100,"sd","14:07:24",335000
23.6,0.05,100,"sd","14:07:13",334900
23.6,0.05,100,"sd","14:07:03",334800
23.65,0.1,7600,"bu","14:06:59",334700
23.6,0.05,100,"sd","14:06:52",327100
23.6,0.05,100,"sd","14:06:41",327000
23.6,0.05,100,"sd","14:06:31",326900
23.6,0.05,100,"sd","14:06:21",326800
23.6,0.05,100,"sd","14:06:10",326700
23.6,0.05,100,"sd","14:06:00",326600
23.6,0.05,100,"sd","14:05:49",326500
23.6,0.05,100,"sd","14:05:39",326400
23.6,0.05,100,"sd","14:05:28",326300
23.6,0.05,100,"sd","14:05:17",326200
23.6,0.05,100,"sd","14:05:07",326100
23.6,0.05,3800,"sd","14:04:57",326000
23.65,0.1,1200,"sd","14:04:57",322200
23.65,0.1,100,"sd","14:04:56",321000
23.65,0.1,100,"sd","14:04:46",320900
23.65,0.1,100,"sd","14:04:36",320800
23.65,0.1,100,"sd","14:04:25",320700
23.65,0.1,2000,"sd","14:04:20",320600
23.65,0.1,100,"sd","14:04:15",318600
23.65,0.1,100,"sd","14:04:05",318500
23.65,0.1,100,"sd","14:03:54",318400
23.65,0.1,100,"sd","14:03:44",318300
23.65,0.1,100,"sd","14:03:33",318200
23.65,0.1,100,"sd","14:03:23",318100
23.65,0.1,100,"sd","14:03:12",318000
23.65,0.1,100,"sd","14:03:01",317900
23.65,0.1,100,"sd","14:02:51",317800
23.65,0.1,100,"sd","14:02:40",317700
23.65,0.1,100,"sd","14:02:29",317600
23.65,0.1,100,"sd","14:02:18",317500
23.65,0.1,100,"sd","14:02:08",317400
23.65,0.1,100,"sd","14:01:57",317300
23.65,0.1,3100,"bu","14:01:48",317200
23.6,0.05,100,"sd","14:01:46",314100
23.6,0.05,100,"sd","14:01:36",314000
23.6,0.05,100,"sd","14:01:25",313900
23.6,0.05,100,"sd","14:01:15",313800
23.6,0.05,100,"sd","14:01:05",313700
23.6,0.05,100,"sd","14:00:55",313600
23.6,0.05,100,"sd","14:00:44",313500
23.6,0.05,100,"sd","14:00:33",313400
23.65,0.1,200,"bu","14:00:29",313300
23.6,0.05,100,"sd","14:00:23",313100
23.6,0.05,100,"sd","14:00:13",313000
23.6,0.05,100,"sd","14:00:02",312900
23.6,0.05,100,"sd","13:59:51",312800
23.6,0.05,100,"sd","13:59:41",312700
23.65,0.1,100,"bu","13:59:31",312600
23.6,0.05,100,"sd","13:59:30",312500
23.6,0.05,100,"sd","13:59:20",312400
23.6,0.05,100,"sd","13:59:09",312300
23.65,0.1,100,"bu","13:59:06",312200
23.6,0.05,100,"sd","13:58:58",312100
23.6,0.05,100,"sd","13:58:48",312000
23.6,0.05,100,"sd","13:58:37",311900
23.65,0.1,600,"sd","13:58:36",311800
23.65,0.1,300,"sd","13:58:35",311200
23.65,0.1,100,"sd","13:58:27",310900
23.65,0.1,100,"sd","13:58:15",310800
23.65,0.1,100,"sd","13:58:04",310700
23.65,0.1,100,"sd","13:57:54",310600
23.65,0.1,100,"sd","13:57:44",310500
23.65,0.1,100,"sd","13:57:33",310400
23.65,0.1,100,"sd","13:57:22",310300
23.65,0.1,3000,"sd","13:57:21",310200
23.65,0.1,100,"sd","13:57:12",307200
23.65,0.1,100,"sd","13:57:01",307100
23.65,0.1,100,"sd","13:56:50",307000
23.65,0.1,100,"sd","13:56:40",306900
23.65,0.1,100,"sd","13:56:30",306800
23.65,0.1,100,"sd","13:56:20",306700
23.65,0.1,100,"sd","13:56:09",306600
23.65,0.1,3000,"sd","13:56:03",306500
23.65,0.1,100,"sd","13:55:58",303500
23.65,0.1,100,"sd","13:55:47",303400
23.65,0.1,100,"sd","13:55:37",303300
23.65,0.1,100,"sd","13:55:26",303200
23.65,0.1,100,"sd","13:55:16",303100
23.65,0.1,2000,"sd","13:55:15",303000
23.65,0.1,1000,"sd","13:55:06",301000
23.7,0.15,500,"bu","13:55:05",300000
23.65,0.1,100,"sd","13:55:05",299500
23.65,0.1,100,"sd","13:54:55",299400
23.65,0.1,100,"sd","13:54:44",299300
23.65,0.1,100,"sd","13:54:34",299200
23.65,0.1,100,"sd","13:54:24",299100
23.65,0.1,100,"sd","13:54:13",299000
23.65,0.1,100,"sd","13:54:03",298900
23.65,0.1,100,"sd","13:53:53",298800
23.65,0.1,100,"sd","13:53:42",298700
23.65,0.1,100,"sd","13:53:31",298600
23.65,0.1,100,"sd","13:53:21",298500
23.65,0.1,100,"sd","13:53:10",298400
23.65,0.1,100,"sd","13:53:00",298300
23.65,0.1,2000,"sd","13:52:53",298200
23.65,0.1,100,"sd","13:52:49",296200
23.65,0.1,100,"sd","13:52:39",296100
23.65,0.1,100,"sd","13:52:38",296000
23.65,0.1,100,"sd","13:52:28",295900
23.65,0.1,100,"sd","13:52:17",295800
23.65,0.1,100,"sd","13:52:07",295700
23.65,0.1,100,"sd","13:51:58",295600
23.65,0.1,100,"sd","13:51:46",295500
23.7,0.15,100,"bu","13:51:46",295400
23.65,0.1,100,"sd","13:51:36",295300
23.65,0.1,100,"sd","13:51:25",295200
23.65,0.1,2000,"sd","13:51:19",295100
23.65,0.1,100,"sd","13:51:14",293100
23.65,0.1,100,"sd","13:51:04",293000
23.65,0.1,100,"sd","13:50:53",292900
23.65,0.1,100,"sd","13:50:43",292800
23.65,0.1,100,"sd","13:50:33",292700
23.65,0.1,100,"sd","13:50:22",292600
23.65,0.1,100,"sd","13:50:12",292500
23.65,0.1,100,"sd","13:50:01",292400
23.65,0.1,100,"sd","13:49:51",292300
23.65,0.1,100,"sd","13:49:40",292200
23.7,0.15,1000,"bu","13:49:34",292100
23.65,0.1,100,"sd","13:49:30",291100
23.7,0.15,100,"bu","13:49:25",291000
23.65,0.1,100,"sd","13:49:20",290900
23.65,0.1,100,"sd","13:49:09",290800
23.65,0.1,100,"sd","13:48:59",290700
23.65,0.1,100,"sd","13:48:48",290600
23.65,0.1,100,"sd","13:48:38",290500
23.65,0.1,100,"sd","13:48:26",290400
23.65,0.1,100,"sd","13:48:16",290300
23.65,0.1,100,"sd","13:48:06",290200
23.65,0.1,5100,"bu","13:48:05",290100
23.6,0.05,100,"sd","13:47:55",285000
23.6,0.05,100,"sd","13:47:45",284900
23.6,0.05,100,"sd","13:47:34",284800
23.6,0.05,100,"sd","13:47:24",284700
23.6,0.05,100,"sd","13:47:13",284600
23.6,0.05,100,"sd","13:47:02",284500
23.6,0.05,100,"sd","13:46:52",284400
23.6,0.05,100,"sd","13:46:42",284300
23.6,0.05,100,"sd","13:46:31",284200
23.6,0.05,100,"sd","13:46:21",284100
23.6,0.05,100,"sd","13:46:10",284000
23.6,0.05,100,"sd","13:46:00",283900
23.6,0.05,100,"sd","13:45:50",283800
23.6,0.05,100,"sd","13:45:39",283700
23.6,0.05,100,"sd","13:45:29",283600
23.6,0.05,100,"sd","13:45:18",283500
23.6,0.05,100,"sd","13:45:08",283400
23.6,0.05,100,"sd","13:44:57",283300
23.6,0.05,100,"sd","13:44:46",283200
23.6,0.05,100,"sd","13:44:36",283100
23.6,0.05,100,"sd","13:44:25",283000
23.65,0.1,2000,"bu","13:44:25",282900
23.6,0.05,100,"sd","13:44:15",280900
23.6,0.05,100,"sd","13:44:05",280800
23.6,0.05,100,"sd","13:43:54",280700
23.6,0.05,100,"sd","13:43:44",280600
23.6,0.05,100,"sd","13:43:33",280500
23.6,0.05,100,"sd","13:43:23",280400
23.6,0.05,100,"sd","13:43:12",280300
23.6,0.05,100,"sd","13:43:02",280200
23.6,0.05,100,"sd","13:42:51",280100
23.6,0.05,100,"sd","13:42:40",280000
23.6,0.05,100,"sd","13:42:29",279900
23.6,0.05,100,"sd","13:42:18",279800
23.65,0.1,100,"sd","13:42:15",279700
23.65,0.1,100,"sd","13:42:08",279600
23.65,0.1,100,"sd","13:41:58",279500
23.65,0.1,100,"sd","13:41:46",279400
23.65,0.1,100,"sd","13:41:36",279300
23.65,0.1,500,"sd","13:41:28",279200
23.65,0.1,100,"sd","13:41:26",278700
23.65,0.1,100,"sd","13:41:16",278600
23.65,0.1,2000,"sd","13:41:06",278500
23.65,0.1,100,"sd","13:41:05",276500
23.65,0.1,100,"sd","13:40:54",276400
23.65,0.1,100,"sd","13:40:50",276300
23.65,0.1,100,"sd","13:40:44",276200
23.65,0.1,100,"sd","13:40:33",276100
23.65,0.1,100,"sd","13:40:23",276000
23.65,0.1,100,"sd","13:40:12",275900
23.65,0.1,100,"sd","13:40:02",275800
23.65,0.1,100,"sd","13:39:52",275700
23.65,0.1,100,"sd","13:39:42",275600
23.65,0.1,100,"sd","13:39:31",275500
23.65,0.1,100,"sd","13:39:20",275400
23.65,0.1,100,"sd","13:39:09",275300
23.65,0.1,100,"sd","13:38:59",275200
23.65,0.1,100,"sd","13:38:48",275100
23.65,0.1,100,"sd","13:38:37",275000
23.65,0.1,100,"sd","13:38:27",274900
23.65,0.1,100,"sd","13:38:16",274800
23.65,0.1,100,"sd","13:38:05",274700
23.65,0.1,100,"sd","13:37:54",274600
23.65,0.1,2700,"bu","13:37:52",274500
23.6,0.05,100,"sd","13:37:44",271800
23.6,0.05,100,"sd","13:37:33",271700
23.6,0.05,100,"sd","13:37:24",271600
23.65,0.1,1000,"bu","13:37:16",271500
23.6,0.05,100,"sd","13:37:13",270500
23.65,0.1,4000,"bu","13:37:13",270400
23.6,0.05,100,"sd","13:37:03",266400
23.6,0.05,1000,"sd","13:36:52",266300
23.6,0.05,100,"sd","13:36:42",265300
23.6,0.05,100,"sd","13:36:32",265200
23.6,0.05,100,"sd","13:36:21",265100
23.6,0.05,100,"sd","13:36:10",265000
23.6,0.05,100,"sd","13:36:00",264900
23.6,0.05,100,"sd","13:35:49",264800
23.6,0.05,100,"sd","13:35:38",264700
23.6,0.05,100,"sd","13:35:28",264600
23.6,0.05,100,"sd","13:35:17",264500
23.6,0.05,100,"sd","13:35:06",264400
23.6,0.05,100,"sd","13:34:56",264300
23.6,0.05,100,"sd","13:34:45",264200
23.6,0.05,100,"sd","13:34:35",264100
23.6,0.05,100,"sd","13:34:24",264000
23.6,0.05,100,"sd","13:34:14",263900
23.6,0.05,100,"sd","13:34:03",263800
23.6,0.05,100,"sd","13:33:53",263700
23.6,0.05,100,"sd","13:33:43",263600
23.6,0.05,100,"sd","13:33:33",263500
23.6,0.05,100,"sd","13:33:23",263400
23.6,0.05,100,"sd","13:33:12",263300
23.6,0.05,100,"sd","13:33:01",263200
23.6,0.05,100,"sd","13:32:51",263100
23.6,0.05,100,"sd","13:32:41",263000
23.65,0.1,4000,"bu","13:32:36",262900
23.6,0.05,100,"sd","13:32:31",258900
23.6,0.05,100,"sd","13:32:20",258800
23.65,0.1,300,"bu","13:32:19",258700
23.6,0.05,100,"sd","13:32:10",258400
23.6,0.05,100,"sd","13:32:08",258300
23.6,0.05,100,"sd","13:31:59",258200
23.6,0.05,100,"sd","13:31:48",258100
23.6,0.05,700,"sd","13:31:40",258000
23.6,0.05,1300,"sd","13:31:40",257300
23.6,0.05,100,"sd","13:31:37",256000
23.6,0.05,100,"sd","13:31:27",255900
23.6,0.05,100,"sd","13:31:17",255800
23.6,0.05,100,"sd","13:31:07",255700
23.6,0.05,100,"sd","13:30:57",255600
23.6,0.05,100,"sd","13:30:46",255500
23.6,0.05,100,"sd","13:30:36",255400
23.6,0.05,100,"sd","13:30:24",255300
23.6,0.05,100,"sd","13:30:14",255200
23.6,0.05,100,"sd","13:30:04",255100
23.6,0.05,100,"sd","13:29:53",255000
23.6,0.05,100,"sd","13:29:43",254900
23.6,0.05,1200,"sd","13:29:39",254800
23.6,0.05,100,"sd","13:29:33",253600
23.6,0.05,100,"sd","13:29:22",253500
23.6,0.05,100,"sd","13:29:12",253400
23.6,0.05,100,"sd","13:29:01",253300
23.6,0.05,100,"sd","13:28:51",253200
23.6,0.05,100,"sd","13:28:40",253100
23.6,0.05,100,"sd","13:28:29",253000
23.6,0.05,100,"sd","13:28:19",252900
23.6,0.05,3500,"sd","13:28:17",252800
23.6,0.05,100,"sd","13:28:09",249300
23.6,0.05,100,"sd","13:27:58",249200
23.6,0.05,100,"sd","13:27:48",249100
23.6,0.05,100,"sd","13:27:37",249000
23.6,0.05,100,"sd","13:27:27",248900
23.6,0.05,100,"sd","13:27:17",248800
23.6,0.05,100,"sd","13:27:06",248700
23.6,0.05,100,"sd","13:26:56",248600
23.6,0.05,100,"sd","13:26:46",248500
23.6,0.05,100,"sd","13:26:35",248400
23.6,0.05,100,"sd","13:26:24",248300
23.6,0.05,100,"sd","13:26:14",248200
23.6,0.05,100,"sd","13:26:03",248100
23.65,0.1,100,"bu","13:26:03",248000
23.6,0.05,100,"sd","13:25:53",247900
23.65,0.1,3000,"bu","13:25:52",247800
23.65,0.1,100,"bu","13:25:42",244800
23.6,0.05,100,"sd","13:25:42",244700
23.6,0.05,100,"sd","13:25:32",244600
23.6,0.05,100,"sd","13:25:21",244500
23.6,0.05,100,"sd","13:25:11",244400
23.6,0.05,100,"sd","13:25:00",244300
23.6,0.05,100,"sd","13:24:49",244200
23.6,0.05,100,"sd","13:24:39",244100
23.6,0.05,100,"sd","13:24:29",244000
23.65,0.1,25600,"bu","13:24:23",243900
23.65,0.1,4400,"bu","13:24:23",218300
23.6,0.05,100,"sd","13:24:18",213900
23.6,0.05,100,"sd","13:24:08",213800
23.65,0.1,200,"bu","13:24:03",213700
23.65,0.1,200,"bu","13:24:01",213500
23.65,0.1,400,"bu","13:24:00",213300
23.6,0.05,100,"sd","13:23:57",212900
23.6,0.05,100,"sd","13:23:46",212800
23.6,0.05,100,"sd","13:23:36",212700
23.6,0.05,100,"sd","13:23:25",212600
23.6,0.05,100,"sd","13:23:14",212500
23.6,0.05,100,"sd","13:23:04",212400
23.6,0.05,100,"sd","13:22:54",212300
23.6,0.05,100,"sd","13:22:43",212200
23.6,0.05,100,"sd","13:22:32",212100
23.6,0.05,100,"sd","13:22:22",212000
23.6,0.05,100,"sd","13:22:13",211900
23.6,0.05,100,"sd","13:22:02",211800
23.6,0.05,100,"sd","13:21:52",211700
23.6,0.05,100,"sd","13:21:43",211600
23.6,0.05,100,"sd","13:21:32",211500
23.6,0.05,100,"sd","13:21:21",211400
23.6,0.05,100,"sd","13:21:11",211300
23.6,0.05,100,"sd","13:21:00",211200
23.6,0.05,100,"sd","13:20:49",211100
23.6,0.05,100,"sd","13:20:39",211000
23.6,0.05,100,"sd","13:20:29",210900
23.6,0.05,100,"sd","13:20:18",210800
23.6,0.05,100,"sd","13:20:07",210700
23.6,0.05,100,"sd","13:19:57",210600
23.6,0.05,100,"sd","13:19:46",210500
23.6,0.05,100,"sd","13:19:35",210400
23.6,0.05,100,"sd","13:19:25",210300
23.6,0.05,100,"sd","13:19:15",210200
23.6,0.05,3400,"bu","13:19:11",210100
23.55,0,100,"sd","13:19:05",206700
23.55,0,100,"sd","13:18:54",206600
23.55,0,100,"sd","13:18:44",206500
23.55,0,100,"sd","13:18:34",206400
23.6,0.05,6000,"bu","13:18:30",206300
23.55,0,100,"sd","13:18:23",200300
23.55,0,100,"sd","13:18:12",200200
23.55,0,100,"sd","13:18:01",200100
23.55,0,100,"sd","13:17:51",200000
23.55,0,100,"sd","13:17:40",199900
23.55,0,100,"sd","13:17:29",199800
23.55,0,100,"sd","13:17:19",199700
23.55,0,100,"sd","13:17:09",199600
23.55,0,2000,"sd","13:16:59",199500
23.55,0,100,"sd","13:16:58",197500
23.55,0,100,"sd","13:16:49",197400
23.55,0,100,"sd","13:16:40",197300
23.55,0,100,"sd","13:16:30",197200
23.55,0,100,"sd","13:16:20",197100
23.55,0,100,"sd","13:16:09",197000
23.55,0,100,"sd","13:15:58",196900
23.55,0,100,"sd","13:15:47",196800
23.55,0,100,"sd","13:15:36",196700
23.6,0.05,100,"bu","13:15:27",196600
23.55,0,100,"sd","13:15:26",196500
23.55,0,100,"sd","13:15:15",196400
23.55,0,100,"sd","13:15:04",196300
23.55,0,100,"sd","13:14:54",196200
23.55,0,100,"sd","13:14:43",196100
23.55,0,100,"sd","13:14:33",196000
23.55,0,100,"sd","13:14:22",195900
23.6,0.05,100,"sd","13:14:12",195800
23.6,0.05,100,"sd","13:14:01",195700
23.6,0.05,800,"bu","13:14:00",195600
23.55,0,100,"sd","13:13:51",194800
23.55,0,100,"sd","13:13:40",194700
23.55,0,100,"sd","13:13:30",194600
23.55,0,100,"sd","13:13:19",194500
23.55,0,100,"sd","13:13:08",194400
23.55,0,100,"sd","13:12:57",194300
23.55,0,100,"sd","13:12:46",194200
23.55,0,100,"sd","13:12:36",194100
23.55,0,100,"sd","13:12:25",194000
23.55,0,100,"sd","13:12:16",193900
23.6,0.05,100,"bu","13:12:09",193800
23.55,0,100,"sd","13:12:05",193700
23.55,0,100,"sd","13:11:55",193600
23.55,0,100,"sd","13:11:48",193500
23.55,0,100,"sd","13:11:35",193400
23.55,0,100,"sd","13:11:24",193300
23.6,0.05,100,"bu","13:11:14",193200
23.55,0,100,"sd","13:11:14",193100
23.55,0,100,"sd","13:11:03",193000
23.55,0,100,"sd","13:10:52",192900
23.55,0,100,"sd","13:10:41",192800
23.55,0,100,"sd","13:10:31",192700
23.6,0.05,100,"bu","13:10:25",192600
23.55,0,100,"sd","13:10:22",192500
23.55,0,100,"sd","13:10:12",192400
23.55,0,100,"sd","13:10:01",192300
23.55,0,100,"sd","13:09:51",192200
23.55,0,100,"sd","13:09:40",192100
23.6,0.05,100,"bu","13:09:37",192000
23.55,0,100,"sd","13:09:29",191900
23.55,0,100,"sd","13:09:18",191800
23.55,0,100,"sd","13:09:08",191700
23.6,0.05,4000,"bu","13:09:07",191600
23.55,0,100,"sd","13:08:58",187600
23.55,0,100,"sd","13:08:47",187500
23.55,0,100,"sd","13:08:38",187400
23.55,0,100,"sd","13:08:26",187300
23.55,0,100,"sd","13:08:16",187200
23.55,0,100,"sd","13:08:05",187100
23.55,0,100,"sd","13:07:55",187000
23.55,0,100,"sd","13:07:45",186900
23.55,0,100,"sd","13:07:34",186800
23.55,0,100,"sd","13:07:25",186700
23.6,0.05,100,"bu","13:07:14",186600
23.55,0,100,"sd","13:07:14",186500
23.55,0,100,"sd","13:07:04",186400
23.55,0,100,"sd","13:06:53",186300
23.55,0,100,"sd","13:06:42",186200
23.55,0,100,"sd","13:06:32",186100
23.55,0,100,"sd","13:06:21",186000
23.55,0,100,"sd","13:06:11",185900
23.55,0,100,"sd","13:06:02",185800
23.55,0,100,"sd","13:05:51",185700
23.55,0,100,"sd","13:05:40",185600
23.55,0,100,"sd","13:05:30",185500
23.55,0,100,"sd","13:05:20",185400
23.55,0,100,"sd","13:05:10",185300
23.55,0,100,"sd","13:04:59",185200
23.55,0,100,"sd","13:04:49",185100
23.55,0,100,"sd","13:04:38",185000
23.55,0,100,"sd","13:04:28",184900
23.55,0,100,"sd","13:04:18",184800
23.55,0,100,"sd","13:04:07",184700
23.55,0,100,"sd","13:03:57",184600
23.55,0,100,"sd","13:03:46",184500
23.55,0,100,"sd","13:03:35",184400
23.55,0,100,"sd","13:03:26",184300
23.55,0,100,"sd","13:03:15",184200
23.6,0.05,200,"bu","13:03:14",184100
23.6,0.05,1000,"bu","13:03:06",183900
23.55,0,100,"sd","13:03:04",182900
23.6,0.05,100,"bu","13:02:58",182800
23.55,0,100,"sd","13:02:54",182700
23.6,0.05,600,"bu","13:02:45",182600
23.55,0,100,"sd","13:02:44",182000
23.6,0.05,100,"bu","13:02:43",181900
23.6,0.05,500,"bu","13:02:33",181800
23.55,0,100,"sd","13:02:33",181300
23.55,0,100,"sd","13:02:22",181200
23.6,0.05,800,"bu","13:02:19",181100
23.6,0.05,500,"bu","13:02:13",180300
23.55,0,100,"sd","13:02:12",179800
23.55,0,100,"sd","13:02:03",179700
23.55,0,100,"sd","13:01:52",179600
23.55,0,100,"sd","13:01:42",179500
23.6,0.05,1000,"bu","13:01:34",179400
23.55,0,100,"sd","13:01:31",178400
23.6,0.05,200,"bu","13:01:30",178300
23.55,0,100,"sd","13:01:20",178100
23.55,0,100,"sd","13:01:10",178000
23.55,0,100,"sd","13:01:00",177900
23.6,0.05,200,"bu","13:00:50",177800
23.55,0,500,"sd","13:00:05",177600
23.6,0.05,5900,"bu","13:00:00",177100
23.6,0.05,200,"bu","11:29:53",171200
23.6,0.05,200,"bu","11:29:25",171000
23.55,0,100,"sd","11:28:47",170800
23.6,0.05,200,"bu","11:28:43",170700
23.55,0,100,"sd","11:28:28",170500
23.55,0,100,"sd","11:28:09",170400
23.55,0,100,"sd","11:27:50",170300
23.55,0,1000,"sd","11:27:47",170200
23.55,0,100,"sd","11:27:31",169200
23.55,0,100,"sd","11:27:13",169100
23.6,0.05,200,"bu","11:26:58",169000
23.55,0,100,"sd","11:26:54",168800
23.55,0,100,"sd","11:26:35",168700
23.55,0,100,"sd","11:26:16",168600
23.6,0.05,200,"bu","11:26:10",168500
23.55,0,1000,"sd","11:26:06",168300
23.55,0,100,"sd","11:25:57",167300
23.6,0.05,500,"bu","11:25:53",167200
23.55,0,100,"sd","11:25:39",166700
23.55,0,100,"sd","11:25:19",166600
23.55,0,100,"sd","11:25:00",166500
23.6,0.05,200,"bu","11:24:53",166400
23.55,0,100,"sd","11:24:42",166200
23.55,0,100,"sd","11:24:23",166100
23.55,0,100,"sd","11:24:04",166000
23.55,0,100,"sd","11:23:45",165900
23.55,0,100,"sd","11:23:27",165800
23.6,0.05,200,"bu","11:23:20",165700
23.55,0,100,"sd","11:23:08",165500
23.55,0,2000,"sd","11:22:58",165400
23.55,0,100,"sd","11:22:49",163400
23.6,0.05,200,"bu","11:22:43",163300
23.55,0,100,"sd","11:22:30",163100
23.55,0,100,"sd","11:22:11",163000
23.6,0.05,200,"bu","11:22:00",162900
23.55,0,100,"sd","11:21:52",162700
23.55,0,100,"sd","11:21:34",162600
23.6,0.05,200,"bu","11:21:19",162500
23.55,0,100,"sd","11:21:15",162300
23.55,0,100,"sd","11:20:56",162200
23.55,0,100,"sd","11:20:37",162100
23.55,0,500,"sd","11:20:29",162000
23.6,0.05,200,"bu","11:20:19",161500
23.55,0,100,"sd","11:20:18",161300
23.55,0,100,"sd","11:20:00",161200
23.6,0.05,200,"bu","11:19:44",161100
23.55,0,100,"sd","11:19:41",160900
23.55,0,100,"sd","11:19:23",160800
23.55,0,100,"sd","11:19:03",160700
23.55,0,100,"sd","11:18:45",160600
23.55,0,3000,"sd","11:18:41",160500
23.55,0,100,"sd","11:18:26",157500
23.55,0,100,"sd","11:18:07",157400
23.55,0,100,"sd","11:17:48",157300
23.55,0,100,"sd","11:17:30",157200
23.55,0,100,"sd","11:17:11",157100
23.6,0.05,200,"bu","11:17:09",157000
23.55,0,100,"sd","11:16:52",156800
23.55,0,100,"sd","11:16:33",156700
23.55,0,2000,"sd","11:16:28",156600
23.55,0,100,"sd","11:16:15",154600
23.55,0,2000,"sd","11:16:06",154500
23.55,0,100,"sd","11:15:56",152500
23.55,0,300,"sd","11:15:37",152400
23.55,0,100,"sd","11:15:19",152100
23.55,0,100,"sd","11:15:00",152000
23.55,0,100,"sd","11:14:42",151900
23.55,0,100,"sd","11:14:23",151800
23.55,0,100,"sd","11:14:04",151700
23.6,0.05,200,"bu","11:14:01",151600
23.55,0,100,"sd","11:13:45",151400
23.55,0,100,"sd","11:13:26",151300
23.55,0,100,"sd","11:13:08",151200
23.55,0,100,"sd","11:12:49",151100
23.55,0,100,"sd","11:12:30",151000
23.55,0,100,"sd","11:12:12",150900
23.55,0,100,"sd","11:11:53",150800
23.55,0,100,"sd","11:11:34",150700
23.55,0,100,"sd","11:11:16",150600
23.55,0,100,"sd","11:10:57",150500
23.55,0,100,"sd","11:10:38",150400
23.55,0,100,"sd","11:10:20",150300
23.55,0,100,"sd","11:10:01",150200
23.55,0,100,"sd","11:09:42",150100
23.55,0,100,"sd","11:09:24",150000
23.55,0,100,"sd","11:09:05",149900
23.55,0,100,"sd","11:08:46",149800
23.55,0,100,"sd","11:08:28",149700
23.55,0,100,"sd","11:08:09",149600
23.55,0,100,"sd","11:07:50",149500
23.55,0,100,"sd","11:07:32",149400
23.55,0,2000,"sd","11:07:30",149300
23.55,0,100,"sd","11:07:14",147300
23.55,0,100,"sd","11:06:54",147200
23.55,0,1000,"sd","11:06:37",147100
23.55,0,100,"sd","11:06:36",146100
23.55,0,100,"sd","11:06:17",146000
23.55,0,100,"sd","11:05:59",145900
23.55,0,100,"sd","11:05:40",145800
23.55,0,100,"sd","11:05:21",145700
23.55,0,100,"sd","11:05:03",145600
23.55,0,100,"sd","11:04:44",145500
23.5,-0.05,100,"sd","11:04:25",145400
23.5,-0.05,100,"sd","11:04:07",145300
23.5,-0.05,200,"sd","11:03:50",145200
23.5,-0.05,100,"sd","11:03:48",145000
23.5,-0.05,100,"sd","11:03:29",144900
23.5,-0.05,100,"sd","11:03:11",144800
23.55,0,2000,"bu","11:02:59",144700
23.5,-0.05,100,"sd","11:02:53",142700
23.5,-0.05,100,"sd","11:02:34",142600
23.5,-0.05,100,"sd","11:02:15",142500
23.5,-0.05,100,"sd","11:01:57",142400
23.5,-0.05,100,"sd","11:01:38",142300
23.5,-0.05,100,"sd","11:01:20",142200
23.55,0,600,"bu","11:01:01",142100
23.5,-0.05,100,"sd","11:01:01",141500
23.5,-0.05,100,"sd","11:00:42",141400
23.5,-0.05,100,"sd","11:00:24",141300
23.5,-0.05,100,"sd","11:00:05",141200
23.5,-0.05,100,"sd","10:59:47",141100
23.5,-0.05,100,"sd","10:59:28",141000
23.55,0,4400,"sd","10:59:16",140900
23.55,0,100,"sd","10:59:10",136500
23.55,0,2000,"sd","10:59:05",136400
23.55,0,100,"sd","10:58:51",134400
23.55,0,1000,"sd","10:58:46",134300
23.55,0,1000,"sd","10:58:42",133300
23.55,0,100,"sd","10:58:32",132300
23.55,0,100,"sd","10:58:14",132200
23.55,0,100,"sd","10:57:55",132100
23.55,0,100,"sd","10:57:37",132000
23.55,0,100,"sd","10:57:18",131900
23.55,0,100,"sd","10:57:00",131800
23.55,0,100,"sd","10:56:41",131700
23.55,0,100,"sd","10:56:23",131600
23.55,0,100,"sd","10:56:04",131500
23.55,0,100,"sd","10:55:46",131400
23.55,0,2000,"sd","10:55:30",131300
23.55,0,100,"sd","10:55:27",129300
23.55,0,400,"sd","10:55:19",129200
23.55,0,100,"sd","10:55:09",128800
23.55,0,100,"sd","10:54:50",128700
23.55,0,100,"sd","10:54:32",128600
23.55,0,100,"sd","10:54:13",128500
23.55,0,100,"sd","10:53:54",128400
23.55,0,100,"sd","10:53:36",128300
23.55,0,100,"sd","10:53:18",128200
23.55,0,100,"sd","10:52:59",128100
23.55,0,100,"sd","10:52:40",128000
23.6,0.05,2000,"bu","10:52:25",127900
23.55,0,100,"sd","10:52:22",125900
23.55,0,100,"sd","10:52:04",125800
23.55,0,200,"sd","10:52:03",125700
23.6,0.05,300,"bu","10:52:02",125500
23.55,0,100,"sd","10:51:45",125200
23.55,0,100,"sd","10:51:27",125100
23.55,0,100,"sd","10:51:08",125000
23.55,0,100,"sd","10:50:49",124900
23.55,0,100,"sd","10:50:31",124800
23.55,0,100,"sd","10:50:13",124700
23.55,0,100,"sd","10:49:54",124600
23.55,0,1500,"sd","10:49:38",124500
23.55,0,100,"sd","10:49:36",123000
23.55,0,100,"sd","10:49:17",122900
23.55,0,100,"sd","10:48:59",122800
23.55,0,100,"sd","10:48:41",122700
23.55,0,100,"sd","10:48:22",122600
23.55,0,100,"sd","10:48:03",122500
23.55,0,100,"sd","10:47:45",122400
23.55,0,100,"sd","10:47:26",122300
23.55,0,100,"sd","10:47:08",122200
23.55,0,100,"sd","10:46:49",122100
23.55,0,100,"sd","10:46:31",122000
23.55,0,100,"sd","10:46:13",121900
23.55,0,200,"sd","10:45:59",121800
23.55,0,100,"sd","10:45:54",121600
23.55,0,100,"sd","10:45:36",121500
23.55,0,100,"sd","10:45:18",121400
23.55,0,100,"sd","10:44:59",121300
23.55,0,100,"sd","10:44:41",121200
23.55,0,100,"sd","10:44:22",121100
23.55,0,100,"sd","10:44:04",121000
23.55,0,100,"sd","10:43:46",120900
23.55,0,100,"sd","10:43:27",120800
23.55,0,100,"sd","10:43:09",120700
23.55,0,100,"sd","10:42:50",120600
23.55,0,100,"sd","10:42:32",120500
23.55,0,100,"sd","10:42:14",120400
23.55,0,100,"sd","10:41:55",120300
23.55,0,2100,"sd","10:41:37",120200
23.55,0,100,"sd","10:41:18",118100
23.55,0,100,"sd","10:41:00",118000
23.55,0,100,"sd","10:40:41",117900
23.55,0,100,"sd","10:40:23",117800
23.55,0,100,"sd","10:40:05",117700
23.55,0,100,"sd","10:39:47",117600
23.55,0,100,"sd","10:39:28",117500
23.55,0,100,"sd","10:39:10",117400
23.55,0,100,"sd","10:38:52",117300
23.55,0,100,"sd","10:38:33",117200
23.55,0,100,"sd","10:38:15",117100
23.55,0,100,"sd","10:37:56",117000
23.55,0,100,"sd","10:37:38",116900
23.55,0,100,"sd","10:37:19",116800
23.55,0,100,"sd","10:37:01",116700
23.55,0,100,"sd","10:36:43",116600
23.55,0,100,"sd","10:36:24",116500
23.55,0,100,"sd","10:36:06",116400
23.55,0,100,"sd","10:35:48",116300
23.55,0,100,"sd","10:35:29",116200
23.55,0,100,"sd","10:35:11",116100
23.55,0,1000,"sd","10:35:01",116000
23.55,0,100,"sd","10:34:53",115000
23.55,0,1000,"sd","10:34:52",114900
23.55,0,100,"sd","10:34:34",113900
23.55,0,100,"sd","10:34:16",113800
23.55,0,100,"sd","10:33:58",113700
23.55,0,100,"sd","10:33:39",113600
23.55,0,100,"sd","10:33:21",113500
23.55,0,100,"sd","10:33:03",113400
23.55,0,3000,"sd","10:33:00",113300
23.55,0,100,"sd","10:32:45",110300
23.55,0,100,"sd","10:32:26",110200
23.55,0,100,"sd","10:32:08",110100
23.55,0,100,"sd","10:31:50",110000
23.55,0,100,"sd","10:31:32",109900
23.55,0,100,"sd","10:31:13",109800
23.55,0,100,"sd","10:30:55",109700
23.55,0,100,"sd","10:30:36",109600
23.55,0,100,"sd","10:30:18",109500
23.55,0,100,"sd","10:30:00",109400
23.55,0,100,"sd","10:29:42",109300
23.55,0,100,"sd","10:29:23",109200
23.55,0,100,"sd","10:29:05",109100
23.55,0,100,"sd","10:28:47",109000
23.6,0.05,100,"bu","10:28:36",108900
23.55,0,100,"sd","10:28:28",108800
23.55,0,100,"sd","10:28:10",108700
23.55,0,100,"sd","10:27:52",108600
23.55,0,3000,"sd","10:27:47",108500
23.55,0,100,"sd","10:27:34",105500
23.55,0,100,"sd","10:27:16",105400
23.55,0,2000,"sd","10:27:12",105300
23.55,0,100,"sd","10:26:57",103300
23.55,0,100,"sd","10:26:39",103200
23.55,0,100,"sd","10:26:20",103100
23.55,0,100,"sd","10:26:02",103000
23.55,0,100,"sd","10:25:44",102900
23.55,0,2000,"sd","10:25:33",102800
23.55,0,100,"sd","10:25:26",100800
23.55,0,100,"sd","10:25:08",100700
23.55,0,100,"sd","10:24:50",100600
23.55,0,100,"sd","10:24:31",100500
23.55,0,100,"sd","10:24:13",100400
23.55,0,100,"sd","10:23:55",100300
23.55,0,100,"sd","10:23:36",100200
23.55,0,100,"sd","10:23:18",100100
23.55,0,100,"sd","10:23:00",100000
23.55,0,100,"sd","10:22:42",99900
23.55,0,100,"sd","10:22:23",99800
23.6,0.05,300,"bu","10:22:20",99700
23.55,0,100,"sd","10:22:05",99400
23.55,0,100,"sd","10:21:47",99300
23.6,0.05,7300,"sd","10:21:33",99200
23.6,0.05,1000,"sd","10:21:32",91900
23.6,0.05,100,"sd","10:21:29",90900
23.6,0.05,100,"sd","10:21:11",90800
23.6,0.05,100,"sd","10:20:52",90700
23.6,0.05,100,"sd","10:20:34",90600
23.6,0.05,100,"sd","10:20:16",90500
23.6,0.05,100,"sd","10:19:58",90400
23.6,0.05,100,"sd","10:19:39",90300
23.6,0.05,100,"sd","10:19:21",90200
23.65,0.1,200,"bu","10:19:14",90100
23.6,0.05,200,"sd","10:19:13",89900
23.6,0.05,100,"sd","10:19:03",89700
23.65,0.1,300,"bu","10:18:52",89600
23.6,0.05,100,"sd","10:18:45",89300
23.6,0.05,100,"sd","10:18:27",89200
23.6,0.05,400,"sd","10:18:14",89100
23.6,0.05,100,"sd","10:18:08",88700
23.6,0.05,100,"sd","10:17:50",88600
23.6,0.05,100,"sd","10:17:32",88500
23.6,0.05,100,"sd","10:17:14",88400
23.6,0.05,100,"sd","10:16:56",88300
23.6,0.05,100,"sd","10:16:38",88200
23.6,0.05,100,"sd","10:16:19",88100
23.6,0.05,100,"sd","10:16:01",88000
23.6,0.05,100,"sd","10:15:43",87900
23.6,0.05,100,"sd","10:15:25",87800
23.6,0.05,100,"sd","10:15:07",87700
23.6,0.05,100,"sd","10:14:49",87600
23.6,0.05,100,"sd","10:14:30",87500
23.6,0.05,100,"sd","10:14:13",87400
23.6,0.05,100,"sd","10:13:54",87300
23.6,0.05,100,"sd","10:13:36",87200
23.6,0.05,100,"sd","10:13:18",87100
23.6,0.05,100,"sd","10:13:00",87000
23.6,0.05,100,"sd","10:12:41",86900
23.65,0.1,100,"bu","10:12:29",86800
23.6,0.05,100,"sd","10:12:24",86700
23.6,0.05,100,"sd","10:12:05",86600
23.6,0.05,2000,"sd","10:12:03",86500
23.6,0.05,100,"sd","10:11:47",84500
23.6,0.05,100,"sd","10:11:29",84400
23.6,0.05,100,"sd","10:11:11",84300
23.6,0.05,100,"sd","10:10:53",84200
23.6,0.05,100,"sd","10:10:35",84100
23.6,0.05,100,"sd","10:10:17",84000
23.6,0.05,100,"sd","10:09:58",83900
23.6,0.05,100,"sd","10:09:40",83800
23.6,0.05,100,"sd","10:09:22",83700
23.6,0.05,100,"sd","10:09:04",83600
23.6,0.05,100,"sd","10:08:46",83500
23.6,0.05,100,"sd","10:08:28",83400
23.6,0.05,100,"sd","10:08:10",83300
23.6,0.05,100,"sd","10:07:51",83200
23.6,0.05,100,"sd","10:07:34",83100
23.6,0.05,100,"sd","10:07:15",83000
23.6,0.05,100,"sd","10:06:57",82900
23.6,0.05,100,"sd","10:06:39",82800
23.6,0.05,100,"sd","10:06:21",82700
23.6,0.05,100,"sd","10:06:03",82600
23.6,0.05,100,"sd","10:05:45",82500
23.6,0.05,100,"sd","10:05:27",82400
23.6,0.05,100,"sd","10:05:09",82300
23.65,0.1,1000,"bu","10:05:00",82200
23.6,0.05,100,"sd","10:04:50",81200
23.6,0.05,100,"sd","10:04:32",81100
23.6,0.05,100,"sd","10:04:14",81000
23.6,0.05,100,"sd","10:03:56",80900
23.6,0.05,100,"sd","10:03:38",80800
23.6,0.05,100,"sd","10:03:20",80700
23.6,0.05,100,"sd","10:03:02",80600
23.6,0.05,100,"sd","10:02:44",80500
23.6,0.05,100,"sd","10:02:27",80400
23.6,0.05,100,"sd","10:02:08",80300
23.6,0.05,1000,"sd","10:02:06",80200
23.6,0.05,100,"sd","10:01:50",79200
23.6,0.05,100,"sd","10:01:32",79100
23.6,0.05,100,"sd","10:01:14",79000
23.6,0.05,100,"sd","10:00:56",78900
23.6,0.05,100,"sd","10:00:37",78800
23.6,0.05,100,"sd","10:00:20",78700
23.6,0.05,100,"sd","10:00:02",78600
23.6,0.05,100,"sd","09:59:44",78500
23.6,0.05,100,"sd","09:59:26",78400
23.6,0.05,100,"sd","09:59:07",78300
23.6,0.05,100,"sd","09:58:49",78200
23.6,0.05,100,"sd","09:58:31",78100
23.6,0.05,100,"sd","09:58:13",78000
23.6,0.05,100,"sd","09:57:55",77900
23.6,0.05,2000,"sd","09:57:38",77800
23.6,0.05,100,"sd","09:57:37",75800
23.6,0.05,100,"sd","09:57:19",75700
23.6,0.05,1000,"sd","09:57:14",75600
23.6,0.05,100,"sd","09:57:01",74600
23.6,0.05,100,"sd","09:56:43",74500
23.6,0.05,100,"sd","09:56:26",74400
23.6,0.05,100,"sd","09:56:07",74300
23.65,0.1,1000,"bu","09:55:56",74200
23.6,0.05,100,"sd","09:55:49",73200
23.6,0.05,100,"sd","09:55:31",73100
23.6,0.05,100,"sd","09:55:13",73000
23.6,0.05,100,"sd","09:54:55",72900
23.6,0.05,100,"sd","09:54:37",72800
23.65,0.1,2000,"bu","09:54:26",72700
23.6,0.05,100,"sd","09:54:19",70700
23.6,0.05,500,"sd","09:54:12",70600
23.6,0.05,100,"sd","09:54:01",70100
23.6,0.05,100,"sd","09:53:43",70000
23.6,0.05,100,"sd","09:53:25",69900
23.6,0.05,100,"sd","09:53:07",69800
23.6,0.05,100,"sd","09:52:49",69700
23.6,0.05,100,"sd","09:52:31",69600
23.6,0.05,100,"sd","09:52:13",69500
23.6,0.05,1000,"sd","09:52:08",69400
23.6,0.05,100,"sd","09:51:55",68400
23.6,0.05,100,"sd","09:51:37",68300
23.6,0.05,100,"sd","09:51:19",68200
23.6,0.05,100,"sd","09:51:01",68100
23.6,0.05,100,"sd","09:50:43",68000
23.6,0.05,100,"sd","09:50:25",67900
23.6,0.05,100,"sd","09:50:07",67800
23.6,0.05,100,"sd","09:49:49",67700
23.65,0.1,1000,"bu","09:49:32",67600
23.6,0.05,100,"sd","09:49:31",66600
23.6,0.05,100,"sd","09:49:13",66500
23.6,0.05,3000,"bu","09:49:04",66400
23.55,0,100,"sd","09:48:55",63400
23.55,0,100,"sd","09:48:37",63300
23.55,0,100,"sd","09:48:19",63200
23.55,0,100,"sd","09:48:01",63100
23.55,0,100,"sd","09:47:43",63000
23.55,0,1000,"sd","09:47:34",62900
23.55,0,100,"sd","09:47:26",61900
23.55,0,100,"sd","09:47:08",61800
23.55,0,100,"sd","09:46:49",61700
23.55,0,200,"sd","09:46:32",61600
23.6,0.05,100,"sd","09:45:56",61400
23.6,0.05,100,"sd","09:45:38",61300
23.6,0.05,100,"sd","09:45:19",61200
23.6,0.05,100,"sd","09:45:02",61100
23.6,0.05,100,"sd","09:44:44",61000
23.6,0.05,100,"sd","09:44:26",60900
23.55,0,400,"sd","09:44:11",60800
23.55,0,100,"sd","09:44:08",60400
23.55,0,100,"sd","09:43:50",60300
23.55,0,100,"sd","09:43:32",60200
23.55,0,100,"sd","09:43:15",60100
23.55,0,100,"sd","09:42:56",60000
23.55,0,100,"sd","09:42:38",59900
23.55,0,100,"sd","09:42:20",59800
23.6,0.05,100,"sd","09:42:02",59700
23.6,0.05,3400,"bu","09:42:01",59600
23.55,0,100,"sd","09:41:45",56200
23.55,0,100,"sd","09:41:27",56100
23.6,0.05,100,"bu","09:41:23",56000
23.55,0,100,"sd","09:41:09",55900
23.6,0.05,200,"bu","09:41:09",55800
23.55,0,1000,"sd","09:41:04",55600
23.55,0,100,"sd","09:40:51",54600
23.55,0,100,"sd","09:40:33",54500
23.6,0.05,800,"bu","09:40:30",54400
23.55,0,100,"sd","09:40:15",53600
23.55,0,100,"sd","09:39:57",53500
23.55,0,100,"sd","09:39:39",53400
23.55,0,100,"sd","09:39:21",53300
23.55,0,100,"sd","09:39:03",53200
23.6,0.05,100,"bu","09:38:47",53100
23.55,0,100,"sd","09:38:45",53000
23.55,0,100,"sd","09:38:27",52900
23.55,0,100,"sd","09:38:09",52800
23.55,0,100,"sd","09:37:52",52700
23.55,0,100,"sd","09:37:34",52600
23.55,0,100,"sd","09:37:16",52500
23.55,0,100,"sd","09:36:58",52400
23.55,0,500,"sd","09:36:53",52300
23.55,0,100,"sd","09:36:40",51800
23.55,0,100,"sd","09:36:22",51700
23.55,0,100,"sd","09:36:04",51600
23.55,0,100,"sd","09:35:47",51500
23.55,0,100,"sd","09:35:29",51400
23.6,0.05,9000,"sd","09:35:27",51300
23.6,0.05,100,"sd","09:35:11",42300
23.6,0.05,100,"sd","09:34:53",42200
23.65,0.1,900,"bu","09:34:49",42100
23.6,0.05,100,"sd","09:34:35",41200
23.6,0.05,100,"sd","09:34:17",41100
23.6,0.05,100,"sd","09:33:59",41000
23.65,0.1,1000,"bu","09:33:46",40900
23.6,0.05,100,"sd","09:33:42",39900
23.6,0.05,100,"sd","09:33:24",39800
23.65,0.1,100,"bu","09:33:23",39700
23.65,0.1,100,"bu","09:33:13",39600
23.6,0.05,100,"sd","09:33:06",39500
23.6,0.05,100,"sd","09:33:06",39400
23.65,0.1,500,"sd","09:32:48",39300
23.65,0.1,100,"sd","09:32:30",38800
23.65,0.1,100,"sd","09:32:12",38700
23.65,0.1,100,"sd","09:31:54",38600
23.65,0.1,100,"sd","09:31:37",38500
23.65,0.1,100,"sd","09:31:19",38400
23.65,0.1,100,"sd","09:31:01",38300
23.65,0.1,100,"sd","09:30:43",38200
23.65,0.1,100,"sd","09:30:25",38100
23.65,0.1,100,"sd","09:30:07",38000
23.65,0.1,100,"sd","09:29:49",37900
23.65,0.1,100,"sd","09:29:32",37800
23.65,0.1,100,"sd","09:29:14",37700
23.65,0.1,100,"sd","09:28:56",37600
23.65,0.1,100,"sd","09:28:38",37500
23.7,0.15,1000,"bu","09:28:35",37400
23.65,0.1,100,"sd","09:28:20",36400
23.65,0.1,100,"sd","09:28:02",36300
23.65,0.1,100,"sd","09:27:45",36200
23.65,0.1,100,"sd","09:27:27",36100
23.65,0.1,100,"sd","09:27:09",36000
23.65,0.1,100,"sd","09:26:51",35900
23.65,0.1,100,"sd","09:26:33",35800
23.65,0.1,2400,"bu","09:26:19",35700
23.6,0.05,100,"sd","09:26:16",33300
23.6,0.05,100,"sd","09:25:58",33200
23.6,0.05,100,"sd","09:25:40",33100
23.6,0.05,100,"sd","09:25:22",33000
23.6,0.05,100,"sd","09:25:04",32900
23.6,0.05,2000,"sd","09:24:51",32800
23.6,0.05,100,"sd","09:24:47",30800
23.6,0.05,100,"sd","09:24:29",30700
23.6,0.05,100,"sd","09:24:11",30600
23.6,0.05,100,"sd","09:23:53",30500
23.6,0.05,100,"sd","09:23:35",30400
23.65,0.1,2100,"bu","09:23:25",30300
23.6,0.05,100,"sd","09:23:18",28200
23.6,0.05,100,"sd","09:23:00",28100
23.6,0.05,100,"sd","09:22:42",28000
23.6,0.05,3000,"sd","09:22:27",27900
23.6,0.05,100,"sd","09:22:24",24900
23.6,0.05,100,"sd","09:22:07",24800
23.6,0.05,100,"sd","09:21:53",24700
23.6,0.05,100,"sd","09:21:49",24600
23.6,0.05,100,"sd","09:21:31",24500
23.6,0.05,100,"sd","09:21:13",24400
23.6,0.05,1000,"sd","09:21:04",24300
23.6,0.05,100,"sd","09:20:55",23300
23.6,0.05,100,"sd","09:20:38",23200
23.6,0.05,100,"sd","09:20:20",23100
23.6,0.05,100,"sd","09:20:02",23000
23.6,0.05,100,"sd","09:19:44",22900
23.6,0.05,100,"sd","09:19:26",22800
23.65,0.1,300,"bu","09:19:09",22700
23.6,0.05,100,"sd","09:19:09",22400
23.6,0.05,100,"sd","09:18:51",22300
23.6,0.05,100,"sd","09:18:34",22200
23.6,0.05,100,"sd","09:18:15",22100
23.6,0.05,100,"sd","09:17:58",22000
23.6,0.05,1000,"sd","09:17:49",21900
23.6,0.05,100,"sd","09:17:40",20900
23.6,0.05,100,"sd","09:17:22",20800
23.6,0.05,100,"sd","09:17:04",20700
23.6,0.05,1000,"sd","09:16:48",20600
23.6,0.05,100,"sd","09:16:46",19600
23.6,0.05,100,"sd","09:16:30",19500
23.6,0.05,100,"sd","09:16:11",19400
23.6,0.05,100,"sd","09:15:53",19300
23.6,0.05,400,"sd","09:15:52",19200
23.6,0.05,300,"sd","09:15:37",18800
23.65,0.1,18500,"","09:15:00",18500
