"price","change","match_qtty","side","time","total_vol"
19300,0,3000,"sd","09:00:03",3000
19200,-100,28000,"bu","09:00:04",31000
19200,-100,2000,"bu","09:00:05",33000
19400,100,100000,"sd","09:00:08",133000
19300,0,1000,"bu","09:00:08",134000
19400,100,1000,"bu","09:00:09",135000
19400,100,2000,"sd","09:00:11",137000
19300,0,70000,"sd","09:00:12",207000
19300,0,30000,"bu","09:00:15",237000
19400,100,222000,"bu","09:00:19",459000
19200,-100,535000,"bu","09:00:20",994000
19300,0,56000,"bu","09:00:21",1050000
19300,0,10000,"sd","09:00:23",1060000
19300,0,1000,"sd","09:00:27",1061000
19300,0,105000,"bu","09:00:28",1166000
19200,-100,14000,"sd","09:00:29",1180000
19300,0,10000,"sd","09:00:31",1190000
19300,0,100000,"bu","09:00:33",1290000
19300,0,2000,"sd","09:00:36",1292000
19300,0,113000,"bu","09:00:37",1405000
19300,0,100000,"sd","09:00:45",1505000
19300,0,10000,"sd","09:00:52",1515000
19300,0,30000,"sd","09:00:54",1545000
19300,0,10000,"bu","09:01:01",1555000
19300,0,8000,"bu","09:01:07",1563000
19300,0,200000,"sd","09:01:11",1763000
19300,0,1000,"sd","09:01:16",1764000
19300,0,5000,"sd","09:01:25",1769000
19200,-100,10000,"bu","09:01:26",1779000
19300,0,5000,"sd","09:01:31",1784000
19200,-100,100000,"sd","09:01:37",1884000
19300,0,1000,"bu","09:01:44",1885000
19200,-100,35000,"bu","09:02:19",1920000
19300,0,1000,"bu","09:02:21",1921000
19300,0,2000,"sd","09:02:22",1923000
19200,-100,900000,"sd","09:02:26",2823000
19200,-100,24000,"bu","09:02:31",2847000
19200,-100,5000,"sd","09:02:35",2852000
19200,-100,10000,"sd","09:02:41",2862000
19200,-100,1000,"bu","09:02:45",2863000
19200,-100,20000,"bu","09:02:46",2883000
19200,-100,8000,"bu","09:02:49",2891000
19200,-100,10000,"sd","09:02:50",2901000
19200,-100,15000,"sd","09:02:51",2916000
19200,-100,2000,"sd","09:02:54",2918000
19200,-100,20000,"bu","09:02:59",2938000
19200,-100,50000,"sd","09:03:00",2988000
19200,-100,1000,"bu","09:03:03",2989000
19200,-100,1000,"sd","09:03:07",2990000
19200,-100,1000,"bu","09:03:09",2991000
19200,-100,7000,"bu","09:03:10",2998000
19200,-100,2000,"bu","09:03:11",3000000
19200,-100,2000,"sd","09:03:13",3002000
19100,-200,100000,"bu","09:03:16",3102000
19200,-100,1000,"sd","09:03:17",3103000
19200,-100,5000,"sd","09:03:21",3108000
19200,-100,10000,"sd","09:03:28",3118000
19200,-100,20000,"sd","09:03:32",3138000
19200,-100,50000,"sd","09:03:33",3188000
19200,-100,30000,"bu","09:03:36",3218000
19200,-100,6000,"bu","09:03:45",3224000
19200,-100,30000,"bu","09:03:46",3254000
19200,-100,1000,"bu","09:03:47",3255000
19200,-100,5000,"sd","09:03:55",3260000
19200,-100,5000,"sd","09:04:02",3265000
19200,-100,1000,"bu","09:04:04",3266000
19200,-100,1000,"bu","09:04:07",3267000
19200,-100,10000,"sd","09:04:14",3277000
19200,-100,20000,"bu","09:04:21",3297000
19200,-100,53000,"bu","09:04:25",3350000
19200,-100,10000,"bu","09:04:33",3360000
19200,-100,5000,"sd","09:04:34",3365000
19200,-100,52000,"sd","09:04:36",3417000
19200,-100,7000,"sd","09:04:37",3424000
19100,-200,500000,"sd","09:04:40",3924000
19200,-100,10000,"sd","09:04:45",3934000
19100,-200,20000,"bu","09:04:53",3954000
19200,-100,3000,"sd","09:04:56",3957000
19200,-100,1000,"bu","09:04:57",3958000
19100,-200,33000,"bu","09:05:04",3991000
19200,-100,1000,"bu","09:05:06",3992000
19100,-200,100000,"sd","09:05:11",4092000
19100,-200,30000,"bu","09:05:25",4122000
19200,-100,20000,"bu","09:05:36",4142000
19200,-100,20000,"sd","09:05:39",4162000
19100,-200,50000,"bu","09:05:44",4212000
19100,-200,10000,"bu","09:05:46",4222000
19200,-100,1000,"sd","09:05:52",4223000
19200,-100,7000,"sd","09:06:05",4230000
19200,-100,4000,"sd","09:06:13",4234000
19200,-100,32000,"bu","09:06:14",4266000
19200,-100,10000,"bu","09:06:19",4276000
19200,-100,1000,"bu","09:06:20",4277000
19200,-100,1000,"bu","09:06:23",4278000
19200,-100,2000,"sd","09:06:27",4280000
19200,-100,1000,"bu","09:06:40",4281000
19200,-100,1000,"bu","09:06:42",4282000
19200,-100,1000,"bu","09:06:46",4283000
19200,-100,50000,"sd","09:06:54",4333000
19200,-100,1000,"sd","09:07:04",4334000
19200,-100,5000,"sd","09:07:09",4339000
19200,-100,20000,"sd","09:07:12",4359000
19200,-100,3000,"sd","09:07:14",4362000
19200,-100,1000,"sd","09:07:15",4363000
19200,-100,1000,"sd","09:07:20",4364000
19200,-100,1000,"bu","09:07:24",4365000
19100,-200,646000,"sd","09:07:27",5011000
19100,-200,30000,"bu","09:07:50",5041000
19100,-200,20000,"sd","09:08:13",5061000
19200,-100,10000,"bu","09:08:27",5071000
19200,-100,20000,"bu","09:08:28",5091000
19200,-100,25000,"bu","09:08:38",5116000
19200,-100,24000,"bu","09:08:54",5140000
19200,-100,1000,"bu","09:08:55",5141000
19200,-100,3000,"sd","09:09:02",5144000
19200,-100,1000,"sd","09:09:14",5145000
19200,-100,2000,"sd","09:09:15",5147000
19200,-100,5000,"bu","09:09:17",5152000
19100,-200,5000,"sd","09:09:21",5157000
19100,-200,20000,"bu","09:09:29",5177000
19100,-200,10000,"bu","09:09:35",5187000
19200,-100,70000,"sd","09:09:36",5257000
19200,-100,5000,"bu","09:09:48",5262000
19200,-100,2000,"bu","09:09:54",5264000
19200,-100,1000,"bu","09:09:56",5265000
19200,-100,1000,"sd","09:10:03",5266000
19200,-100,1000,"bu","09:10:04",5267000
19200,-100,2000,"bu","09:10:14",5269000
19200,-100,10000,"bu","09:10:20",5279000
19200,-100,1000,"sd","09:10:28",5280000
19200,-100,1000,"bu","09:10:30",5281000
19200,-100,52000,"bu","09:10:51",5333000
19200,-100,10000,"bu","09:10:56",5343000
19200,-100,20000,"sd","09:10:58",5363000
19200,-100,5000,"sd","09:11:00",5368000
19200,-100,2000,"sd","09:11:22",5370000
19200,-100,1000,"bu","09:11:24",5371000
19200,-100,1000,"bu","09:11:26",5372000
19200,-100,120000,"bu","09:11:32",5492000
19100,-200,1000,"sd","09:11:40",5493000
19200,-100,1000,"bu","09:11:44",5494000
19200,-100,50000,"bu","09:11:47",5544000
19200,-100,10000,"bu","09:11:48",5554000
19200,-100,10000,"sd","09:11:58",5564000
19200,-100,10000,"bu","09:12:05",5574000
19200,-100,7000,"bu","09:12:13",5581000
19200,-100,1000,"sd","09:12:19",5582000
19200,-100,200000,"bu","09:12:37",5782000
19200,-100,5000,"bu","09:12:43",5787000
19200,-100,91000,"sd","09:12:47",5878000
19200,-100,5000,"bu","09:13:05",5883000
19100,-200,1000,"sd","09:13:08",5884000
19200,-100,100000,"sd","09:13:10",5984000
19200,-100,10000,"sd","09:13:13",5994000
19200,-100,5000,"sd","09:13:17",5999000
19200,-100,100000,"sd","09:13:18",6099000
19200,-100,1000,"sd","09:13:19",6100000
19200,-100,20000,"sd","09:13:24",6120000
19200,-100,71000,"bu","09:13:25",6191000
19200,-100,1000,"bu","09:13:31",6192000
19200,-100,1000,"bu","09:13:33",6193000
19200,-100,61000,"sd","09:13:38",6254000
19200,-100,10000,"sd","09:13:43",6264000
19200,-100,30000,"bu","09:13:45",6294000
19200,-100,1000,"bu","09:13:47",6295000
19200,-100,20000,"bu","09:13:48",6315000
19200,-100,100000,"bu","09:13:52",6415000
19200,-100,10000,"bu","09:13:53",6425000
19200,-100,29000,"bu","09:13:56",6454000
19200,-100,150000,"sd","09:13:57",6604000
19200,-100,119000,"bu","09:13:59",6723000
19200,-100,1000,"bu","09:14:01",6724000
19200,-100,10000,"bu","09:14:05",6734000
19200,-100,5000,"bu","09:14:06",6739000
19200,-100,40000,"bu","09:14:07",6779000
19200,-100,50000,"sd","09:14:08",6829000
19200,-100,30000,"sd","09:14:09",6859000
19200,-100,50000,"sd","09:14:10",6909000
19200,-100,58000,"sd","09:14:14",6967000
19200,-100,32000,"sd","09:14:15",6999000
19200,-100,8000,"sd","09:14:16",7007000
19200,-100,10000,"sd","09:14:18",7017000
19200,-100,16000,"bu","09:14:19",7033000
19200,-100,300000,"bu","09:14:20",7333000
19200,-100,35000,"bu","09:14:21",7368000
19200,-100,100000,"bu","09:14:23",7468000
19200,-100,150000,"bu","09:14:24",7618000
19200,-100,12000,"bu","09:14:25",7630000
19200,-100,31000,"bu","09:14:27",7661000
19200,-100,12000,"bu","09:14:28",7673000
19200,-100,41000,"bu","09:14:29",7714000
19200,-100,1000,"sd","09:14:30",7715000
19200,-100,32000,"bu","09:14:32",7747000
19200,-100,10000,"bu","09:14:33",7757000
19200,-100,350000,"bu","09:14:34",8107000
19200,-100,151000,"bu","09:14:35",8258000
19200,-100,10000,"sd","09:14:55",8268000
19200,-100,13000,"sd","09:15:05",8281000
19300,0,2000,"sd","09:15:10",8283000
19200,-100,10000,"bu","09:15:21",8293000
19200,-100,71000,"bu","09:15:26",8364000
19200,-100,16000,"bu","09:15:51",8380000
19200,-100,30000,"bu","09:16:03",8410000
19200,-100,5000,"bu","09:16:16",8415000
19200,-100,7000,"sd","09:16:45",8422000
19200,-100,30000,"bu","09:16:48",8452000
19200,-100,2000,"sd","09:17:02",8454000
19200,-100,2000,"sd","09:17:08",8456000
19200,-100,15000,"bu","09:17:09",8471000
19200,-100,8000,"sd","09:17:16",8479000
19200,-100,9000,"bu","09:17:32",8488000
19300,0,10000,"bu","09:17:33",8498000
19200,-100,10000,"bu","09:17:36",8508000
19200,-100,50000,"bu","09:17:39",8558000
19200,-100,50000,"sd","09:18:07",8608000
19200,-100,8000,"sd","09:18:11",8616000
19300,0,20000,"bu","09:18:13",8636000
19200,-100,50000,"bu","09:18:27",8686000
19200,-100,8000,"bu","09:18:30",8694000
19200,-100,25000,"sd","09:18:40",8719000
19300,0,5000,"sd","09:18:50",8724000
19300,0,5000,"sd","09:19:39",8729000
19200,-100,30000,"sd","09:19:45",8759000
19300,0,2000,"sd","09:19:47",8761000
19300,0,5000,"bu","09:19:50",8766000
19200,-100,100000,"bu","09:19:55",8866000
19200,-100,2000,"sd","09:19:59",8868000
19300,0,1000,"sd","09:20:14",8869000
19200,-100,19000,"sd","09:20:20",8888000
19200,-100,30000,"bu","09:20:30",8918000
19200,-100,3000,"sd","09:20:33",8921000
19200,-100,301000,"bu","09:20:35",9222000
19200,-100,20000,"bu","09:20:38",9242000
19200,-100,5000,"sd","09:20:43",9247000
19200,-100,10000,"bu","09:20:57",9257000
19200,-100,1000,"sd","09:21:12",9258000
19200,-100,20000,"bu","09:21:17",9278000
19200,-100,15000,"bu","09:21:19",9293000
19200,-100,20000,"sd","09:21:35",9313000
19200,-100,20000,"bu","09:21:44",9333000
19200,-100,1000,"bu","09:22:00",9334000
19200,-100,10000,"sd","09:22:05",9344000
19200,-100,24000,"sd","09:22:07",9368000
19200,-100,40000,"sd","09:22:24",9408000
19200,-100,40000,"bu","09:22:26",9448000
19200,-100,180000,"sd","09:22:28",9628000
19200,-100,10000,"bu","09:22:37",9638000
19200,-100,80000,"bu","09:22:41",9718000
19200,-100,20000,"bu","09:22:47",9738000
19300,0,50000,"sd","09:22:52",9788000
19200,-100,20000,"sd","09:22:54",9808000
19200,-100,54000,"bu","09:22:56",9862000
19200,-100,2000,"sd","09:23:01",9864000
19200,-100,24000,"sd","09:23:03",9888000
19300,0,20000,"bu","09:23:06",9908000
19300,0,20000,"bu","09:23:18",9928000
19200,-100,24000,"sd","09:23:22",9952000
19300,0,2000,"bu","09:23:28",9954000
19300,0,20000,"sd","09:23:34",9974000
19300,0,2000,"sd","09:23:35",9976000
19300,0,10000,"sd","09:23:36",9986000
19300,0,20000,"bu","09:23:44",10006000
19300,0,2000,"sd","09:23:46",10008000
19300,0,31000,"sd","09:23:53",10039000
19200,-100,100000,"bu","09:24:00",10139000
19300,0,76000,"bu","09:24:02",10215000
19300,0,10000,"bu","09:24:04",10225000
19300,0,2000,"bu","09:24:23",10227000
19300,0,50000,"sd","09:24:26",10277000
19300,0,11000,"bu","09:24:38",10288000
19300,0,1000,"sd","09:25:10",10289000
19200,-100,1000,"bu","09:25:20",10290000
19200,-100,30000,"sd","09:25:40",10320000
19200,-100,2000,"sd","09:25:44",10322000
19200,-100,10000,"bu","09:25:46",10332000
19200,-100,13000,"bu","09:25:48",10345000
19200,-100,2000,"bu","09:25:52",10347000
19200,-100,50000,"bu","09:25:57",10397000
19200,-100,5000,"sd","09:25:59",10402000
19200,-100,5000,"sd","09:26:04",10407000
19200,-100,4000,"bu","09:26:07",10411000
19200,-100,2000,"sd","09:26:13",10413000
19300,0,410000,"sd","09:26:41",10823000
19300,0,5000,"bu","09:26:46",10828000
19300,0,31000,"bu","09:26:51",10859000
19300,0,2000,"sd","09:27:21",10861000
19300,0,150000,"sd","09:27:43",11011000
19300,0,52000,"bu","09:27:56",11063000
19200,-100,10000,"sd","09:28:50",11073000
19300,0,1000,"sd","09:29:19",11074000
19200,-100,5000,"sd","09:29:20",11079000
19200,-100,50000,"sd","09:29:56",11129000
19200,-100,20000,"sd","09:29:59",11149000
19200,-100,6000,"sd","09:30:12",11155000
19200,-100,10000,"bu","09:30:13",11165000
19200,-100,50000,"sd","09:30:22",11215000
19200,-100,7000,"bu","09:30:30",11222000
19200,-100,70000,"bu","09:30:34",11292000
19200,-100,10000,"bu","09:30:40",11302000
19200,-100,30000,"bu","09:30:47",11332000
19200,-100,100000,"sd","09:30:59",11432000
19300,0,50000,"bu","09:31:11",11482000
19200,-100,52000,"sd","09:31:33",11534000
19200,-100,1000,"sd","09:31:58",11535000
19200,-100,50000,"sd","09:32:11",11585000
19200,-100,5000,"bu","09:32:27",11590000
19200,-100,5000,"sd","09:32:46",11595000
19300,0,1000,"sd","09:33:04",11596000
19200,-100,20000,"sd","09:33:15",11616000
19300,0,50000,"bu","09:33:50",11666000
19200,-100,30000,"bu","09:33:53",11696000
19200,-100,110000,"bu","09:34:09",11806000
19200,-100,5000,"bu","09:34:14",11811000
19200,-100,1000,"sd","09:34:36",11812000
19200,-100,5000,"sd","09:34:38",11817000
19200,-100,1000,"sd","09:35:08",11818000
19200,-100,50000,"sd","09:35:21",11868000
19300,0,2000,"sd","09:35:33",11870000
19300,0,5000,"bu","09:35:51",11875000
19300,0,3000,"sd","09:36:21",11878000
19300,0,10000,"sd","09:36:25",11888000
19200,-100,4000,"sd","09:36:33",11892000
19300,0,10000,"bu","09:36:45",11902000
19200,-100,3000,"bu","09:36:51",11905000
19200,-100,12000,"sd","09:36:53",11917000
19300,0,5000,"sd","09:37:07",11922000
19300,0,3000,"sd","09:37:25",11925000
19300,0,10000,"bu","09:37:27",11935000
19300,0,5000,"bu","09:37:38",11940000
19300,0,3000,"sd","09:37:42",11943000
19300,0,2000,"sd","09:37:56",11945000
19300,0,2000,"sd","09:38:00",11947000
19300,0,2000,"sd","09:38:01",11949000
19300,0,10000,"sd","09:38:07",11959000
19200,-100,50000,"bu","09:38:22",12009000
19200,-100,20000,"sd","09:38:57",12029000
19200,-100,20000,"sd","09:39:04",12049000
19200,-100,10000,"sd","09:39:43",12059000
19200,-100,1000,"bu","09:39:47",12060000
19200,-100,40000,"sd","09:40:01",12100000
19200,-100,50000,"bu","09:40:04",12150000
19200,-100,19000,"sd","09:40:18",12169000
19200,-100,10000,"bu","09:40:32",12179000
19300,0,40000,"bu","09:40:40",12219000
19200,-100,110000,"bu","09:40:43",12329000
19200,-100,1000000,"sd","09:40:52",13329000
19200,-100,60000,"sd","09:40:57",13389000
19200,-100,20000,"sd","09:40:58",13409000
19200,-100,529000,"sd","09:40:59",13938000
19200,-100,3000,"sd","09:41:04",13941000
19200,-100,20000,"bu","09:41:17",13961000
19200,-100,200000,"sd","09:41:30",14161000
19200,-100,200000,"bu","09:41:34",14361000
19200,-100,10000,"bu","09:41:37",14371000
19200,-100,24000,"sd","09:41:39",14395000
19200,-100,40000,"bu","09:41:41",14435000
19200,-100,200000,"bu","09:41:43",14635000
19200,-100,160000,"bu","09:41:44",14795000
19200,-100,100000,"bu","09:41:47",14895000
19200,-100,190000,"sd","09:41:51",15085000
19200,-100,30000,"bu","09:41:56",15115000
19200,-100,2000,"bu","09:41:57",15117000
19200,-100,100000,"bu","09:41:59",15217000
19200,-100,65000,"sd","09:42:02",15282000
19200,-100,50000,"sd","09:42:03",15332000
19200,-100,1000,"bu","09:42:10",15333000
19200,-100,5000,"sd","09:42:11",15338000
19200,-100,2000,"bu","09:42:23",15340000
19200,-100,100000,"sd","09:42:24",15440000
19200,-100,2000,"bu","09:42:53",15442000
19200,-100,10000,"bu","09:43:08",15452000
19200,-100,3000,"bu","09:43:29",15455000
19200,-100,50000,"sd","09:43:35",15505000
19200,-100,77000,"sd","09:43:39",15582000
19200,-100,10000,"bu","09:43:40",15592000
19200,-100,7000,"sd","09:43:51",15599000
19200,-100,10000,"sd","09:44:14",15609000
19200,-100,1000,"sd","09:44:23",15610000
19200,-100,10000,"bu","09:44:32",15620000
19200,-100,1000,"bu","09:44:45",15621000
19200,-100,1000,"sd","09:44:47",15622000
19100,-200,20000,"bu","09:44:48",15642000
19200,-100,3000,"bu","09:45:47",15645000
19100,-200,10000,"bu","09:45:49",15655000
19100,-200,10000,"sd","09:45:52",15665000
19100,-200,3000,"sd","09:46:00",15668000
19100,-200,20000,"sd","09:46:03",15688000
19100,-200,200000,"bu","09:46:07",15888000
19100,-200,10000,"sd","09:46:14",15898000
19100,-200,20000,"sd","09:46:16",15918000
19100,-200,20000,"sd","09:46:19",15938000
19100,-200,100000,"sd","09:46:23",16038000
19100,-200,50000,"sd","09:46:33",16088000
19200,-100,50000,"bu","09:46:34",16138000
19200,-100,3000,"sd","09:46:36",16141000
19200,-100,24000,"bu","09:47:06",16165000
19200,-100,3000,"bu","09:47:13",16168000
19200,-100,2000,"bu","09:47:17",16170000
19100,-200,200000,"sd","09:47:20",16370000
19100,-200,140000,"bu","09:47:27",16510000
19100,-200,3000,"bu","09:47:34",16513000
19100,-200,400000,"bu","09:47:38",16913000
19100,-200,10000,"bu","09:47:41",16923000
19100,-200,5000,"bu","09:47:45",16928000
19100,-200,10000,"sd","09:47:53",16938000
19100,-200,40000,"sd","09:47:54",16978000
19100,-200,1000,"bu","09:47:55",16979000
19100,-200,50000,"bu","09:47:56",17029000
19100,-200,1000,"bu","09:47:59",17030000
19100,-200,12000,"bu","09:48:01",17042000
19100,-200,38000,"bu","09:48:03",17080000
19100,-200,20000,"sd","09:48:16",17100000
19100,-200,100000,"sd","09:48:19",17200000
19100,-200,60000,"sd","09:48:27",17260000
19100,-200,20000,"bu","09:48:32",17280000
19100,-200,50000,"sd","09:48:37",17330000
19100,-200,62000,"bu","09:48:38",17392000
19100,-200,8000,"bu","09:48:40",17400000
19100,-200,6000,"bu","09:48:46",17406000
19200,-100,6000,"sd","09:48:49",17412000
19100,-200,315000,"sd","09:48:51",17727000
19100,-200,2408000,"sd","09:48:53",20135000
19100,-200,120000,"sd","09:48:58",20255000
19100,-200,90000,"sd","09:49:04",20345000
19100,-200,15000,"sd","09:49:06",20360000
19100,-200,209000,"bu","09:49:07",20569000
19100,-200,10000,"bu","09:49:10",20579000
19100,-200,760000,"sd","09:49:12",21339000
19100,-200,401000,"sd","09:49:16",21740000
19100,-200,16000,"sd","09:49:17",21756000
19100,-200,1000,"bu","09:49:18",21757000
19100,-200,1000,"sd","09:49:22",21758000
19100,-200,1000,"sd","09:49:29",21759000
19100,-200,50000,"sd","09:49:39",21809000
19100,-200,1000,"sd","09:49:41",21810000
19100,-200,129000,"sd","09:49:58",21939000
19000,-300,40000,"sd","09:50:01",21979000
19000,-300,30000,"sd","09:50:02",22009000
19100,-200,8000,"sd","09:50:06",22017000
19000,-300,200000,"bu","09:50:22",22217000
19000,-300,2000,"bu","09:50:31",22219000
19000,-300,150000,"bu","09:50:36",22369000
19000,-300,31000,"bu","09:50:38",22400000
19000,-300,5000,"bu","09:50:45",22405000
19000,-300,40000,"bu","09:50:53",22445000
19000,-300,3000,"bu","09:50:55",22448000
19000,-300,112000,"bu","09:50:56",22560000
19100,-200,1000,"bu","09:50:58",22561000
19000,-300,20000,"sd","09:51:02",22581000
19000,-300,250000,"sd","09:51:05",22831000
19100,-200,23000,"bu","09:51:12",22854000
19000,-300,250000,"bu","09:51:14",23104000
19000,-300,150000,"sd","09:51:18",23254000
19000,-300,500000,"bu","09:51:19",23754000
19000,-300,19000,"sd","09:51:21",23773000
19000,-300,20000,"bu","09:51:25",23793000
19000,-300,37000,"bu","09:51:26",23830000
19000,-300,20000,"bu","09:51:27",23850000
19000,-300,1950000,"sd","09:51:31",25800000
19000,-300,11000,"sd","09:51:32",25811000
19000,-300,300000,"bu","09:51:35",26111000
19000,-300,20000,"sd","09:51:37",26131000
19000,-300,3000,"sd","09:51:38",26134000
19000,-300,10000,"bu","09:51:39",26144000
19000,-300,80000,"bu","09:51:43",26224000
19000,-300,30000,"sd","09:51:47",26254000
19000,-300,5000,"bu","09:51:49",26259000
19100,-200,2000,"bu","09:51:50",26261000
19000,-300,51000,"sd","09:51:53",26312000
19000,-300,60000,"sd","09:51:54",26372000
19000,-300,150000,"sd","09:51:58",26522000
19000,-300,13000,"sd","09:52:03",26535000
19000,-300,20000,"sd","09:52:04",26555000
19000,-300,10000,"bu","09:52:06",26565000
19000,-300,10000,"bu","09:52:09",26575000
19000,-300,3000,"sd","09:52:10",26578000
19000,-300,10000,"bu","09:52:11",26588000
19000,-300,50000,"sd","09:52:12",26638000
19000,-300,20000,"sd","09:52:20",26658000
19000,-300,5000,"sd","09:52:35",26663000
19000,-300,30000,"sd","09:52:49",26693000
19000,-300,6000,"sd","09:52:50",26699000
19100,-200,50000,"bu","09:52:53",26749000
19000,-300,3000,"sd","09:52:55",26752000
19000,-300,5000,"sd","09:52:57",26757000
19000,-300,20000,"sd","09:53:05",26777000
19000,-300,56000,"bu","09:53:07",26833000
19000,-300,12000,"bu","09:53:10",26845000
19000,-300,6000,"sd","09:53:14",26851000
19000,-300,5000,"sd","09:53:18",26856000
19000,-300,15000,"sd","09:53:19",26871000
19000,-300,20000,"bu","09:53:24",26891000
19000,-300,10000,"bu","09:53:37",26901000
19000,-300,20000,"sd","09:53:38",26921000
19000,-300,2000,"sd","09:53:51",26923000
19000,-300,11000,"bu","09:53:55",26934000
19000,-300,35000,"bu","09:53:59",26969000
19000,-300,50000,"bu","09:54:01",27019000
19000,-300,10000,"sd","09:54:03",27029000
19000,-300,81000,"sd","09:54:08",27110000
19000,-300,3000,"sd","09:54:16",27113000
19000,-300,20000,"sd","09:54:17",27133000
19000,-300,50000,"sd","09:54:21",27183000
19000,-300,5000,"sd","09:54:27",27188000
19000,-300,11000,"sd","09:54:28",27199000
19000,-300,5000,"sd","09:54:31",27204000
19000,-300,5000,"bu","09:54:34",27209000
19100,-200,10000,"sd","09:54:36",27219000
19000,-300,270000,"sd","09:54:37",27489000
19000,-300,3000,"bu","09:54:50",27492000
19000,-300,220000,"bu","09:54:53",27712000
19000,-300,7000,"sd","09:55:06",27719000
19000,-300,40000,"sd","09:55:13",27759000
19000,-300,110000,"sd","09:55:16",27869000
19100,-200,1000,"sd","09:55:18",27870000
19000,-300,50000,"bu","09:55:25",27920000
19100,-200,15000,"bu","09:55:31",27935000
19100,-200,10000,"bu","09:55:34",27945000
19000,-300,3000,"sd","09:55:36",27948000
19100,-200,2000,"sd","09:55:37",27950000
19100,-200,103000,"sd","09:55:39",28053000
19100,-200,30000,"sd","09:55:40",28083000
19100,-200,56000,"bu","09:55:44",28139000
19100,-200,274000,"sd","09:55:46",28413000
19100,-200,2000,"bu","09:55:47",28415000
19100,-200,32000,"bu","09:55:50",28447000
19100,-200,30000,"bu","09:55:51",28477000
19100,-200,2000,"sd","09:55:53",28479000
19100,-200,10000,"sd","09:55:55",28489000
19100,-200,50000,"sd","09:55:56",28539000
19100,-200,150000,"bu","09:55:58",28689000
19100,-200,4000,"sd","09:56:02",28693000
19100,-200,77000,"bu","09:56:03",28770000
19100,-200,154000,"sd","09:56:04",28924000
19000,-300,5000,"sd","09:56:09",28929000
19100,-200,12000,"bu","09:56:10",28941000
19100,-200,10000,"sd","09:56:19",28951000
19100,-200,29000,"bu","09:56:21",28980000
19100,-200,1000,"sd","09:56:27",28981000
19100,-200,20000,"sd","09:56:28",29001000
19100,-200,3000,"sd","09:56:32",29004000
19100,-200,10000,"bu","09:56:54",29014000
19100,-200,551000,"sd","09:57:23",29565000
19100,-200,5000,"bu","09:57:24",29570000
19100,-200,1000,"bu","09:57:25",29571000
19100,-200,100000,"bu","09:57:38",29671000
19100,-200,5000,"bu","09:57:41",29676000
19100,-200,30000,"bu","09:57:41",29706000
19100,-200,1000,"bu","09:57:49",29707000
19100,-200,2000,"sd","09:57:55",29709000
19100,-200,2000,"sd","09:58:01",29711000
19100,-200,50000,"bu","09:58:07",29761000
19100,-200,2000,"bu","09:58:10",29763000
19100,-200,1000,"bu","09:58:11",29764000
19100,-200,2000,"sd","09:58:16",29766000
19100,-200,7000,"bu","09:58:19",29773000
19100,-200,5000,"sd","09:58:32",29778000
19100,-200,1000,"sd","09:58:33",29779000
19100,-200,1000,"sd","09:58:37",29780000
19100,-200,10000,"sd","09:58:38",29790000
19100,-200,5000,"bu","09:58:44",29795000
19100,-200,10000,"bu","09:58:45",29805000
19100,-200,39000,"bu","09:58:51",29844000
19100,-200,1000,"sd","09:58:55",29845000
19000,-300,6000,"bu","09:58:58",29851000
19000,-300,43000,"bu","09:59:07",29894000
19100,-200,5000,"bu","09:59:16",29899000
19000,-300,10000,"bu","09:59:17",29909000
19100,-200,50000,"bu","09:59:22",29959000
19000,-300,19000,"bu","09:59:24",29978000
19100,-200,54000,"sd","09:59:31",30032000
19000,-300,3000,"bu","09:59:36",30035000
19100,-200,10000,"sd","09:59:37",30045000
19100,-200,50000,"sd","09:59:46",30095000
19100,-200,300000,"bu","09:59:50",30395000
19100,-200,10000,"sd","09:59:54",30405000
19100,-200,10000,"sd","09:59:55",30415000
19100,-200,20000,"sd","10:00:01",30435000
19100,-200,20000,"bu","10:00:05",30455000
19000,-300,5000,"bu","10:00:15",30460000
19100,-200,5000,"bu","10:00:36",30465000
19100,-200,5000,"bu","10:00:43",30470000
19100,-200,3000,"sd","10:00:53",30473000
19000,-300,10000,"sd","10:01:04",30483000
19100,-200,1000,"sd","10:01:12",30484000
19000,-300,20000,"sd","10:01:48",30504000
19100,-200,7000,"sd","10:02:32",30511000
19000,-300,30000,"sd","10:02:36",30541000
19000,-300,5000,"bu","10:02:38",30546000
19000,-300,10000,"sd","10:02:41",30556000
19100,-200,1000,"bu","10:03:00",30557000
19000,-300,5000,"bu","10:03:01",30562000
19000,-300,1000,"sd","10:03:05",30563000
19000,-300,1343000,"bu","10:03:08",31906000
19000,-300,200000,"bu","10:03:19",32106000
19000,-300,100000,"bu","10:03:24",32206000
19000,-300,10000,"sd","10:03:25",32216000
19000,-300,3000,"bu","10:03:28",32219000
19000,-300,305000,"bu","10:03:35",32524000
19000,-300,40000,"sd","10:03:37",32564000
19000,-300,15000,"bu","10:03:40",32579000
19000,-300,46000,"bu","10:03:42",32625000
19000,-300,107000,"bu","10:03:48",32732000
19000,-300,2000,"bu","10:03:52",32734000
19000,-300,15000,"bu","10:03:54",32749000
19000,-300,52000,"bu","10:03:57",32801000
19000,-300,60000,"sd","10:04:01",32861000
19000,-300,200000,"bu","10:04:03",33061000
19000,-300,100000,"sd","10:04:04",33161000
19000,-300,30000,"sd","10:04:05",33191000
19000,-300,10000,"sd","10:04:06",33201000
19000,-300,20000,"bu","10:04:16",33221000
19100,-200,405000,"bu","10:04:17",33626000
19100,-200,30000,"bu","10:04:27",33656000
19000,-300,50000,"sd","10:04:29",33706000
19000,-300,200000,"bu","10:04:31",33906000
19100,-200,2000,"sd","10:04:36",33908000
19000,-300,150000,"bu","10:04:37",34058000
19000,-300,42000,"sd","10:04:39",34100000
19000,-300,310000,"bu","10:04:41",34410000
19000,-300,14000,"bu","10:04:44",34424000
19000,-300,50000,"sd","10:04:45",34474000
19000,-300,100000,"bu","10:04:46",34574000
19000,-300,30000,"sd","10:04:48",34604000
19000,-300,372000,"bu","10:04:52",34976000
19000,-300,5000,"bu","10:04:53",34981000
19000,-300,1000,"bu","10:05:00",34982000
19000,-300,1000,"bu","10:05:04",34983000
19000,-300,5000,"bu","10:05:08",34988000
19000,-300,1000,"bu","10:05:12",34989000
19000,-300,10000,"sd","10:05:19",34999000
19000,-300,8000,"bu","10:05:22",35007000
19000,-300,1000,"sd","10:05:23",35008000
19000,-300,3000,"sd","10:05:24",35011000
19000,-300,50000,"bu","10:05:25",35061000
19000,-300,50000,"bu","10:05:29",35111000
19000,-300,5000,"bu","10:05:33",35116000
19000,-300,1000,"bu","10:05:42",35117000
19000,-300,5000,"bu","10:05:43",35122000
19000,-300,50000,"sd","10:05:45",35172000
19000,-300,3000,"bu","10:05:53",35175000
19000,-300,5000,"sd","10:05:54",35180000
19000,-300,2000,"sd","10:05:56",35182000
19000,-300,5000,"sd","10:06:00",35187000
19000,-300,10000,"bu","10:06:02",35197000
19000,-300,100000,"sd","10:06:05",35297000
19000,-300,30000,"bu","10:06:07",35327000
19000,-300,100000,"bu","10:06:16",35427000
19000,-300,20000,"sd","10:06:20",35447000
19000,-300,2000,"bu","10:06:22",35449000
19000,-300,15000,"sd","10:06:26",35464000
19000,-300,20000,"bu","10:06:27",35484000
19000,-300,1000,"sd","10:06:30",35485000
19000,-300,6000,"bu","10:06:40",35491000
19000,-300,5000,"bu","10:06:45",35496000
19000,-300,20000,"bu","10:07:01",35516000
19000,-300,10000,"bu","10:07:02",35526000
19000,-300,7000,"sd","10:07:04",35533000
19000,-300,50000,"sd","10:07:06",35583000
18900,-400,200000,"bu","10:07:13",35783000
18900,-400,5000,"sd","10:07:14",35788000
19000,-300,10000,"bu","10:07:16",35798000
18900,-400,40000,"sd","10:07:21",35838000
19000,-300,2000,"bu","10:07:24",35840000
19000,-300,5000,"bu","10:07:28",35845000
19000,-300,1000,"sd","10:07:29",35846000
19000,-300,5000,"bu","10:07:31",35851000
19000,-300,1000,"bu","10:07:35",35852000
19000,-300,2000,"sd","10:07:42",35854000
19000,-300,100000,"bu","10:07:47",35954000
19000,-300,20000,"bu","10:07:48",35974000
19000,-300,3000,"bu","10:07:51",35977000
19000,-300,1000,"bu","10:08:02",35978000
19000,-300,50000,"sd","10:08:04",36028000
19000,-300,6000,"sd","10:08:13",36034000
19000,-300,1000,"sd","10:08:21",36035000
19000,-300,20000,"bu","10:08:24",36055000
19000,-300,5000,"bu","10:08:30",36060000
19000,-300,1000,"sd","10:08:40",36061000
19000,-300,50000,"sd","10:08:44",36111000
19000,-300,150000,"sd","10:08:46",36261000
19000,-300,1000,"bu","10:08:47",36262000
19000,-300,3000,"bu","10:08:48",36265000
19000,-300,11000,"bu","10:08:51",36276000
19000,-300,500000,"bu","10:08:52",36776000
19000,-300,1000,"sd","10:08:53",36777000
19000,-300,60000,"sd","10:08:54",36837000
19000,-300,46000,"sd","10:08:56",36883000
19000,-300,20000,"sd","10:09:20",36903000
19000,-300,10000,"sd","10:09:22",36913000
19000,-300,10000,"sd","10:09:25",36923000
19100,-200,1000,"bu","10:09:38",36924000
19000,-300,10000,"sd","10:09:56",36934000
19000,-300,20000,"bu","10:10:00",36954000
19000,-300,1000,"sd","10:10:16",36955000
19000,-300,20000,"sd","10:10:26",36975000
19000,-300,9000,"sd","10:10:32",36984000
19000,-300,15000,"sd","10:10:50",36999000
19000,-300,5000,"bu","10:10:55",37004000
19000,-300,9000,"bu","10:10:58",37013000
19000,-300,5000,"bu","10:11:24",37018000
19000,-300,20000,"sd","10:11:33",37038000
19000,-300,10000,"sd","10:12:01",37048000
19000,-300,20000,"bu","10:12:08",37068000
19000,-300,10000,"bu","10:12:10",37078000
19000,-300,10000,"bu","10:12:12",37088000
19000,-300,20000,"sd","10:12:20",37108000
19000,-300,2000,"bu","10:12:37",37110000
19000,-300,3000,"bu","10:12:53",37113000
19000,-300,5000,"sd","10:13:02",37118000
19100,-200,3000,"sd","10:13:04",37121000
19100,-200,1000,"bu","10:13:30",37122000
19100,-200,10000,"bu","10:13:31",37132000
19100,-200,1000,"bu","10:13:37",37133000
19100,-200,4000,"bu","10:13:50",37137000
19100,-200,1000,"bu","10:14:21",37138000
19100,-200,10000,"sd","10:14:30",37148000
19100,-200,20000,"sd","10:14:47",37168000
19000,-300,460000,"sd","10:14:51",37628000
19100,-200,3000,"bu","10:15:01",37631000
19100,-200,1000,"bu","10:15:16",37632000
19000,-300,3000,"bu","10:15:45",37635000
19000,-300,10000,"bu","10:15:58",37645000
19000,-300,5000,"sd","10:16:05",37650000
19000,-300,20000,"bu","10:16:18",37670000
19100,-200,10000,"sd","10:16:23",37680000
19000,-300,2000,"bu","10:16:26",37682000
19100,-200,1000,"bu","10:16:39",37683000
19100,-200,10000,"bu","10:17:02",37693000
19100,-200,2000,"bu","10:17:07",37695000
19000,-300,1000000,"bu","10:17:19",38695000
19100,-200,3000,"sd","10:17:21",38698000
19000,-300,29000,"bu","10:17:23",38727000
19000,-300,1000,"bu","10:17:24",38728000
19000,-300,50000,"bu","10:17:25",38778000
19000,-300,17000,"sd","10:17:36",38795000
19000,-300,50000,"sd","10:17:41",38845000
19000,-300,2000,"bu","10:18:00",38847000
19100,-200,1000,"bu","10:18:04",38848000
19000,-300,5000,"sd","10:18:11",38853000
19000,-300,25000,"sd","10:18:19",38878000
19000,-300,3000,"sd","10:18:23",38881000
19000,-300,508000,"bu","10:18:50",39389000
19100,-200,5000,"sd","10:18:51",39394000
19000,-300,2000,"sd","10:18:52",39396000
19000,-300,50000,"bu","10:19:28",39446000
19000,-300,30000,"sd","10:19:47",39476000
19100,-200,11000,"bu","10:19:48",39487000
19000,-300,11000,"bu","10:20:04",39498000
19000,-300,20000,"bu","10:20:24",39518000
19000,-300,1000000,"sd","10:20:32",40518000
19000,-300,6000,"sd","10:20:35",40524000
19000,-300,5000,"bu","10:20:41",40529000
19000,-300,50000,"bu","10:20:48",40579000
19000,-300,4000,"bu","10:20:50",40583000
19000,-300,200000,"bu","10:20:51",40783000
19000,-300,5000,"sd","10:21:12",40788000
19000,-300,2000,"bu","10:21:24",40790000
19000,-300,29000,"bu","10:21:49",40819000
19000,-300,7000,"sd","10:21:52",40826000
19000,-300,9000,"sd","10:21:59",40835000
19000,-300,10000,"sd","10:22:03",40845000
19000,-300,200000,"sd","10:22:12",41045000
19000,-300,5000,"bu","10:22:17",41050000
19000,-300,8000,"bu","10:22:23",41058000
19000,-300,20000,"sd","10:22:29",41078000
19000,-300,11000,"bu","10:22:31",41089000
19000,-300,200000,"bu","10:22:41",41289000
19000,-300,50000,"bu","10:23:09",41339000
19100,-200,52000,"bu","10:23:16",41391000
19000,-300,5000,"bu","10:23:17",41396000
19000,-300,5000,"bu","10:23:26",41401000
19000,-300,1000,"sd","10:23:43",41402000
19000,-300,40000,"bu","10:23:54",41442000
19000,-300,6000,"bu","10:23:54",41442000
19000,-300,6000,"bu","10:23:54",41442000
19100,-200,71000,"bu","10:25:09",41513000
19000,-300,10000,"bu","10:25:17",41523000
19000,-300,5000,"sd","10:26:01",41528000
19100,-200,60000,"bu","10:26:02",41588000
19000,-300,100000,"bu","10:26:14",41688000
19000,-300,10000,"sd","10:26:24",41698000
19000,-300,20000,"bu","10:26:28",41718000
19000,-300,30000,"bu","10:26:29",41748000
19000,-300,1000,"sd","10:26:36",41749000
19000,-300,50000,"sd","10:26:43",41799000
19100,-200,1000,"bu","10:27:00",41800000
19000,-300,20000,"bu","10:27:43",41820000
19000,-300,30000,"sd","10:27:45",41850000
19000,-300,3000,"bu","10:28:00",41853000
19000,-300,5000,"bu","10:28:13",41858000
19000,-300,10000,"sd","10:28:18",41868000
19000,-300,10000,"sd","10:28:22",41878000
19000,-300,73000,"sd","10:28:32",41951000
19000,-300,20000,"sd","10:28:44",41971000
19100,-200,30000,"sd","10:28:51",42001000
19000,-300,220000,"bu","10:28:53",42221000
19000,-300,5000,"bu","10:30:08",42226000
19000,-300,2000,"bu","10:30:54",42228000
19000,-300,20000,"bu","10:31:27",42248000
19000,-300,3000,"bu","10:32:09",42251000
19000,-300,10000,"sd","10:32:20",42261000
19000,-300,49000,"sd","10:32:48",42310000
19000,-300,50000,"bu","10:33:01",42360000
19000,-300,40000,"sd","10:33:03",42400000
19000,-300,2000,"sd","10:33:11",42402000
19000,-300,1000,"sd","10:33:24",42403000
19000,-300,5000,"sd","10:33:30",42408000
19000,-300,30000,"bu","10:34:08",42438000
19000,-300,8000,"bu","10:34:16",42446000
19000,-300,1000,"bu","10:34:45",42447000
19000,-300,4000,"bu","10:35:04",42451000
19000,-300,8000,"bu","10:35:25",42459000
19000,-300,10000,"bu","10:35:26",42469000
19000,-300,12000,"sd","10:35:32",42481000
19000,-300,20000,"bu","10:35:36",42501000
19100,-200,5000,"bu","10:35:39",42506000
19000,-300,200000,"sd","10:35:50",42706000
19000,-300,5000,"bu","10:35:55",42711000
19000,-300,1000000,"bu","10:35:56",43711000
19000,-300,10000,"bu","10:36:09",43721000
19000,-300,5000,"bu","10:36:26",43726000
19000,-300,16000,"bu","10:36:32",43742000
19000,-300,30000,"bu","10:36:38",43772000
19000,-300,131000,"bu","10:36:39",43903000
19000,-300,25000,"bu","10:36:40",43928000
19000,-300,20000,"bu","10:36:45",43948000
19000,-300,200000,"sd","10:36:48",44148000
19000,-300,35000,"bu","10:36:49",44183000
19000,-300,200000,"sd","10:36:50",44383000
19000,-300,244000,"bu","10:36:52",44627000
19000,-300,100000,"sd","10:36:54",44727000
19000,-300,5000,"sd","10:36:57",44732000
19000,-300,29000,"sd","10:36:58",44761000
19000,-300,15000,"bu","10:36:59",44776000
19000,-300,50000,"sd","10:37:00",44826000
19000,-300,100000,"bu","10:37:01",44926000
19000,-300,50000,"bu","10:37:03",44976000
19000,-300,2000,"sd","10:37:04",44978000
19000,-300,30000,"bu","10:37:14",45008000
19000,-300,70000,"sd","10:37:15",45078000
19000,-300,20000,"sd","10:37:16",45098000
19000,-300,30000,"sd","10:37:19",45128000
19000,-300,13000,"sd","10:37:23",45141000
19000,-300,50000,"sd","10:37:25",45191000
19000,-300,1000,"bu","10:38:01",45192000
19000,-300,2000,"bu","10:38:05",45194000
19000,-300,3000,"bu","10:38:11",45197000
19000,-300,1000,"sd","10:38:18",45198000
18900,-400,6000,"sd","10:38:42",45204000
18900,-400,40000,"sd","10:38:52",45244000
19000,-300,4000,"bu","10:38:54",45248000
18900,-400,300000,"bu","10:39:01",45548000
18900,-400,10000,"sd","10:39:06",45558000
18900,-400,100000,"bu","10:39:10",45658000
18900,-400,50000,"sd","10:39:12",45708000
18900,-400,5000,"bu","10:39:21",45713000
18900,-400,1000,"sd","10:39:26",45714000
18900,-400,6000,"bu","10:39:27",45720000
18900,-400,8000,"sd","10:39:32",45728000
18900,-400,50000,"bu","10:39:44",45778000
18900,-400,10000,"bu","10:39:49",45788000
18900,-400,10000,"bu","10:39:51",45798000
18900,-400,20000,"bu","10:39:56",45818000
18900,-400,1000,"bu","10:40:00",45819000
18900,-400,50000,"bu","10:40:02",45869000
18900,-400,4000,"sd","10:40:11",45873000
18900,-400,540000,"bu","10:40:13",46413000
18900,-400,10000,"sd","10:40:22",46423000
18900,-400,1000,"sd","10:40:30",46424000
18900,-400,10000,"sd","10:40:33",46434000
18900,-400,15000,"sd","10:40:42",46449000
18900,-400,10000,"bu","10:40:45",46459000
18900,-400,70000,"bu","10:40:46",46529000
18900,-400,2000,"bu","10:40:47",46531000
18900,-400,1000,"bu","10:40:52",46532000
18900,-400,400000,"bu","10:41:02",46932000
18900,-400,6000,"sd","10:41:05",46938000
18900,-400,5000,"sd","10:41:08",46943000
18900,-400,2000,"bu","10:41:12",46945000
18900,-400,200000,"bu","10:41:13",47145000
18900,-400,10000,"bu","10:41:14",47155000
18900,-400,20000,"sd","10:41:17",47175000
18900,-400,20000,"sd","10:41:19",47195000
19000,-300,51000,"bu","10:41:25",47246000
18900,-400,2000,"bu","10:41:50",47248000
18900,-400,5000,"sd","10:41:54",47253000
18900,-400,1000,"bu","10:42:11",47254000
19000,-300,5000,"sd","10:42:15",47259000
18900,-400,1000,"sd","10:42:26",47260000
18900,-400,50000,"sd","10:42:28",47310000
18900,-400,5000,"bu","10:42:33",47315000
18900,-400,40000,"bu","10:43:17",47355000
19000,-300,6000,"bu","10:43:19",47361000
18900,-400,30000,"sd","10:43:28",47391000
18900,-400,50000,"bu","10:43:32",47441000
18900,-400,6000,"bu","10:43:36",47447000
18900,-400,2000,"sd","10:43:45",47449000
19000,-300,5000,"sd","10:43:53",47454000
18900,-400,5000,"sd","10:43:54",47459000
18900,-400,50000,"sd","10:43:57",47509000
18900,-400,3000,"sd","10:44:03",47512000
18900,-400,1000,"sd","10:44:04",47513000
18900,-400,55000,"sd","10:44:18",47568000
19000,-300,30000,"bu","10:44:21",47598000
19000,-300,20000,"bu","10:44:33",47618000
19000,-300,1000,"sd","10:44:35",47619000
19000,-300,1000,"sd","10:44:51",47620000
19000,-300,240000,"sd","10:45:00",47860000
19000,-300,5000,"sd","10:45:02",47865000
19000,-300,2000,"bu","10:45:03",47867000
19000,-300,2000,"bu","10:45:15",47869000
19000,-300,5000,"bu","10:45:19",47874000
18900,-400,44000,"bu","10:45:22",47918000
19000,-300,1000,"sd","10:45:25",47919000
19000,-300,1000,"bu","10:45:28",47920000
19000,-300,40000,"bu","10:45:31",47960000
19000,-300,30000,"sd","10:45:39",47990000
19000,-300,50000,"bu","10:45:40",48040000
19000,-300,63000,"bu","10:45:51",48103000
19000,-300,1000,"sd","10:45:54",48104000
19000,-300,1000,"sd","10:46:00",48105000
19000,-300,50000,"bu","10:46:15",48155000
19000,-300,50000,"sd","10:46:23",48205000
18900,-400,1000,"bu","10:47:05",48206000
19000,-300,50000,"sd","10:47:56",48256000
19000,-300,10000,"sd","10:47:57",48266000
18900,-400,24000,"bu","10:47:58",48290000
19000,-300,12000,"sd","10:48:02",48302000
18900,-400,100000,"bu","10:48:22",48402000
18900,-400,18000,"sd","10:48:24",48420000
19000,-300,20000,"sd","10:48:36",48440000
18900,-400,150000,"sd","10:48:42",48590000
19000,-300,5000,"sd","10:48:49",48595000
19000,-300,16000,"sd","10:48:55",48611000
19000,-300,5000,"sd","10:49:28",48616000
19000,-300,2000,"sd","10:49:45",48618000
19000,-300,1000,"bu","10:49:51",48619000
19000,-300,1000,"sd","10:49:56",48620000
18900,-400,3000,"bu","10:50:00",48623000
19000,-300,1000,"bu","10:50:08",48624000
19000,-300,26000,"bu","10:50:09",48650000
19000,-300,5000,"bu","10:50:14",48655000
19000,-300,11000,"sd","10:50:41",48666000
18900,-400,20000,"bu","10:50:46",48686000
18900,-400,4000,"bu","10:50:47",48690000
18900,-400,4000,"sd","10:51:11",48694000
18900,-400,50000,"bu","10:51:29",48744000
19000,-300,6000,"bu","10:51:46",48750000
19000,-300,1000,"bu","10:52:15",48751000
19000,-300,2000,"sd","10:52:28",48753000
18900,-400,50000,"sd","10:52:36",48803000
18900,-400,20000,"bu","10:52:49",48823000
18900,-400,2000,"sd","10:53:30",48825000
18900,-400,10000,"bu","10:53:35",48835000
18900,-400,10000,"bu","10:53:38",48845000
18900,-400,5000,"bu","10:54:14",48850000
18900,-400,5000,"bu","10:54:17",48855000
18900,-400,40000,"sd","10:54:32",48895000
18900,-400,100000,"sd","10:55:12",48995000
18900,-400,10000,"sd","10:55:13",49005000
18900,-400,200000,"bu","10:55:17",49205000
18900,-400,10000,"sd","10:55:27",49215000
18900,-400,1000,"bu","10:55:29",49216000
18900,-400,200000,"sd","10:55:50",49416000
18900,-400,11000,"sd","10:55:52",49427000
18900,-400,10000,"sd","10:56:09",49437000
18900,-400,30000,"bu","10:56:11",49467000
18900,-400,10000,"bu","10:56:19",49477000
18900,-400,30000,"sd","10:56:24",49507000
18900,-400,10000,"sd","10:56:40",49517000
18900,-400,5000,"bu","10:56:54",49522000
18900,-400,6000,"bu","10:57:03",49528000
18900,-400,47000,"sd","10:57:05",49575000
18900,-400,30000,"sd","10:57:19",49605000
18900,-400,2000,"bu","10:57:26",49607000
18900,-400,2000000,"bu","10:57:28",51607000
18900,-400,1000,"bu","10:57:34",51608000
18900,-400,23000,"sd","10:57:41",51631000
18900,-400,10000,"sd","10:57:46",51641000
18900,-400,400000,"bu","10:57:51",52041000
18900,-400,266000,"sd","10:57:54",52307000
18800,-500,50000,"bu","10:57:59",52357000
18800,-500,8000,"bu","10:58:00",52365000
18800,-500,16000,"bu","10:58:15",52381000
18900,-400,30000,"bu","10:58:22",52411000
18900,-400,2000,"bu","10:58:31",52413000
18900,-400,20000,"sd","10:58:38",52433000
18900,-400,1000,"bu","10:58:45",52434000
18900,-400,2000,"bu","10:58:48",52436000
18900,-400,30000,"sd","10:58:56",52466000
18900,-400,1000,"sd","10:59:02",52467000
18900,-400,50000,"sd","10:59:03",52517000
18900,-400,20000,"sd","10:59:09",52537000
18900,-400,10000,"bu","10:59:16",52547000
18900,-400,20000,"bu","10:59:20",52567000
18900,-400,4000,"bu","10:59:22",52571000
18900,-400,50000,"bu","10:59:24",52621000
18800,-500,5000000,"sd","10:59:25",57621000
18900,-400,20000,"sd","10:59:33",57641000
18900,-400,8000,"bu","10:59:36",57649000
18800,-500,5000,"bu","10:59:44",57654000
18800,-500,100000,"bu","11:00:08",57754000
18800,-500,5000,"bu","11:00:13",57759000
18800,-500,21000,"bu","11:00:22",57780000
18800,-500,20000,"sd","11:00:23",57800000
18800,-500,1000,"sd","11:00:28",57801000
18800,-500,50000,"bu","11:00:37",57851000
18800,-500,50000,"sd","11:00:39",57901000
18800,-500,20000,"sd","11:00:47",57921000
18800,-500,10000,"sd","11:00:51",57931000
18800,-500,100000,"sd","11:00:57",58031000
18800,-500,20000,"sd","11:01:04",58051000
18900,-400,1000,"bu","11:01:09",58052000
18800,-500,8000,"sd","11:01:12",58060000
18800,-500,2000,"sd","11:01:13",58062000
18800,-500,30000,"bu","11:01:17",58092000
18800,-500,5000,"sd","11:01:26",58097000
18800,-500,30000,"sd","11:01:32",58127000
18800,-500,2000,"sd","11:01:34",58129000
18800,-500,5000,"sd","11:01:38",58134000
18800,-500,40000,"sd","11:01:52",58174000
18800,-500,22000,"bu","11:02:02",58196000
18800,-500,24000,"sd","11:02:18",58220000
18800,-500,690000,"bu","11:02:34",58910000
18800,-500,100000,"sd","11:02:41",59010000
18800,-500,10000,"sd","11:02:49",59020000
18800,-500,9000,"sd","11:02:53",59029000
18800,-500,170000,"bu","11:02:54",59199000
18800,-500,8000,"bu","11:02:56",59207000
18800,-500,13000,"sd","11:02:59",59220000
18800,-500,11000,"sd","11:03:00",59231000
18800,-500,1000,"sd","11:03:09",59232000
18800,-500,20000,"sd","11:03:20",59252000
18800,-500,12000,"bu","11:03:22",59264000
18800,-500,59000,"bu","11:03:27",59323000
18800,-500,115000,"sd","11:03:29",59438000
18800,-500,20000,"bu","11:03:31",59458000
18800,-500,52000,"bu","11:03:33",59510000
18800,-500,3000,"bu","11:03:37",59513000
18800,-500,10000,"sd","11:03:39",59523000
18800,-500,10000,"sd","11:03:40",59533000
18800,-500,5000,"sd","11:03:45",59538000
18800,-500,3000,"bu","11:03:46",59541000
18800,-500,30000,"bu","11:03:48",59571000
18800,-500,20000,"bu","11:03:52",59591000
18800,-500,1000,"sd","11:03:55",59592000
18800,-500,10000,"sd","11:03:58",59602000
18800,-500,10000,"sd","11:03:59",59612000
18800,-500,55000,"sd","11:04:03",59667000
18800,-500,3000,"bu","11:04:05",59670000
18800,-500,1000,"sd","11:04:06",59671000
18800,-500,1000,"sd","11:04:10",59672000
18800,-500,3000,"bu","11:04:12",59675000
18800,-500,100000,"bu","11:04:13",59775000
18800,-500,3000,"sd","11:04:15",59778000
18800,-500,12000,"bu","11:04:25",59790000
18800,-500,10000,"sd","11:04:29",59800000
18800,-500,10000,"sd","11:04:32",59810000
18800,-500,1000,"sd","11:04:34",59811000
18700,-600,10000,"bu","11:04:35",59821000
18700,-600,50000,"bu","11:04:36",59871000
18700,-600,8000,"bu","11:04:37",59879000
18800,-500,8000,"bu","11:04:38",59887000
18800,-500,1000,"bu","11:04:47",59888000
18800,-500,15000,"sd","11:04:51",59903000
18800,-500,3000,"sd","11:04:53",59906000
18800,-500,10000,"bu","11:04:55",59916000
18800,-500,1000,"sd","11:04:56",59917000
18800,-500,20000,"bu","11:04:57",59937000
18700,-600,60000,"sd","11:05:00",59997000
18700,-600,5000,"bu","11:05:09",60002000
18800,-500,1000,"bu","11:05:18",60003000
18800,-500,7000,"sd","11:05:19",60010000
18700,-600,2000,"bu","11:05:27",60012000
18800,-500,30000,"bu","11:05:32",60042000
18700,-600,30000,"sd","11:05:45",60072000
18800,-500,7000,"sd","11:05:47",60079000
18800,-500,4000,"bu","11:05:51",60083000
18700,-600,10000,"bu","11:05:53",60093000
18800,-500,20000,"sd","11:05:55",60113000
18800,-500,10000,"bu","11:05:59",60123000
18700,-600,31000,"bu","11:06:05",60154000
18700,-600,1000,"bu","11:06:19",60155000
18700,-600,40000,"sd","11:06:26",60195000
18700,-600,307000,"bu","11:06:29",60502000
18700,-600,10000,"bu","11:06:30",60512000
18700,-600,30000,"bu","11:06:35",60542000
18700,-600,32000,"sd","11:06:46",60574000
18700,-600,22000,"bu","11:06:55",60596000
18700,-600,100000,"bu","11:06:59",60696000
18800,-500,10000,"bu","11:07:03",60706000
18700,-600,1000,"sd","11:07:04",60707000
18700,-600,20000,"sd","11:07:08",60727000
18700,-600,20000,"sd","11:07:23",60747000
18700,-600,30000,"bu","11:07:44",60777000
18700,-600,15000,"sd","11:07:45",60792000
18700,-600,1000,"sd","11:07:54",60793000
18800,-500,3000,"sd","11:08:03",60796000
18700,-600,50000,"bu","11:08:06",60846000
18700,-600,50000,"sd","11:08:11",60896000
18700,-600,1000,"sd","11:08:34",60897000
18700,-600,20000,"bu","11:08:36",60917000
18700,-600,10000,"sd","11:08:39",60927000
18700,-600,10000,"sd","11:09:16",60937000
18800,-500,1000,"bu","11:09:19",60938000
18700,-600,5000,"sd","11:09:22",60943000
18700,-600,15000,"sd","11:09:25",60958000
18800,-500,2000,"bu","11:09:35",60960000
18700,-600,60000,"sd","11:09:40",61020000
18700,-600,10000,"sd","11:09:50",61030000
18700,-600,1000,"sd","11:09:52",61031000
18800,-500,50000,"sd","11:10:13",61081000
18800,-500,4000,"sd","11:10:23",61085000
18800,-500,1000,"sd","11:10:25",61086000
18800,-500,20000,"bu","11:10:27",61106000
18800,-500,3000,"bu","11:10:30",61109000
18800,-500,2000,"bu","11:10:31",61111000
18800,-500,5000,"sd","11:10:32",61116000
18800,-500,20000,"sd","11:10:38",61136000
18800,-500,13000,"bu","11:10:42",61149000
18800,-500,8000,"sd","11:10:46",61157000
18700,-600,10000,"bu","11:10:48",61167000
18800,-500,2000,"sd","11:10:49",61169000
18800,-500,10000,"sd","11:10:50",61179000
18800,-500,60000,"bu","11:10:55",61239000
18800,-500,33000,"bu","11:10:56",61272000
18800,-500,50000,"sd","11:10:57",61322000
18800,-500,1000,"bu","11:10:58",61323000
18800,-500,20000,"bu","11:10:59",61343000
18800,-500,10000,"sd","11:11:06",61353000
18800,-500,10000,"bu","11:11:11",61363000
18800,-500,7000,"sd","11:11:12",61370000
18800,-500,10000,"bu","11:11:13",61380000
18800,-500,80000,"bu","11:11:15",61460000
18800,-500,30000,"sd","11:11:16",61490000
18800,-500,20000,"sd","11:11:17",61510000
18800,-500,47000,"bu","11:11:18",61557000
18800,-500,201000,"bu","11:11:20",61758000
18800,-500,1000,"sd","11:11:21",61759000
18800,-500,26000,"sd","11:11:23",61785000
18800,-500,50000,"bu","11:11:24",61835000
18800,-500,10000,"sd","11:11:30",61845000
18700,-600,10000,"bu","11:11:32",61855000
18800,-500,100000,"sd","11:11:33",61955000
18800,-500,19000,"bu","11:11:34",61974000
18800,-500,80000,"sd","11:11:35",62054000
18800,-500,190000,"bu","11:11:36",62244000
18800,-500,20000,"sd","11:11:37",62264000
18800,-500,1000,"bu","11:11:39",62265000
18800,-500,51000,"sd","11:11:40",62316000
18800,-500,2000,"bu","11:11:56",62318000
18800,-500,10000,"bu","11:12:11",62328000
18800,-500,9000,"bu","11:12:15",62337000
18800,-500,3000,"bu","11:12:18",62340000
18900,-400,5000,"bu","11:12:19",62345000
18900,-400,3000,"bu","11:12:36",62348000
18900,-400,1000,"bu","11:12:39",62349000
18900,-400,1000,"sd","11:12:43",62350000
18900,-400,1000,"bu","11:12:47",62351000
18900,-400,4000,"bu","11:12:51",62355000
18900,-400,10000,"bu","11:12:52",62365000
18900,-400,5000,"bu","11:12:58",62370000
18900,-400,1000,"bu","11:13:11",62371000
18800,-500,100000,"sd","11:13:17",62471000
18900,-400,20000,"sd","11:13:26",62491000
18900,-400,2000,"sd","11:13:52",62493000
18900,-400,1000,"sd","11:13:54",62494000
18800,-500,10000,"sd","11:14:01",62504000
18800,-500,5000,"sd","11:14:29",62509000
18800,-500,20000,"sd","11:14:36",62529000
18800,-500,4000,"sd","11:14:46",62533000
18800,-500,10000,"bu","11:14:48",62543000
18900,-400,2000,"bu","11:15:22",62545000
18900,-400,10000,"bu","11:15:23",62555000
18900,-400,50000,"bu","11:15:25",62605000
18900,-400,25000,"bu","11:15:28",62630000
18900,-400,5000,"sd","11:15:30",62635000
18900,-400,1000,"sd","11:15:32",62636000
18900,-400,5000,"bu","11:15:36",62641000
18800,-500,5000,"bu","11:15:58",62646000
18900,-400,2000,"sd","11:16:01",62648000
18900,-400,30000,"sd","11:16:11",62678000
18800,-500,60000,"sd","11:16:20",62738000
18900,-400,3000,"sd","11:16:40",62741000
18800,-500,5000,"bu","11:16:52",62746000
18800,-500,5000,"sd","11:17:07",62751000
18900,-400,1000,"sd","11:17:08",62752000
18900,-400,1000,"sd","11:17:21",62753000
18900,-400,10000,"bu","11:17:22",62763000
18900,-400,1000,"bu","11:17:27",62764000
18900,-400,1000,"bu","11:17:42",62765000
18900,-400,1000,"sd","11:18:22",62766000
18900,-400,1000,"bu","11:18:35",62767000
18900,-400,10000,"bu","11:18:51",62777000
18900,-400,1000,"bu","11:18:53",62778000
18900,-400,1000,"sd","11:19:05",62779000
18800,-500,10000,"bu","11:19:11",62789000
18800,-500,1000,"sd","11:19:28",62790000
18800,-500,1000,"sd","11:20:01",62791000
18900,-400,1000,"bu","11:20:10",62792000
18900,-400,1000,"bu","11:20:27",62793000
18900,-400,1000,"sd","11:20:51",62794000
18900,-400,1000,"bu","11:21:01",62795000
18900,-400,27000,"bu","11:21:07",62822000
18800,-500,50000,"bu","11:21:10",62872000
18800,-500,28000,"sd","11:21:21",62900000
18800,-500,1000,"sd","11:21:39",62901000
18800,-500,1000,"bu","11:21:43",62902000
18800,-500,200000,"bu","11:21:59",63102000
18800,-500,300000,"sd","11:22:11",63402000
18800,-500,2000,"bu","11:23:07",63404000
18800,-500,100000,"bu","11:23:21",63504000
18800,-500,25000,"sd","11:23:34",63529000
18800,-500,15000,"sd","11:23:48",63544000
18800,-500,1000,"sd","11:24:04",63545000
18800,-500,50000,"bu","11:24:06",63595000
18800,-500,5000,"bu","11:24:52",63600000
18900,-400,11000,"bu","11:24:53",63611000
18900,-400,5000,"bu","11:25:26",63616000
18900,-400,1000,"sd","11:25:28",63617000
18900,-400,2000,"sd","11:25:30",63619000
18900,-400,10000,"sd","11:25:48",63629000
18900,-400,1000,"sd","11:25:56",63630000
18900,-400,1000,"sd","11:25:59",63631000
18900,-400,1000,"sd","11:26:02",63632000
18900,-400,10000,"bu","11:26:07",63642000
18800,-500,79000,"bu","11:26:14",63721000
18900,-400,5000,"bu","11:26:15",63726000
18800,-500,25000,"sd","11:26:28",63751000
18800,-500,8000,"bu","11:26:36",63759000
18800,-500,40000,"sd","11:26:38",63799000
18800,-500,21000,"bu","11:26:49",63820000
18900,-400,10000,"sd","11:26:53",63830000
18900,-400,3000,"bu","11:27:08",63833000
18900,-400,4000,"sd","11:27:35",63837000
18800,-500,10000,"bu","11:27:38",63847000
18800,-500,2000,"bu","11:27:42",63849000
18800,-500,10000,"bu","11:27:59",63859000
18800,-500,28000,"sd","11:28:00",63887000
18800,-500,2000,"sd","11:29:18",63889000
18800,-500,100000,"sd","11:29:20",63989000
18800,-500,10000,"sd","11:29:32",63999000
18900,-400,545000,"sd","13:00:02",64544000
18800,-500,78000,"sd","13:00:03",64622000
18800,-500,351000,"bu","13:00:04",64973000
18800,-500,179000,"bu","13:00:05",65152000
18800,-500,48000,"bu","13:00:08",65200000
18800,-500,175000,"sd","13:00:09",65375000
18800,-500,200000,"sd","13:00:14",65575000
18800,-500,1000,"sd","13:00:17",65576000
18800,-500,50000,"sd","13:00:26",65626000
18800,-500,155000,"sd","13:00:29",65781000
18800,-500,200000,"bu","13:00:38",65981000
18800,-500,22000,"sd","13:00:49",66003000
18800,-500,867000,"bu","13:00:50",66870000
18800,-500,131000,"bu","13:00:59",67001000
18700,-600,3000,"sd","13:01:02",67004000
18700,-600,20000,"sd","13:01:23",67024000
18700,-600,20000,"sd","13:01:34",67044000
18700,-600,15000,"sd","13:01:43",67059000
18700,-600,10000,"bu","13:01:53",67069000
18800,-500,3000,"sd","13:01:57",67072000
18700,-600,20000,"sd","13:01:58",67092000
18700,-600,3000,"sd","13:02:03",67095000
18700,-600,1000,"sd","13:02:08",67096000
18700,-600,1000,"bu","13:02:18",67097000
18800,-500,1000,"sd","13:02:19",67098000
18800,-500,3000,"sd","13:02:20",67101000
18700,-600,9000,"sd","13:02:21",67110000
18800,-500,10000,"bu","13:02:22",67120000
18800,-500,20000,"bu","13:02:30",67140000
18700,-600,143000,"bu","13:02:37",67283000
18800,-500,1000,"bu","13:02:38",67284000
18800,-500,10000,"bu","13:02:40",67294000
18800,-500,20000,"sd","13:02:43",67314000
18700,-600,3000,"bu","13:03:04",67317000
18800,-500,5000,"sd","13:03:19",67322000
18800,-500,1000,"sd","13:03:33",67323000
18800,-500,83000,"sd","13:03:35",67406000
18700,-600,15000,"sd","13:03:43",67421000
18800,-500,50000,"sd","13:03:49",67471000
18800,-500,1000,"bu","13:03:58",67472000
18800,-500,259000,"bu","13:03:59",67731000
18800,-500,5000,"bu","13:04:00",67736000
18700,-600,3000,"bu","13:04:05",67739000
18800,-500,10000,"sd","13:04:06",67749000
18800,-500,10000,"sd","13:04:09",67759000
18700,-600,60000,"sd","13:04:16",67819000
18800,-500,1000,"sd","13:04:19",67820000
18800,-500,11000,"sd","13:04:20",67831000
18800,-500,200000,"bu","13:04:23",68031000
18700,-600,5000,"sd","13:04:27",68036000
18700,-600,3000,"sd","13:04:30",68039000
18800,-500,300000,"sd","13:04:41",68339000
18800,-500,50000,"bu","13:04:43",68389000
18800,-500,50000,"sd","13:04:46",68439000
18800,-500,1000,"sd","13:04:51",68440000
18800,-500,1000,"bu","13:04:52",68441000
18800,-500,1000,"bu","13:04:57",68442000
18800,-500,1000,"bu","13:05:02",68443000
18800,-500,10000,"bu","13:05:03",68453000
18800,-500,250000,"bu","13:05:04",68703000
18800,-500,103000,"bu","13:05:06",68806000
18800,-500,13000,"sd","13:05:08",68819000
18800,-500,1000,"bu","13:05:09",68820000
18800,-500,25000,"sd","13:05:11",68845000
18800,-500,10000,"bu","13:05:12",68855000
18800,-500,20000,"sd","13:05:14",68875000
18800,-500,2000,"sd","13:05:17",68877000
18800,-500,10000,"bu","13:05:18",68887000
18800,-500,2000,"bu","13:05:23",68889000
18800,-500,70000,"bu","13:05:24",68959000
18800,-500,1000,"sd","13:05:26",68960000
18800,-500,10000,"sd","13:05:28",68970000
18800,-500,20000,"bu","13:05:29",68990000
18800,-500,20000,"sd","13:05:37",69010000
18800,-500,5000,"bu","13:05:41",69015000
18800,-500,7000,"bu","13:05:46",69022000
18800,-500,355000,"sd","13:05:50",69377000
18800,-500,50000,"bu","13:05:51",69427000
18800,-500,170000,"bu","13:05:52",69597000
18800,-500,2000,"sd","13:05:54",69599000
18800,-500,49000,"bu","13:05:55",69648000
18800,-500,130000,"bu","13:05:56",69778000
18800,-500,43000,"bu","13:05:58",69821000
18800,-500,1000,"bu","13:05:59",69822000
18800,-500,24000,"sd","13:06:01",69846000
18800,-500,30000,"sd","13:06:02",69876000
18800,-500,20000,"sd","13:06:05",69896000
18800,-500,16000,"sd","13:06:06",69912000
18800,-500,8000,"bu","13:06:07",69920000
18900,-400,20000,"sd","13:06:08",69940000
18900,-400,5000,"sd","13:06:28",69945000
18900,-400,1000,"bu","13:06:38",69946000
18900,-400,22000,"bu","13:06:46",69968000
18900,-400,5000,"bu","13:06:50",69973000
18900,-400,5000,"bu","13:06:56",69978000
18800,-500,100000,"sd","13:06:59",70078000
18900,-400,3000,"bu","13:07:00",70081000
18800,-500,3000,"bu","13:07:08",70084000
18800,-500,1000,"sd","13:07:16",70085000
18800,-500,500000,"sd","13:07:21",70585000
18800,-500,217000,"sd","13:07:29",70802000
18800,-500,1000,"sd","13:07:30",70803000
18800,-500,30000,"sd","13:07:32",70833000
18800,-500,10000,"sd","13:07:35",70843000
18800,-500,10000,"sd","13:07:39",70853000
18800,-500,1000,"bu","13:07:40",70854000
18800,-500,10000,"bu","13:07:42",70864000
18800,-500,32000,"sd","13:07:43",70896000
18700,-600,1000,"sd","13:07:44",70897000
18800,-500,1000,"sd","13:07:49",70898000
18800,-500,3000,"bu","13:07:50",70901000
18800,-500,3000,"bu","13:07:53",70904000
18800,-500,50000,"sd","13:07:57",70954000
18800,-500,6000,"sd","13:07:58",70960000
18800,-500,30000,"bu","13:07:59",70990000
18800,-500,30000,"sd","13:08:01",71020000
18800,-500,92000,"bu","13:08:02",71112000
18800,-500,6000,"bu","13:08:09",71118000
18800,-500,1000,"bu","13:08:12",71119000
18800,-500,50000,"bu","13:08:13",71169000
18800,-500,197000,"bu","13:08:18",71366000
18900,-400,1000,"sd","13:08:35",71367000
18800,-500,7000,"bu","13:08:49",71374000
18900,-400,1000,"bu","13:08:51",71375000
18900,-400,5000,"bu","13:09:02",71380000
18900,-400,2000,"sd","13:09:03",71382000
18900,-400,30000,"sd","13:09:07",71412000
18800,-500,18000,"sd","13:09:10",71430000
18900,-400,100000,"bu","13:09:42",71530000
18800,-500,2000,"sd","13:09:43",71532000
18800,-500,277000,"bu","13:09:48",71809000
18800,-500,3000,"bu","13:09:54",71812000
18800,-500,2000,"bu","13:09:57",71814000
18800,-500,26000,"sd","13:09:59",71840000
18800,-500,3000,"bu","13:10:11",71843000
18800,-500,2000,"bu","13:10:16",71845000
18800,-500,420000,"sd","13:10:31",72265000
18800,-500,1000,"sd","13:10:35",72266000
18800,-500,1000,"bu","13:10:37",72267000
18800,-500,1000,"bu","13:10:40",72268000
18800,-500,10000,"sd","13:10:43",72278000
18800,-500,30000,"sd","13:10:45",72308000
18800,-500,1000,"sd","13:10:47",72309000
18800,-500,10000,"sd","13:10:51",72319000
18800,-500,1000,"sd","13:10:52",72320000
18800,-500,5000,"sd","13:10:53",72325000
18800,-500,50000,"sd","13:10:54",72375000
18800,-500,1000,"sd","13:10:56",72376000
18800,-500,205000,"bu","13:10:58",72581000
18800,-500,16000,"sd","13:11:00",72597000
18800,-500,1000,"bu","13:11:03",72598000
18800,-500,50000,"bu","13:11:06",72648000
18800,-500,15000,"sd","13:11:07",72663000
18800,-500,5000,"sd","13:11:10",72668000
18700,-600,23000,"bu","13:11:11",72691000
18800,-500,3000,"bu","13:11:13",72694000
18800,-500,6000,"sd","13:11:15",72700000
18800,-500,10000,"sd","13:11:16",72710000
18800,-500,10000,"sd","13:11:17",72720000
18800,-500,12000,"sd","13:11:23",72732000
18800,-500,11000,"sd","13:11:26",72743000
18800,-500,105000,"bu","13:11:29",72848000
18800,-500,30000,"sd","13:11:31",72878000
18800,-500,2000,"sd","13:11:37",72880000
18900,-400,10000,"bu","13:11:57",72890000
18800,-500,100000,"sd","13:12:08",72990000
18800,-500,3000,"sd","13:12:13",72993000
18800,-500,5000,"bu","13:12:20",72998000
18800,-500,505000,"sd","13:12:26",73503000
18800,-500,10000,"bu","13:12:31",73513000
18800,-500,99000,"bu","13:12:38",73612000
18800,-500,20000,"bu","13:12:41",73632000
18800,-500,30000,"bu","13:12:45",73662000
18800,-500,11000,"bu","13:12:55",73673000
18800,-500,10000,"bu","13:12:57",73683000
18800,-500,3000,"bu","13:13:13",73686000
18800,-500,1000,"bu","13:13:19",73687000
18900,-400,1000,"bu","13:13:23",73688000
18900,-400,1000,"bu","13:13:31",73689000
18900,-400,2000,"sd","13:13:39",73691000
18900,-400,5000,"bu","13:13:48",73696000
18800,-500,3000,"sd","13:14:14",73699000
18900,-400,1000,"bu","13:14:19",73700000
18800,-500,42000,"bu","13:14:28",73742000
18800,-500,34000,"bu","13:14:50",73776000
18900,-400,1000,"sd","13:14:54",73777000
18800,-500,3000,"sd","13:15:15",73780000
18900,-400,1000,"bu","13:15:24",73781000
18800,-500,110000,"bu","13:15:27",73891000
18900,-400,20000,"bu","13:15:50",73911000
18900,-400,34000,"bu","13:15:52",73945000
18900,-400,22000,"sd","13:16:03",73967000
18800,-500,2000,"sd","13:16:16",73970000
18900,-400,10000,"bu","13:16:21",73980000
18900,-400,30000,"bu","13:16:39",74010000
18800,-500,3000,"bu","13:16:46",74013000
18800,-500,40000,"sd","13:16:56",74053000
18800,-500,10000,"sd","13:17:04",74063000
18800,-500,3000,"sd","13:17:17",74066000
18800,-500,20000,"bu","13:17:21",74086000
18800,-500,7000,"bu","13:17:27",74093000
18900,-400,50000,"sd","13:17:32",74143000
18800,-500,77000,"bu","13:17:39",74220000
18800,-500,10000,"bu","13:17:50",74230000
18800,-500,400000,"bu","13:18:14",74630000
18800,-500,3000,"sd","13:18:18",74633000
18800,-500,60000,"bu","13:18:24",74693000
18900,-400,1000,"sd","13:18:29",74694000
18900,-400,3000,"sd","13:18:41",74697000
18900,-400,1000,"bu","13:18:54",74698000
18900,-400,25000,"sd","13:19:03",74723000
18900,-400,1000,"sd","13:19:06",74724000
18800,-500,3000,"bu","13:19:19",74727000
18800,-500,10000,"sd","13:19:35",74737000
18900,-400,25000,"bu","13:19:41",74762000
18900,-400,2000,"sd","13:19:50",74764000
18800,-500,20000,"bu","13:20:13",74784000
18800,-500,3000,"bu","13:20:21",74787000
18800,-500,50000,"sd","13:20:22",74837000
18800,-500,100000,"sd","13:20:27",74937000
18900,-400,10000,"bu","13:20:29",74947000
18900,-400,3000,"sd","13:20:53",74950000
18800,-500,500000,"sd","13:21:05",75450000
18800,-500,3000,"bu","13:21:06",75453000
18800,-500,11000,"bu","13:21:13",75464000
18800,-500,50000,"sd","13:21:16",75514000
18800,-500,3000,"sd","13:21:22",75517000
18800,-500,1000,"bu","13:21:29",75518000
18800,-500,3000,"bu","13:22:23",75521000
18800,-500,5000,"sd","13:22:28",75526000
18800,-500,30000,"bu","13:22:30",75556000
18800,-500,100000,"sd","13:23:12",75656000
18900,-400,5000,"bu","13:23:16",75661000
18800,-500,3000,"bu","13:23:24",75664000
18800,-500,100000,"bu","13:23:40",75764000
18800,-500,3000,"sd","13:24:06",75767000
18800,-500,100000,"bu","13:24:12",75867000
18800,-500,200000,"bu","13:24:18",76067000
18800,-500,2000,"bu","13:24:21",76069000
18800,-500,3000,"bu","13:24:25",76072000
18800,-500,3000,"bu","13:24:42",76075000
18800,-500,19000,"sd","13:24:43",76094000
18800,-500,68000,"bu","13:24:55",76162000
18800,-500,5000,"bu","13:25:22",76167000
18800,-500,3000,"sd","13:25:26",76170000
18800,-500,26000,"bu","13:25:27",76196000
18800,-500,6000,"sd","13:25:38",76202000
18900,-400,2000,"bu","13:25:55",76204000
18800,-500,6000,"sd","13:25:56",76210000
18900,-400,10000,"sd","13:26:06",76220000
18900,-400,1000,"bu","13:26:14",76221000
18900,-400,2000,"sd","13:26:22",76223000
18800,-500,3000,"sd","13:26:27",76226000
18800,-500,250000,"bu","13:26:35",76476000
18800,-500,50000,"sd","13:27:19",76526000
18800,-500,5000,"sd","13:27:27",76531000
18900,-400,5000,"bu","13:27:28",76536000
18900,-400,1000,"sd","13:28:02",76537000
18900,-400,8000,"sd","13:28:08",76545000
18900,-400,1000,"bu","13:28:20",76546000
18800,-500,3000,"sd","13:28:29",76549000
18900,-400,50000,"bu","13:28:33",76599000
18900,-400,30000,"sd","13:28:37",76629000
18900,-400,2000,"bu","13:28:51",76631000
18800,-500,100000,"sd","13:29:28",76731000
18800,-500,3000,"bu","13:29:30",76734000
18800,-500,25000,"sd","13:29:31",76759000
18800,-500,10000,"sd","13:29:33",76769000
18900,-400,5000,"sd","13:30:00",76774000
18800,-500,80000,"bu","13:30:04",76854000
18800,-500,100000,"bu","13:30:18",76954000
18800,-500,10000,"bu","13:30:19",76964000
18900,-400,2000,"sd","13:30:24",76966000
18800,-500,3000,"bu","13:30:31",76969000
18800,-500,33000,"sd","13:30:52",77002000
18800,-500,30000,"bu","13:31:31",77032000
18800,-500,3000,"sd","13:31:32",77035000
18800,-500,20000,"bu","13:31:33",77055000
18900,-400,4000,"bu","13:31:36",77059000
18800,-500,4000,"bu","13:31:58",77063000
18900,-400,10000,"bu","13:32:00",77073000
18800,-500,10000,"bu","13:32:02",77083000
18800,-500,4000,"sd","13:32:33",77087000
18900,-400,5000,"sd","13:32:49",77092000
18900,-400,300000,"bu","13:33:07",77392000
18900,-400,5000,"sd","13:33:13",77397000
18900,-400,15000,"bu","13:33:27",77412000
18800,-500,3000,"bu","13:33:34",77415000
18900,-400,1000,"bu","13:33:50",77416000
18900,-400,20000,"bu","13:34:09",77436000
18800,-500,5000,"sd","13:34:11",77441000
18800,-500,3000,"sd","13:34:35",77444000
18900,-400,10000,"bu","13:34:48",77454000
18900,-400,40000,"bu","13:35:09",77494000
18900,-400,18000,"sd","13:35:26",77512000
18800,-500,3000,"sd","13:35:36",77515000
18900,-400,10000,"sd","13:36:04",77525000
18800,-500,10000,"bu","13:36:13",77535000
18800,-500,3000,"bu","13:36:37",77538000
18800,-500,22000,"sd","13:36:39",77560000
18800,-500,2000,"bu","13:36:50",77562000
18900,-400,10000,"sd","13:36:53",77572000
18900,-400,5000,"sd","13:37:00",77577000
18800,-500,30000,"bu","13:37:05",77607000
18800,-500,4000,"bu","13:37:24",77611000
18800,-500,2000,"sd","13:37:27",77613000
18800,-500,50000,"sd","13:37:31",77663000
18800,-500,3000,"bu","13:37:38",77666000
18800,-500,25000,"bu","13:37:39",77691000
18800,-500,8000,"bu","13:37:44",77699000
18900,-400,5000,"bu","13:38:12",77704000
18800,-500,20000,"sd","13:38:16",77724000
18800,-500,6000,"bu","13:38:35",77730000
18800,-500,3000,"sd","13:38:39",77733000
18900,-400,10000,"bu","13:38:40",77743000
18900,-400,3000,"sd","13:38:53",77746000
18900,-400,1000,"bu","13:38:57",77747000
18800,-500,50000,"bu","13:39:00",77797000
18900,-400,1000,"bu","13:39:06",77798000
18900,-400,1000,"bu","13:39:12",77799000
18900,-400,20000,"bu","13:39:20",77819000
18800,-500,10000,"sd","13:39:24",77829000
18900,-400,6000,"bu","13:39:26",77835000
18900,-400,60000,"bu","13:39:36",77895000
18800,-500,3000,"bu","13:39:40",77898000
18800,-500,150000,"bu","13:40:09",78048000
18800,-500,40000,"bu","13:40:26",78088000
18800,-500,30000,"bu","13:40:28",78118000
18900,-400,2000,"sd","13:40:31",78120000
18900,-400,2000,"sd","13:40:34",78122000
18800,-500,3000,"bu","13:40:41",78125000
18900,-400,1000,"bu","13:40:52",78126000
18900,-400,2000,"bu","13:41:19",78128000
18900,-400,5000,"bu","13:41:21",78133000
18900,-400,3000,"sd","13:41:27",78136000
18900,-400,6000,"bu","13:41:35",78142000
18900,-400,10000,"bu","13:41:40",78152000
18900,-400,20000,"sd","13:41:42",78172000
18900,-400,20000,"sd","13:41:43",78192000
18900,-400,50000,"sd","13:41:46",78242000
18900,-400,1000,"sd","13:41:47",78243000
18900,-400,1000,"sd","13:41:56",78244000
18900,-400,1000,"sd","13:41:57",78245000
18900,-400,19000,"sd","13:41:58",78264000
18900,-400,12000,"bu","13:41:59",78276000
18900,-400,3000,"sd","13:42:00",78279000
18900,-400,100000,"sd","13:42:01",78379000
18900,-400,1000,"sd","13:42:07",78380000
18900,-400,3000,"sd","13:42:09",78383000
18900,-400,1000,"sd","13:42:12",78384000
18900,-400,1000,"bu","13:42:13",78385000
18900,-400,3000,"sd","13:42:16",78388000
18900,-400,20000,"sd","13:42:18",78408000
18900,-400,10000,"sd","13:42:20",78418000
18900,-400,2000,"bu","13:42:22",78420000
18900,-400,7000,"bu","13:42:26",78427000
18800,-500,2000,"bu","13:42:31",78429000
18900,-400,2000,"sd","13:42:33",78431000
18900,-400,5000,"bu","13:42:36",78436000
18900,-400,11000,"bu","13:42:39",78447000
18900,-400,22000,"sd","13:42:40",78469000
18900,-400,4000,"bu","13:42:43",78473000
18900,-400,27000,"bu","13:42:47",78500000
18900,-400,20000,"sd","13:42:48",78520000
18900,-400,1000,"sd","13:42:49",78521000
18900,-400,1000,"sd","13:42:59",78522000
18900,-400,5000,"bu","13:43:01",78527000
18900,-400,20000,"bu","13:43:02",78547000
18900,-400,50000,"bu","13:43:04",78597000
18800,-500,8000,"sd","13:43:09",78605000
18900,-400,20000,"sd","13:43:14",78625000
18900,-400,20000,"sd","13:43:20",78645000
18900,-400,2000,"bu","13:43:24",78647000
18900,-400,230000,"sd","13:43:26",78877000
18900,-400,22000,"sd","13:43:29",78899000
18900,-400,2000,"sd","13:43:33",78901000
18900,-400,1000,"bu","13:43:35",78902000
18900,-400,50000,"bu","13:43:39",78952000
18900,-400,10000,"bu","13:43:41",78962000
18900,-400,90000,"bu","13:43:42",79052000
18800,-500,19000,"bu","13:43:43",79071000
18900,-400,50000,"bu","13:43:46",79121000
18900,-400,35000,"sd","13:43:47",79156000
18900,-400,6000,"bu","13:43:50",79162000
18900,-400,30000,"sd","13:43:51",79192000
18900,-400,10000,"bu","13:43:54",79202000
18900,-400,7000,"bu","13:44:00",79209000
18900,-400,4000,"bu","13:44:02",79213000
18900,-400,50000,"bu","13:44:03",79263000
18900,-400,50000,"bu","13:44:04",79313000
18900,-400,730000,"bu","13:44:07",80043000
18900,-400,1000,"bu","13:44:09",80044000
18900,-400,15000,"bu","13:44:10",80059000
18900,-400,14000,"bu","13:44:11",80073000
18900,-400,10000,"sd","13:44:12",80083000
18900,-400,7000,"sd","13:44:14",80090000
18900,-400,2000,"sd","13:44:15",80092000
18900,-400,33000,"bu","13:44:20",80125000
18900,-400,6000,"bu","13:44:23",80131000
18900,-400,215000,"sd","13:44:24",80346000
18900,-400,32000,"sd","13:44:28",80378000
18900,-400,6000,"sd","13:44:29",80384000
18900,-400,10000,"bu","13:44:30",80394000
18900,-400,23000,"bu","13:44:32",80417000
18900,-400,8000,"sd","13:44:34",80425000
18900,-400,9000,"sd","13:44:35",80434000
19000,-300,3000,"sd","13:44:36",80437000
18900,-400,3000,"bu","13:44:45",80440000
18900,-400,5000,"bu","13:44:56",80445000
18900,-400,100000,"bu","13:45:11",80545000
18900,-400,50000,"sd","13:45:30",80595000
18900,-400,3000,"sd","13:45:46",80598000
18900,-400,50000,"sd","13:45:56",80648000
18900,-400,10000,"bu","13:45:58",80658000
18900,-400,100000,"sd","13:46:17",80758000
19000,-300,20000,"bu","13:46:35",80778000
18900,-400,40000,"sd","13:46:37",80818000
18900,-400,3000,"sd","13:46:46",80821000
18900,-400,20000,"bu","13:46:54",80841000
18900,-400,60000,"sd","13:47:06",80901000
19000,-300,2000,"sd","13:47:07",80903000
19000,-300,30000,"sd","13:47:17",80933000
18900,-400,50000,"sd","13:47:18",80983000
19000,-300,10000,"sd","13:47:30",80993000
19000,-300,10000,"sd","13:47:43",81003000
18900,-400,3000,"sd","13:47:47",81006000
18900,-400,5000,"sd","13:48:07",81011000
19000,-300,9000,"sd","13:48:09",81020000
18900,-400,5000,"bu","13:48:13",81025000
19000,-300,1000,"bu","13:48:20",81026000
19000,-300,2000,"sd","13:48:28",81028000
19000,-300,1000,"sd","13:48:37",81029000
18900,-400,2000,"sd","13:48:38",81031000
19000,-300,10000,"bu","13:48:40",81041000
18900,-400,100000,"bu","13:48:42",81141000
19000,-300,20000,"sd","13:48:44",81161000
18900,-400,3000,"sd","13:48:48",81164000
18900,-400,50000,"bu","13:48:54",81214000
18900,-400,1000000,"sd","13:48:55",82214000
18900,-400,40000,"bu","13:48:57",82254000
18900,-400,50000,"sd","13:48:58",82304000
18900,-400,3000,"sd","13:48:59",82307000
18900,-400,200000,"sd","13:49:03",82507000
18900,-400,18000,"sd","13:49:05",82525000
18900,-400,20000,"bu","13:49:06",82545000
18900,-400,8000,"sd","13:49:10",82553000
18900,-400,3000,"sd","13:49:17",82556000
18900,-400,1000,"bu","13:49:20",82557000
18900,-400,10000,"bu","13:49:28",82567000
18800,-500,8000,"bu","13:49:49",82575000
18900,-400,10000,"bu","13:50:10",82585000
18900,-400,1000,"bu","13:50:16",82586000
18900,-400,2000,"sd","13:50:30",82588000
18900,-400,3000,"bu","13:50:36",82591000
18800,-500,3000,"bu","13:50:51",82594000
18900,-400,3000,"bu","13:50:57",82597000
18800,-500,10000,"bu","13:51:00",82607000
18800,-500,1000,"sd","13:51:24",82608000
18800,-500,10000,"sd","13:51:37",82618000
18800,-500,2000,"sd","13:51:40",82620000
18800,-500,3000,"bu","13:51:52",82623000
18800,-500,1000,"bu","13:52:08",82624000
18900,-400,1000,"bu","13:52:13",82625000
18800,-500,1000,"bu","13:52:14",82626000
18900,-400,1000,"bu","13:52:37",82627000
18800,-500,4000,"bu","13:52:40",82631000
18800,-500,3000,"bu","13:52:53",82634000
18800,-500,7000,"sd","13:53:08",82641000
18900,-400,50000,"bu","13:53:26",82691000
18900,-400,100000,"sd","13:53:38",82791000
18900,-400,100000,"sd","13:53:38",82791000
18800,-500,7000,"sd","13:53:49",82798000
18900,-400,4000,"sd","13:53:54",82802000
18900,-400,2000,"bu","13:53:58",82804000
18900,-400,5000,"bu","13:54:11",82809000
18900,-400,1000,"bu","13:54:25",82810000
18900,-400,16000,"sd","13:54:37",82826000
18900,-400,10000,"bu","13:54:47",82836000
18900,-400,4000,"sd","13:54:52",82840000
18800,-500,3000,"bu","13:54:55",82843000
18900,-400,50000,"sd","13:55:00",82893000
18900,-400,1000,"sd","13:55:03",82894000
18900,-400,2000,"sd","13:55:08",82896000
18900,-400,38000,"bu","13:55:14",82934000
18900,-400,10000,"bu","13:55:19",82944000
18900,-400,51000,"bu","13:55:25",82995000
18900,-400,1000,"bu","13:55:27",82996000
18900,-400,5000,"bu","13:55:29",83001000
18900,-400,5000,"bu","13:55:35",83006000
18900,-400,1000,"bu","13:55:36",83007000
18900,-400,5000,"sd","13:55:52",83012000
18900,-400,10000,"bu","13:55:56",83022000
18800,-500,3000,"sd","13:55:57",83025000
18900,-400,20000,"sd","13:56:02",83045000
18900,-400,10000,"sd","13:56:14",83055000
18800,-500,10000,"bu","13:56:16",83065000
18800,-500,2000,"bu","13:56:21",83067000
18900,-400,5000,"sd","13:56:23",83072000
18900,-400,5000,"bu","13:56:29",83077000
18900,-400,1000,"sd","13:56:30",83078000
18900,-400,1000,"sd","13:56:54",83079000
18800,-500,4000,"sd","13:56:59",83083000
18900,-400,2000,"sd","13:57:30",83085000
18900,-400,9000,"sd","13:57:37",83094000
18900,-400,10000,"bu","13:57:58",83104000
18900,-400,12000,"sd","13:58:00",83116000
18800,-500,3000,"sd","13:58:01",83119000
18900,-400,5000,"sd","13:58:17",83124000
18800,-500,9000,"bu","13:58:18",83133000
18800,-500,90000,"bu","13:58:23",83223000
18900,-400,200000,"sd","13:58:58",83423000
18800,-500,3000,"bu","13:59:03",83426000
18800,-500,3000,"bu","13:59:04",83429000
18900,-400,50000,"bu","13:59:08",83479000
18900,-400,9000,"sd","13:59:12",83488000
18900,-400,196000,"sd","13:59:14",83684000
18900,-400,45000,"bu","13:59:24",83729000
18900,-400,1000,"sd","13:59:30",83730000
18900,-400,10000,"sd","13:59:31",83740000
18900,-400,20000,"bu","13:59:34",83760000
18900,-400,2000,"sd","13:59:35",83762000
18900,-400,1000,"bu","13:59:37",83763000
18900,-400,10000,"sd","13:59:42",83773000
18900,-400,1000,"sd","13:59:50",83774000
18900,-400,1000,"bu","13:59:58",83775000
18900,-400,50000,"sd","13:59:59",83825000
18900,-400,5000,"sd","14:00:00",83830000
18900,-400,2000,"bu","14:00:04",83832000
18900,-400,93000,"sd","14:00:05",83925000
18900,-400,68000,"sd","14:00:07",83993000
18900,-400,20000,"sd","14:00:08",84013000
18900,-400,1000,"bu","14:00:09",84014000
18900,-400,51000,"sd","14:00:14",84065000
18900,-400,24000,"bu","14:00:15",84089000
18900,-400,1000,"bu","14:00:16",84090000
18900,-400,17000,"bu","14:00:21",84107000
18900,-400,100000,"bu","14:00:22",84207000
18900,-400,71000,"bu","14:00:24",84278000
18900,-400,30000,"bu","14:00:25",84308000
18900,-400,10000,"sd","14:00:26",84318000
18900,-400,2000,"bu","14:00:27",84320000
18900,-400,11000,"bu","14:00:29",84331000
18900,-400,5000,"sd","14:00:32",84336000
18900,-400,1000,"bu","14:00:34",84337000
18900,-400,12000,"sd","14:00:35",84349000
18900,-400,110000,"sd","14:00:40",84459000
18900,-400,55000,"bu","14:00:41",84514000
18900,-400,5000,"bu","14:00:43",84519000
18900,-400,10000,"bu","14:00:44",84529000
18900,-400,2000,"bu","14:00:46",84531000
18900,-400,6000,"sd","14:00:47",84537000
18900,-400,10000,"bu","14:00:50",84547000
18900,-400,11000,"sd","14:00:51",84558000
18900,-400,3000,"bu","14:00:53",84561000
18900,-400,10000,"bu","14:00:56",84571000
18900,-400,50000,"bu","14:00:57",84621000
18900,-400,20000,"sd","14:01:00",84641000
18900,-400,1000,"bu","14:01:01",84642000
18900,-400,10000,"sd","14:01:03",84652000
18900,-400,61000,"sd","14:01:05",84713000
18900,-400,8000,"sd","14:01:06",84721000
18800,-500,3000,"bu","14:01:07",84724000
18900,-400,214000,"bu","14:01:08",84938000
18900,-400,50000,"bu","14:01:15",84988000
19000,-300,1000,"sd","14:01:47",84989000
19000,-300,30000,"bu","14:01:59",85019000
19000,-300,4000,"sd","14:02:00",85023000
18900,-400,4000,"bu","14:02:09",85027000
19000,-300,10000,"bu","14:02:20",85037000
19000,-300,3000,"sd","14:02:27",85040000
19000,-300,3000,"bu","14:02:34",85043000
19000,-300,5000,"sd","14:02:46",85048000
18900,-400,1000,"sd","14:02:48",85049000
18900,-400,3000,"sd","14:03:11",85052000
19000,-300,10000,"bu","14:03:12",85062000
19000,-300,5000,"sd","14:03:13",85067000
18900,-400,50000,"sd","14:03:31",85117000
18900,-400,50000,"sd","14:03:40",85167000
18900,-400,22000,"sd","14:03:59",85189000
18900,-400,3000,"sd","14:04:13",85192000
19000,-300,1000,"bu","14:04:27",85193000
19000,-300,20000,"sd","14:04:41",85213000
19000,-300,1000,"sd","14:04:49",85214000
19000,-300,2000,"bu","14:04:56",85216000
18900,-400,3000,"sd","14:05:15",85219000
18900,-400,500000,"bu","14:05:16",85719000
18900,-400,100000,"sd","14:05:23",85819000
18900,-400,20000,"sd","14:05:28",85839000
18900,-400,21000,"bu","14:05:29",85860000
18900,-400,12000,"bu","14:05:34",85872000
18900,-400,17000,"sd","14:05:39",85889000
18900,-400,21000,"sd","14:05:45",85910000
18900,-400,10000,"bu","14:05:48",85920000
18900,-400,20000,"bu","14:05:50",85940000
18900,-400,500000,"sd","14:05:53",86440000
18900,-400,200000,"bu","14:05:56",86640000
18900,-400,40000,"bu","14:05:57",86680000
18900,-400,100000,"bu","14:06:00",86780000
18900,-400,50000,"sd","14:06:03",86830000
18900,-400,40000,"bu","14:06:10",86870000
18900,-400,36000,"bu","14:06:11",86906000
18800,-500,3000,"sd","14:06:17",86909000
18900,-400,5000,"bu","14:06:30",86914000
18800,-500,20000,"sd","14:06:48",86934000
18900,-400,45000,"bu","14:06:55",86979000
18800,-500,1000,"bu","14:07:03",86980000
18800,-500,3000,"sd","14:07:19",86983000
18900,-400,5000,"bu","14:07:27",86988000
18800,-500,30000,"bu","14:07:36",87018000
18800,-500,15000,"bu","14:07:37",87033000
18900,-400,10000,"sd","14:07:51",87043000
18900,-400,10000,"bu","14:08:15",87053000
18800,-500,3000,"sd","14:08:21",87056000
18900,-400,1000,"bu","14:08:23",87057000
18900,-400,200000,"sd","14:08:30",87257000
18900,-400,10000,"sd","14:08:35",87267000
18900,-400,4000,"sd","14:08:39",87271000
18900,-400,10000,"sd","14:08:55",87281000
18900,-400,6000,"bu","14:08:57",87287000
18900,-400,5000,"sd","14:08:58",87292000
18900,-400,10000,"bu","14:09:01",87302000
18900,-400,1000,"sd","14:09:03",87303000
18900,-400,1000,"sd","14:09:10",87304000
18900,-400,2000,"bu","14:09:21",87306000
18800,-500,3000,"sd","14:09:23",87309000
18900,-400,5000,"sd","14:09:24",87314000
18900,-400,10000,"bu","14:09:29",87324000
18900,-400,3000,"sd","14:09:39",87327000
18900,-400,5000,"sd","14:09:51",87332000
18900,-400,100000,"bu","14:09:52",87432000
18800,-500,110000,"sd","14:09:57",87542000
18800,-500,3000,"sd","14:10:25",87545000
18900,-400,5000,"bu","14:10:35",87550000
18900,-400,20000,"sd","14:10:37",87570000
18900,-400,10000,"sd","14:10:45",87580000
18900,-400,1000,"bu","14:10:49",87581000
18800,-500,5000,"sd","14:10:56",87586000
18900,-400,4000,"bu","14:10:59",87590000
18900,-400,14000,"sd","14:11:00",87604000
18900,-400,50000,"bu","14:11:09",87654000
18900,-400,1000,"bu","14:11:22",87655000
18800,-500,3000,"bu","14:11:27",87658000
18900,-400,50000,"sd","14:11:32",87708000
18900,-400,10000,"sd","14:11:39",87718000
18900,-400,10000,"sd","14:11:46",87728000
18900,-400,1000,"bu","14:11:49",87729000
18900,-400,5000,"bu","14:11:50",87734000
18900,-400,59000,"bu","14:12:10",87793000
18900,-400,5000,"bu","14:12:10",87740000
18900,-400,158000,"bu","14:12:10",87898000
18900,-400,1000,"sd","14:12:10",87741000
18900,-400,158000,"sd","14:12:14",87899000
18900,-400,2000,"bu","14:12:17",87901000
18900,-400,12000,"sd","14:12:24",87913000
18800,-500,13000,"bu","14:12:29",87926000
18900,-400,5000,"sd","14:12:33",87931000
18900,-400,11000,"bu","14:12:36",87942000
18900,-400,10000,"bu","14:12:38",87952000
18900,-400,10000,"bu","14:12:39",87962000
18900,-400,20000,"bu","14:12:46",87982000
18900,-400,40000,"sd","14:12:48",88022000
18900,-400,11000,"bu","14:12:56",88033000
18900,-400,1000,"bu","14:13:02",88034000
18900,-400,30000,"sd","14:13:03",88064000
18800,-500,5000,"bu","14:13:04",88069000
18900,-400,20000,"sd","14:13:19",88089000
18900,-400,31000,"bu","14:13:20",88120000
18900,-400,2000,"bu","14:13:26",88122000
18900,-400,5000,"bu","14:13:29",88127000
18900,-400,4000,"bu","14:13:31",88131000
18900,-400,5000,"bu","14:13:34",88136000
18900,-400,10000,"bu","14:13:35",88146000
18900,-400,13000,"bu","14:13:37",88159000
18900,-400,3000,"sd","14:13:40",88162000
18900,-400,20000,"sd","14:13:43",88182000
18900,-400,50000,"bu","14:13:44",88232000
18900,-400,2000,"bu","14:13:46",88234000
18900,-400,1000,"bu","14:13:50",88235000
18900,-400,14000,"bu","14:13:51",88249000
18900,-400,1000,"sd","14:14:07",88250000
18900,-400,101000,"sd","14:14:12",88351000
18900,-400,10000,"bu","14:14:14",88361000
18900,-400,1000,"bu","14:14:15",88362000
18900,-400,7000,"bu","14:14:17",88369000
18900,-400,3000,"sd","14:14:27",88372000
18900,-400,10000,"bu","14:14:28",88382000
18900,-400,2000,"bu","14:14:30",88384000
18900,-400,40000,"bu","14:14:32",88424000
18800,-500,3000,"bu","14:14:33",88427000
18900,-400,10000,"bu","14:14:35",88437000
18900,-400,8000,"sd","14:14:41",88445000
18900,-400,50000,"sd","14:14:47",88495000
18900,-400,5000,"sd","14:14:49",88500000
18900,-400,50000,"sd","14:14:54",88550000
18900,-400,5000,"bu","14:15:00",88555000
18900,-400,5000,"bu","14:15:03",88560000
18900,-400,110000,"bu","14:15:06",88670000
18900,-400,1000,"sd","14:15:09",88671000
18900,-400,702000,"sd","14:15:12",89373000
18900,-400,12000,"bu","14:15:13",89385000
18900,-400,2000,"sd","14:15:14",89387000
18900,-400,500000,"bu","14:15:17",89887000
18900,-400,75000,"bu","14:15:22",89962000
18900,-400,3000,"sd","14:15:35",89965000
18900,-400,70000,"sd","14:15:53",90035000
19000,-300,3000,"bu","14:15:57",90038000
18900,-400,278000,"bu","14:16:10",90316000
18900,-400,2000,"sd","14:16:11",90318000
18900,-400,2000,"bu","14:16:14",90320000
18900,-400,18000,"sd","14:16:15",90338000
18900,-400,85000,"sd","14:16:18",90423000
18900,-400,2000,"bu","14:16:19",90425000
18900,-400,25000,"sd","14:16:21",90450000
18900,-400,15000,"sd","14:16:24",90465000
18900,-400,10000,"bu","14:16:26",90475000
18900,-400,2000,"sd","14:16:31",90477000
18900,-400,1000,"sd","14:16:33",90478000
18900,-400,8000,"bu","14:16:37",90486000
18900,-400,5000,"bu","14:16:38",90491000
18900,-400,1000,"sd","14:16:40",90492000
18800,-500,5000,"bu","14:16:43",90497000
18900,-400,10000,"sd","14:16:47",90507000
18900,-400,10000,"sd","14:16:48",90517000
18900,-400,5000,"sd","14:16:53",90522000
18900,-400,5000,"bu","14:16:56",90527000
18900,-400,9000,"bu","14:17:04",90536000
18900,-400,5000,"bu","14:17:10",90541000
18900,-400,2000,"bu","14:17:12",90543000
18900,-400,10000,"sd","14:17:14",90553000
18900,-400,100000,"bu","14:17:16",90653000
18900,-400,50000,"bu","14:17:17",90703000
18900,-400,30000,"sd","14:17:19",90733000
18900,-400,4000,"sd","14:17:20",90737000
18900,-400,1000,"bu","14:17:23",90738000
18900,-400,3000,"bu","14:17:25",90741000
18900,-400,1000,"sd","14:17:34",90742000
18800,-500,3000,"bu","14:17:38",90745000
18900,-400,1000,"sd","14:17:41",90746000
18900,-400,10000,"bu","14:17:42",90756000
18900,-400,60000,"sd","14:17:43",90816000
18900,-400,2000,"bu","14:17:46",90818000
18900,-400,188000,"sd","14:17:51",91006000
18900,-400,50000,"bu","14:18:14",91056000
18900,-400,40000,"bu","14:18:37",91096000
18900,-400,3000,"sd","14:18:40",91099000
18900,-400,20000,"bu","14:18:50",91119000
19000,-300,10000,"sd","14:19:32",91129000
19000,-300,55000,"sd","14:19:35",91184000
18900,-400,1000,"bu","14:19:38",91185000
18900,-400,3000,"bu","14:19:44",91188000
19000,-300,10000,"bu","14:19:51",91198000
19000,-300,6000,"sd","14:20:03",91204000
19000,-300,1000,"sd","14:20:07",91205000
18900,-400,300000,"sd","14:20:10",91505000
19000,-300,5000,"bu","14:20:25",91510000
19000,-300,3000,"bu","14:20:35",91513000
18900,-400,40000,"sd","14:20:39",91553000
18900,-400,3000,"sd","14:20:45",91556000
19000,-300,4000,"bu","14:20:54",91560000
19000,-300,5000,"bu","14:21:04",91565000
18900,-400,20000,"sd","14:21:05",91585000
19000,-300,6000,"sd","14:21:12",91591000
19000,-300,1000,"sd","14:21:26",91592000
19000,-300,3000,"bu","14:21:27",91595000
19000,-300,1000,"sd","14:21:32",91596000
19000,-300,4000,"sd","14:21:47",91600000
19000,-300,2000,"bu","14:21:57",91602000
19000,-300,5000,"sd","14:21:58",91607000
19000,-300,2000,"sd","14:22:10",91609000
19000,-300,30000,"bu","14:22:13",91639000
19000,-300,7000,"bu","14:22:26",91646000
19000,-300,50000,"bu","14:22:31",91696000
18900,-400,5000,"bu","14:22:42",91701000
19000,-300,970000,"bu","14:22:43",92671000
19000,-300,10000,"sd","14:22:45",92681000
19000,-300,5000,"bu","14:22:46",92686000
18900,-400,3000,"bu","14:22:49",92689000
19000,-300,13000,"bu","14:22:50",92702000
19000,-300,6000,"bu","14:22:55",92708000
18900,-400,24000,"sd","14:22:56",92732000
19000,-300,1000,"sd","14:23:03",92733000
18900,-400,20000,"sd","14:23:05",92753000
19000,-300,5000,"bu","14:23:19",92758000
19000,-300,2000,"bu","14:23:36",92760000
19000,-300,1000,"sd","14:23:39",92761000
19000,-300,20000,"bu","14:23:40",92781000
19000,-300,1000,"bu","14:23:42",92782000
19000,-300,81000,"bu","14:23:44",92863000
18900,-400,3000,"sd","14:23:51",92866000
19000,-300,5000,"bu","14:24:00",92871000
19000,-300,10000,"bu","14:24:09",92881000
19000,-300,5000,"sd","14:24:10",92886000
19000,-300,2000,"sd","14:24:11",92888000
19000,-300,46000,"bu","14:24:14",92934000
19000,-300,30000,"bu","14:24:20",92964000
19000,-300,1000,"sd","14:24:26",92965000
19000,-300,30000,"sd","14:24:28",92995000
19000,-300,101000,"sd","14:24:31",93096000
19000,-300,70000,"sd","14:24:34",93166000
19000,-300,25000,"bu","14:24:37",93191000
19000,-300,1000,"sd","14:24:38",93192000
19000,-300,16000,"bu","14:24:39",93208000
19000,-300,10000,"sd","14:24:41",93218000
19000,-300,16000,"sd","14:24:45",93234000
19000,-300,7000,"sd","14:24:47",93241000
19000,-300,3000,"sd","14:24:49",93244000
19000,-300,100000,"sd","14:24:50",93344000
18900,-400,3000,"sd","14:24:53",93347000
19000,-300,10000,"sd","14:24:54",93357000
19000,-300,20000,"bu","14:24:55",93377000
19000,-300,10000,"bu","14:24:56",93387000
19000,-300,10000,"bu","14:24:59",93397000
19000,-300,3000,"sd","14:25:05",93400000
19000,-300,16000,"bu","14:25:07",93416000
19000,-300,10000,"bu","14:25:08",93426000
19000,-300,70000,"bu","14:25:10",93496000
19000,-300,5000,"bu","14:25:14",93501000
18900,-400,29000,"bu","14:25:15",93530000
19000,-300,30000,"bu","14:25:17",93560000
19000,-300,20000,"bu","14:25:19",93580000
19000,-300,201000,"sd","14:25:23",93781000
19000,-300,5000,"sd","14:25:25",93786000
19000,-300,10000,"bu","14:25:28",93796000
19000,-300,72000,"sd","14:25:29",93868000
19000,-300,120000,"bu","14:25:31",93988000
19000,-300,606000,"sd","14:25:33",94594000
19000,-300,10000,"bu","14:25:35",94604000
19000,-300,10000,"sd","14:25:36",94614000
19000,-300,3000,"bu","14:25:56",94617000
19100,-200,350000,"bu","14:26:01",94967000
19000,-300,50000,"bu","14:26:02",95017000
19100,-200,23000,"bu","14:26:05",95040000
19000,-300,100000,"bu","14:26:18",95140000
19000,-300,100000,"bu","14:26:27",95240000
19100,-200,2000,"bu","14:26:31",95242000
19100,-200,10000,"sd","14:26:49",95252000
19000,-300,3000,"bu","14:26:57",95255000
19000,-300,10000,"bu","14:27:08",95265000
19000,-300,20000,"bu","14:27:14",95285000
19000,-300,20000,"bu","14:27:18",95305000
19000,-300,30000,"bu","14:27:26",95335000
19000,-300,20000,"bu","14:27:29",95355000
19000,-300,2000,"sd","14:27:30",95357000
19000,-300,1000,"bu","14:27:35",95358000
19000,-300,12000,"sd","14:27:38",95370000
19000,-300,1000,"bu","14:27:42",95371000
19000,-300,15000,"sd","14:27:43",95386000
19000,-300,2000,"bu","14:27:54",95388000
19000,-300,582000,"bu","14:27:58",95970000
19000,-300,10000,"bu","14:28:06",95980000
19000,-300,10000,"sd","14:28:14",95990000
19000,-300,10000,"bu","14:28:16",96000000
19000,-300,5000,"sd","14:28:20",96005000
19000,-300,69000,"bu","14:28:21",96074000
19000,-300,2000,"bu","14:28:23",96076000
19000,-300,1000,"bu","14:28:27",96077000
19000,-300,10000,"bu","14:28:29",96087000
19000,-300,2000,"sd","14:28:37",96089000
19000,-300,80000,"sd","14:28:41",96169000
19000,-300,439000,"sd","14:28:48",96608000
18900,-400,2000,"bu","14:28:56",96610000
19000,-300,10000,"sd","14:29:00",96620000
18900,-400,2968000,"bu","14:29:07",99588000
18900,-400,18000,"bu","14:29:08",99606000
18900,-400,10000,"bu","14:29:13",99616000
18900,-400,4000,"sd","14:29:20",99620000
19000,-300,38000,"sd","14:29:21",99658000
19000,-300,1000,"sd","14:29:22",99659000
18900,-400,19000,"bu","14:29:25",99678000
18900,-400,57000,"bu","14:29:29",99735000
18900,-400,2000,"bu","14:29:32",99737000
18900,-400,10000,"sd","14:29:40",99747000
18900,-400,1000,"sd","14:29:41",99748000
18900,-400,443000,"bu","14:29:44",100191000
18900,-400,5000,"sd","14:29:49",100196000
18900,-400,83000,"sd","14:29:50",100279000
18900,-400,300000,"sd","14:29:53",100579000
18900,-400,1000,"sd","14:30:01",100580000
18900,-400,3000,"sd","14:30:03",100583000
18900,-400,1000,"bu","14:30:04",100584000
18900,-400,120000,"sd","14:30:07",100704000
18900,-400,30000,"sd","14:30:08",100734000
18900,-400,3000,"bu","14:30:09",100737000
18900,-400,3000,"bu","14:30:10",100740000
18900,-400,3000,"bu","14:30:13",100743000
18900,-400,2000,"sd","14:30:14",100745000
18900,-400,50000,"sd","14:30:20",100795000
18900,-400,1000,"sd","14:30:23",100796000
18900,-400,1000,"bu","14:30:25",100797000
18900,-400,5000,"sd","14:30:28",100802000
18900,-400,2000,"sd","14:30:38",100804000
18900,-400,8000,"bu","14:30:39",100812000
18900,-400,66000,"bu","14:30:46",100878000
18900,-400,10000,"sd","14:30:47",100888000
18900,-400,5000,"sd","14:30:54",100893000
18900,-400,2000,"sd","14:31:09",100895000
18900,-400,20000,"sd","14:31:12",100915000
18900,-400,20000,"bu","14:31:18",100935000
18900,-400,10000,"bu","14:31:19",100945000
18900,-400,166000,"bu","14:31:44",101111000
18900,-400,10000,"sd","14:31:53",101121000
18900,-400,1000,"sd","14:31:59",101122000
18900,-400,40000,"sd","14:32:06",101162000
18900,-400,5000,"bu","14:32:07",101167000
18900,-400,11000,"bu","14:32:11",101178000
18900,-400,100000,"sd","14:32:12",101278000
18900,-400,20000,"sd","14:32:18",101298000
18900,-400,10000,"bu","14:32:19",101308000
18900,-400,1000,"bu","14:32:23",101309000
18900,-400,1000,"bu","14:32:26",101310000
18900,-400,10000,"sd","14:32:27",101320000
18900,-400,63000,"bu","14:32:42",101383000
18900,-400,40000,"sd","14:32:45",101423000
18900,-400,41000,"sd","14:32:46",101464000
18900,-400,1000,"sd","14:32:51",101465000
18900,-400,5000,"sd","14:32:53",101470000
18900,-400,7000,"bu","14:32:59",101477000
18900,-400,167000,"bu","14:33:04",101644000
18900,-400,10000,"bu","14:33:11",101654000
18900,-400,100000,"sd","14:33:20",101754000
18900,-400,23000,"bu","14:33:22",101777000
18900,-400,2000,"sd","14:33:26",101779000
18900,-400,30000,"sd","14:33:29",101809000
18900,-400,5000,"sd","14:33:36",101814000
18900,-400,1000,"sd","14:33:37",101815000
18900,-400,50000,"sd","14:33:49",101865000
18900,-400,5000,"bu","14:34:00",101870000
18900,-400,1000,"sd","14:34:13",101871000
18900,-400,15000,"bu","14:34:22",101886000
18900,-400,6000,"sd","14:34:27",101892000
18900,-400,10000,"sd","14:34:31",101902000
18800,-500,10000,"sd","14:34:32",101912000
18900,-400,10000,"sd","14:34:37",101922000
18900,-400,8000,"sd","14:34:50",101930000
18900,-400,10000,"sd","14:34:53",101940000
18900,-400,50000,"bu","14:35:04",101990000
18900,-400,2000,"bu","14:35:10",101992000
18900,-400,1000,"bu","14:35:11",101993000
18800,-500,1000,"bu","14:35:14",101994000
18900,-400,10000,"sd","14:35:17",102004000
18900,-400,50000,"bu","14:35:31",102054000
18900,-400,20000,"sd","14:35:32",102074000
18900,-400,23000,"bu","14:35:37",102097000
18900,-400,31000,"bu","14:36:32",102128000
18900,-400,10000,"sd","14:37:03",102138000
18900,-400,2000,"bu","14:37:04",102140000
18900,-400,10000,"sd","14:37:44",102150000
18900,-400,15000,"sd","14:38:01",102165000
18900,-400,1000,"sd","14:38:37",102166000
18900,-400,1000,"bu","14:38:46",102167000
18900,-400,111000,"sd","14:39:01",102278000
18900,-400,10000,"bu","14:39:08",102288000
18900,-400,10000,"bu","14:39:44",102298000
18900,-400,20000,"sd","14:39:47",102318000
18900,-400,55000,"sd","14:39:59",102373000
19000,-300,1000,"bu","14:40:01",102374000
18900,-400,5000,"sd","14:40:05",102379000
18900,-400,10000,"sd","14:40:49",102389000
18900,-400,10000,"sd","14:41:00",102399000
18900,-400,100000,"sd","14:41:18",102499000
18900,-400,3000,"sd","14:41:20",102502000
18900,-400,1000,"bu","14:41:53",102503000
18900,-400,4000,"bu","14:42:01",102507000
18900,-400,10000,"bu","14:42:24",102517000
18900,-400,5000,"bu","14:42:46",102522000
18900,-400,100000,"sd","14:42:48",102622000
18900,-400,1000,"sd","14:43:01",102623000
18900,-400,500000,"sd","14:43:04",103123000
19000,-300,1000,"bu","14:43:06",103124000
18900,-400,20000,"bu","14:43:10",103144000
18900,-400,10000,"bu","14:43:28",103154000
18900,-400,20000,"bu","14:43:34",103174000
18900,-400,8000,"bu","14:43:36",103182000
18900,-400,20000,"sd","14:43:38",103202000
18900,-400,10000,"bu","14:43:54",103212000
18900,-400,50000,"sd","14:43:56",103262000
18900,-400,10000,"bu","14:43:57",103272000
18900,-400,10000,"bu","14:44:01",103282000
18900,-400,10000,"bu","14:44:10",103292000
18900,-400,40000,"sd","14:44:13",103332000
18900,-400,20000,"bu","14:44:21",103352000
18900,-400,20000,"sd","14:44:28",103372000
18900,-400,8000,"sd","14:44:36",103380000
18900,-400,2000,"sd","14:45:03",103382000
18900,-400,20000,"sd","14:45:13",103402000
18900,-400,18000,"sd","14:45:21",103420000
18900,-400,78000,"sd","14:45:26",103498000
18900,-400,1000,"sd","14:45:37",103499000
18900,-400,50000,"sd","14:45:43",103549000
18900,-400,1000,"bu","14:45:47",103550000
18900,-400,66000,"sd","14:45:48",103616000
18900,-400,1000,"sd","14:45:49",103617000
18900,-400,22000,"bu","14:45:53",103639000
18900,-400,1000,"bu","14:46:00",103640000
18900,-400,10000,"sd","14:46:05",103650000
18900,-400,3000,"bu","14:46:06",103653000
18900,-400,3000,"sd","14:46:08",103656000
18900,-400,7000,"sd","14:46:12",103663000
18900,-400,5000,"sd","14:46:14",103668000
18900,-400,21000,"bu","14:46:15",103689000
18900,-400,6000,"bu","14:46:20",103695000
18900,-400,1000,"bu","14:46:25",103696000
19000,-300,20000,"sd","14:46:28",103716000
18900,-400,100000,"sd","14:46:32",103816000
18900,-400,24000,"bu","14:46:44",103840000
18900,-400,100000,"sd","14:47:03",103940000
18900,-400,100000,"bu","14:47:05",104040000
18900,-400,70000,"bu","14:47:12",104110000
18900,-400,50000,"bu","14:47:13",104160000
18900,-400,2000,"sd","14:47:18",104162000
18900,-400,10000,"sd","14:47:22",104172000
18900,-400,5000,"bu","14:47:25",104177000
18900,-400,5000,"bu","14:47:42",104182000
18900,-400,5000,"bu","14:47:43",104187000
18900,-400,5000,"sd","14:47:45",104192000
18900,-400,50000,"bu","14:47:47",104242000
18900,-400,50000,"bu","14:47:48",104292000
18900,-400,20000,"bu","14:47:52",104312000
18900,-400,30000,"bu","14:47:54",104342000
18900,-400,10000,"bu","14:47:56",104352000
18900,-400,20000,"bu","14:47:58",104372000
18900,-400,7000,"bu","14:48:03",104379000
18900,-400,100000,"sd","14:48:06",104479000
18900,-400,7000,"sd","14:48:07",104486000
18900,-400,100000,"sd","14:48:17",104586000
18900,-400,5000,"bu","14:48:18",104591000
18900,-400,9000,"bu","14:48:24",104600000
18900,-400,3000,"sd","14:48:25",104603000
18900,-400,20000,"sd","14:48:27",104623000
18900,-400,1000,"bu","14:48:40",104624000
18900,-400,100000,"bu","14:48:42",104724000
18900,-400,10000,"sd","14:48:45",104734000
18900,-400,170000,"sd","14:48:48",104904000
18900,-400,10000,"sd","14:48:50",104914000
18900,-400,20000,"bu","14:48:52",104934000
18900,-400,39000,"bu","14:48:53",104973000
18900,-400,5000,"sd","14:49:24",104978000
19000,-300,2000,"sd","14:50:15",104980000
18900,-400,200000,"bu","14:50:17",105180000
19000,-300,1000,"bu","14:50:48",105181000
18900,-400,10000,"sd","14:51:07",105191000
18900,-400,60000,"bu","14:51:20",105251000
18900,-400,100000,"sd","14:51:47",105351000
19000,-300,1000,"sd","14:52:11",105352000
18900,-400,5000,"sd","14:52:27",105357000
19000,-300,1000,"sd","14:52:54",105358000
18900,-400,34000,"sd","14:53:02",105392000
18900,-400,10000,"bu","14:53:26",105402000
18900,-400,20000,"sd","14:54:19",105422000
18900,-400,20000,"sd","14:54:23",105442000
18900,-400,50000,"bu","14:55:06",105492000
18900,-400,62000,"bu","14:55:27",105554000
18900,-400,3000,"bu","14:55:41",105557000
18900,-400,220000,"sd","14:56:18",105777000
18900,-400,2000,"bu","14:56:39",105779000
18900,-400,6000,"sd","14:57:13",105785000
19000,-300,9000,"bu","14:57:25",105794000
18900,-400,12000,"sd","14:57:30",105806000
18900,-400,6000,"sd","14:57:33",105812000
18900,-400,20000,"sd","14:57:43",105832000
19000,-300,5000,"bu","14:57:46",105837000
19000,-300,10000,"sd","14:57:52",105847000
19000,-300,20000,"sd","14:57:55",105867000
18900,-400,5000,"sd","14:58:01",105872000
19000,-300,5000,"sd","14:58:05",105877000
18900,-400,10000,"bu","14:58:20",105887000
18900,-400,20000,"bu","14:58:23",105907000
19000,-300,520000,"sd","14:58:34",106427000
19000,-300,17000,"bu","14:59:00",106444000
19000,-300,58000,"bu","14:59:15",106502000
19000,-300,4000,"sd","14:59:27",106506000
19000,-300,2000,"bu","14:59:31",106508000
19000,-300,1000,"bu","14:59:53",106509000
19000,-300,10000,"bu","14:59:55",106519000
18900,-400,14000,"bu","14:59:57",106533000
