"price","change","match_qtty","side","time","total_vol"
12600,100,10000,"bu","09:00:12",10000
12600,100,2000,"bu","09:00:13",12000
12500,0,8000,"bu","09:00:15",20000
12600,100,4000,"bu","09:00:17",24000
12600,100,3000,"sd","09:00:19",27000
12600,100,30000,"sd","09:00:49",57000
12600,100,5000,"sd","09:01:53",62000
12600,100,20000,"sd","09:02:02",82000
12600,100,1000,"sd","09:02:36",83000
12600,100,10000,"sd","09:02:49",93000
12600,100,20000,"sd","09:02:57",113000
12600,100,31000,"bu","09:04:14",144000
12600,100,6000,"sd","09:04:43",150000
12600,100,1000,"sd","09:05:10",151000
12600,100,15000,"sd","09:05:28",166000
12600,100,2000,"sd","09:05:38",168000
12600,100,10000,"bu","09:05:46",178000
12600,100,1000,"bu","09:05:56",179000
12700,200,13000,"sd","09:06:03",192000
12600,100,10000,"bu","09:07:15",202000
12600,100,119000,"bu","09:07:31",321000
12600,100,20000,"bu","09:07:34",341000
12600,100,19000,"sd","09:09:39",360000
12600,100,14000,"sd","09:10:58",374000
12600,100,30000,"sd","09:11:05",404000
12600,100,2000,"bu","09:13:31",406000
12600,100,10000,"sd","09:16:05",416000
12600,100,1000,"bu","09:18:00",417000
12600,100,2000,"bu","09:18:50",419000
12700,200,30000,"sd","09:18:52",449000
12600,100,2000,"sd","09:19:17",451000
12600,100,20000,"sd","09:19:26",471000
12600,100,37000,"sd","09:19:32",508000
12700,200,10000,"bu","09:20:08",518000
12600,100,5000,"sd","09:20:20",523000
12600,100,30000,"sd","09:20:44",553000
12600,100,1000,"sd","09:20:53",554000
12600,100,50000,"sd","09:21:04",604000
12600,100,40000,"bu","09:21:15",644000
12600,100,5000,"bu","09:21:39",649000
12600,100,1000,"bu","09:21:40",650000
12600,100,15000,"sd","09:21:58",665000
12600,100,11000,"bu","09:22:13",676000
12600,100,20000,"sd","09:22:19",696000
12600,100,40000,"sd","09:22:25",736000
12600,100,243000,"bu","09:22:27",979000
12600,100,10000,"bu","09:22:36",989000
12600,100,10000,"bu","09:23:09",999000
12600,100,5000,"bu","09:25:54",1004000
12600,100,3000,"bu","09:26:28",1007000
12500,0,39000,"sd","09:28:43",1046000
12500,0,12000,"sd","09:29:43",1058000
12500,0,15000,"sd","09:30:11",1073000
12500,0,1000,"sd","09:30:37",1074000
12500,0,10000,"sd","09:31:17",1084000
12500,0,20000,"bu","09:31:30",1104000
12500,0,4000,"bu","09:31:33",1108000
12500,0,28000,"sd","09:31:47",1136000
12500,0,50000,"bu","09:31:58",1186000
12500,0,10000,"sd","09:32:14",1196000
12600,100,2000,"sd","09:35:11",1198000
12600,100,50000,"sd","09:36:22",1248000
12500,0,20000,"bu","09:37:39",1268000
12500,0,60000,"bu","09:38:26",1328000
12500,0,30000,"sd","09:39:22",1358000
12500,0,10000,"sd","09:39:47",1368000
12500,0,90000,"bu","09:40:03",1458000
12600,100,20000,"sd","09:40:27",1478000
12600,100,8000,"sd","09:41:39",1486000
12500,0,1000,"bu","09:42:48",1487000
12500,0,30000,"sd","09:42:53",1517000
12600,100,6000,"sd","09:43:02",1523000
12500,0,1000,"bu","09:43:11",1524000
12500,0,100000,"bu","09:43:29",1624000
12500,0,10000,"sd","09:44:50",1634000
12500,0,6000,"sd","09:44:51",1640000
12500,0,100000,"bu","09:45:50",1740000
12500,0,1000,"bu","09:46:09",1741000
12500,0,3000,"bu","09:46:10",1744000
12500,0,4000,"sd","09:46:16",1748000
12500,0,1000,"sd","09:46:20",1749000
12500,0,10000,"sd","09:46:33",1759000
12500,0,3000,"sd","09:46:41",1762000
12500,0,4000,"bu","09:46:50",1766000
12500,0,4000,"sd","09:46:59",1770000
12500,0,7000,"sd","09:47:00",1777000
12500,0,2000,"sd","09:47:07",1779000
12500,0,72000,"bu","09:47:11",1851000
12500,0,40000,"sd","09:47:13",1891000
12500,0,5000,"bu","09:47:20",1896000
12500,0,50000,"sd","09:47:39",1946000
12500,0,3000,"sd","09:47:42",1949000
12500,0,50000,"bu","09:47:44",1999000
12500,0,30000,"bu","09:47:57",2029000
12500,0,85000,"sd","09:47:59",2114000
12500,0,33000,"bu","09:48:01",2147000
12500,0,80000,"sd","09:48:02",2227000
12500,0,30000,"bu","09:48:03",2257000
12500,0,138000,"sd","09:48:04",2395000
12500,0,164000,"sd","09:48:05",2559000
12400,-100,3000,"sd","09:48:55",2562000
12400,-100,2000,"sd","09:49:24",2564000
12400,-100,45000,"sd","09:49:27",2609000
12400,-100,3000,"sd","09:49:45",2612000
12400,-100,10000,"sd","09:49:48",2622000
12400,-100,2000,"bu","09:50:03",2624000
12400,-100,50000,"bu","09:50:07",2674000
12400,-100,30000,"bu","09:50:12",2704000
12400,-100,30000,"bu","09:50:29",2734000
12400,-100,28000,"bu","09:50:30",2762000
12400,-100,3000,"sd","09:50:31",2765000
12400,-100,9000,"sd","09:50:35",2774000
12400,-100,210000,"bu","09:50:45",2984000
12400,-100,2000,"sd","09:50:46",2986000
12400,-100,9000,"bu","09:50:49",2995000
12400,-100,164000,"bu","09:50:51",3159000
12400,-100,12000,"bu","09:50:52",3171000
12400,-100,1000,"bu","09:50:53",3172000
12400,-100,4000,"sd","09:50:55",3176000
12400,-100,20000,"bu","09:50:56",3196000
12400,-100,650000,"bu","09:50:58",3846000
12400,-100,30000,"bu","09:51:01",3876000
12400,-100,146000,"sd","09:51:02",4022000
12300,-200,80000,"bu","09:51:12",4102000
12300,-200,60000,"bu","09:51:13",4162000
12300,-200,10000,"sd","09:51:19",4172000
12300,-200,1000,"bu","09:51:26",4173000
12300,-200,20000,"bu","09:51:35",4193000
12300,-200,31000,"bu","09:51:44",4224000
12300,-200,130000,"sd","09:51:49",4354000
12300,-200,13000,"sd","09:51:53",4367000
12300,-200,5000,"sd","09:52:11",4372000
12300,-200,50000,"sd","09:52:14",4422000
12300,-200,3000,"bu","09:52:15",4425000
12300,-200,80000,"bu","09:52:32",4505000
12300,-200,20000,"bu","09:52:35",4525000
12300,-200,30000,"bu","09:52:50",4555000
12300,-200,133000,"bu","09:52:55",4688000
12300,-200,20000,"bu","09:52:57",4708000
12300,-200,4000,"sd","09:53:11",4712000
12300,-200,10000,"sd","09:53:14",4722000
12300,-200,19000,"bu","09:53:17",4741000
12300,-200,55000,"bu","09:53:23",4796000
12300,-200,10000,"bu","09:53:27",4806000
12300,-200,50000,"sd","09:53:53",4856000
12300,-200,3000,"sd","09:53:55",4859000
12300,-200,90000,"sd","09:53:57",4949000
12300,-200,50000,"bu","09:54:13",4999000
12300,-200,50000,"bu","09:54:18",5049000
12300,-200,20000,"bu","09:54:29",5069000
12300,-200,5000,"bu","09:54:45",5074000
12300,-200,50000,"bu","09:54:53",5124000
12300,-200,8000,"bu","09:55:09",5132000
12300,-200,6000,"sd","09:55:57",5138000
12300,-200,5000,"sd","09:56:00",5143000
12400,-100,1000,"bu","09:56:05",5144000
12400,-100,30000,"bu","09:56:18",5174000
12300,-200,20000,"sd","09:56:28",5194000
12400,-100,10000,"sd","09:56:35",5204000
12400,-100,1000,"sd","09:56:56",5205000
12400,-100,1000,"bu","09:56:59",5206000
12400,-100,2000,"sd","09:57:05",5208000
12400,-100,6000,"sd","09:57:11",5214000
12400,-100,500000,"bu","09:57:13",5714000
12400,-100,10000,"sd","09:57:15",5724000
12400,-100,5000,"bu","09:57:20",5729000
12400,-100,1000,"sd","09:57:24",5730000
12400,-100,1000,"sd","09:57:29",5731000
12400,-100,20000,"bu","09:57:31",5751000
12400,-100,8000,"sd","09:57:34",5759000
12400,-100,11000,"bu","09:57:37",5770000
12500,0,20000,"bu","09:57:52",5790000
12300,-200,47000,"bu","09:57:56",5837000
12300,-200,5000,"sd","09:59:23",5842000
12300,-200,1000,"bu","10:00:12",5843000
12300,-200,3000,"sd","10:00:34",5846000
12400,-100,1000,"sd","10:01:04",5847000
12400,-100,10000,"bu","10:01:22",5857000
12300,-200,5000,"bu","10:01:32",5862000
12300,-200,6000,"bu","10:01:46",5868000
12300,-200,2000,"sd","10:01:49",5870000
12300,-200,5000,"bu","10:01:50",5875000
12300,-200,43000,"bu","10:02:57",5918000
12300,-200,20000,"sd","10:02:58",5938000
12300,-200,2000,"bu","10:03:37",5940000
12300,-200,10000,"bu","10:03:51",5950000
12300,-200,10000,"sd","10:03:56",5960000
12300,-200,30000,"sd","10:04:05",5990000
12300,-200,5000,"sd","10:04:06",5995000
12300,-200,10000,"bu","10:04:11",6005000
12300,-200,200000,"bu","10:04:21",6205000
12300,-200,20000,"sd","10:04:56",6225000
12300,-200,54000,"sd","10:05:32",6279000
12300,-200,1000,"sd","10:05:40",6280000
12300,-200,100000,"sd","10:05:59",6380000
12300,-200,74000,"bu","10:06:02",6454000
12300,-200,130000,"bu","10:06:06",6584000
12300,-200,130000,"sd","10:06:14",6714000
12300,-200,2000,"sd","10:06:16",6741000
12300,-200,100000,"sd","10:06:23",6841000
12300,-200,110000,"bu","10:06:34",6951000
12300,-200,20000,"bu","10:06:35",6971000
12300,-200,50000,"sd","10:06:42",7021000
12300,-200,3000,"bu","10:06:48",7024000
12300,-200,30000,"sd","10:06:55",7054000
12300,-200,5000,"sd","10:06:56",7059000
12300,-200,8000,"sd","10:06:58",7067000
12300,-200,15000,"sd","10:07:00",7082000
12300,-200,5000,"bu","10:07:07",7087000
12300,-200,16000,"sd","10:07:08",7103000
12300,-200,25000,"sd","10:07:17",7128000
12300,-200,34000,"sd","10:07:19",7162000
12300,-200,6000,"bu","10:07:23",7168000
12300,-200,10000,"sd","10:07:28",7178000
12300,-200,2000,"bu","10:07:55",7180000
12300,-200,10000,"bu","10:08:02",7190000
12300,-200,20000,"sd","10:08:05",7210000
12300,-200,5000,"sd","10:09:00",7215000
12300,-200,10000,"sd","10:09:05",7225000
12300,-200,1000,"bu","10:09:09",7226000
12300,-200,1000,"bu","10:09:21",7227000
12300,-200,3000,"sd","10:09:49",7230000
12300,-200,10000,"sd","10:09:56",7240000
12300,-200,10000,"sd","10:10:05",7250000
12300,-200,39000,"sd","10:10:07",7289000
12300,-200,1000,"bu","10:10:10",7290000
12300,-200,50000,"sd","10:10:12",7340000
12300,-200,1000,"sd","10:10:21",7341000
12300,-200,2000,"sd","10:10:23",7343000
12200,-300,5000,"bu","10:10:24",7348000
12200,-300,4000,"bu","10:10:25",7352000
12300,-200,10000,"bu","10:10:29",7362000
12300,-200,2000,"sd","10:10:40",7364000
12300,-200,5000,"bu","10:10:42",7369000
12300,-200,2000,"sd","10:11:06",7371000
12300,-200,10000,"bu","10:11:09",7381000
12200,-300,20000,"bu","10:11:12",7401000
12300,-200,4000,"bu","10:11:16",7405000
12300,-200,9000,"sd","10:11:24",7414000
12300,-200,2000,"bu","10:11:27",7416000
12200,-300,30000,"sd","10:11:31",7446000
12300,-200,11000,"sd","10:11:58",7457000
12300,-200,1000,"bu","10:12:11",7458000
12300,-200,50000,"bu","10:12:13",7508000
12300,-200,16000,"sd","10:12:21",7524000
12200,-300,25000,"sd","10:12:22",7549000
12300,-200,20000,"sd","10:12:25",7569000
12200,-300,125000,"sd","10:12:27",7694000
12300,-200,35000,"sd","10:12:28",7729000
12300,-200,1000,"bu","10:12:32",7730000
12300,-200,20000,"sd","10:12:34",7750000
12300,-200,50000,"bu","10:12:35",7800000
12300,-200,14000,"bu","10:12:42",7814000
12300,-200,200000,"sd","10:13:13",8014000
12300,-200,21000,"bu","10:13:16",8035000
12300,-200,1000,"sd","10:14:23",8036000
12300,-200,6000,"bu","10:14:33",8042000
12300,-200,500000,"bu","10:14:50",8542000
12300,-200,20000,"bu","10:15:24",8562000
12300,-200,6000,"bu","10:16:02",8568000
12300,-200,1000,"bu","10:16:18",8569000
12300,-200,5000,"sd","10:16:19",8574000
12300,-200,50000,"sd","10:16:37",8624000
12300,-200,1000,"bu","10:16:51",8625000
12300,-200,2000,"sd","10:17:52",8627000
12300,-200,3000,"sd","10:18:32",8630000
12300,-200,1000,"sd","10:20:10",8631000
12300,-200,5000,"bu","10:20:30",8636000
12300,-200,3000,"sd","10:20:45",8639000
12300,-200,35000,"sd","10:20:53",8674000
12300,-200,2000,"bu","10:21:29",8676000
12300,-200,5000,"sd","10:21:33",8681000
12300,-200,3000,"bu","10:23:16",8684000
12300,-200,50000,"bu","10:23:32",8734000
12300,-200,1000,"bu","10:24:42",8735000
12400,-100,10000,"bu","10:24:47",8745000
12300,-200,2000,"bu","10:25:13",8747000
12400,-100,32000,"bu","10:26:09",8779000
12400,-100,3000,"sd","10:27:22",8782000
12300,-200,3000,"sd","10:27:24",8785000
12300,-200,20000,"sd","10:27:39",8805000
12300,-200,30000,"bu","10:27:47",8835000
12400,-100,1000,"bu","10:27:48",8836000
12300,-200,969000,"sd","10:28:06",9805000
12300,-200,2000,"sd","10:28:20",9807000
12300,-200,1000,"bu","10:28:21",9808000
12300,-200,10000,"sd","10:28:35",9818000
12300,-200,18000,"sd","10:28:40",9836000
12300,-200,12000,"sd","10:28:48",9848000
12300,-200,1000,"sd","10:29:04",9849000
12200,-300,150000,"sd","10:29:18",9999000
12300,-200,2000,"bu","10:29:21",10001000
12200,-300,10000,"sd","10:29:29",10011000
12300,-200,6000,"sd","10:30:02",10017000
12300,-200,5000,"bu","10:30:23",10022000
12300,-200,30000,"sd","10:30:27",10052000
12300,-200,14000,"bu","10:30:49",10066000
12300,-200,3000,"sd","10:31:03",10069000
12400,-100,1000,"bu","10:31:25",10070000
12300,-200,1000,"bu","10:32:02",10071000
12300,-200,10000,"sd","10:33:24",10081000
12300,-200,10000,"bu","10:33:39",10091000
12300,-200,5000,"sd","10:33:45",10096000
12400,-100,1000,"bu","10:33:55",10097000
12300,-200,70000,"bu","10:34:09",10167000
12300,-200,5000,"bu","10:35:01",10172000
12300,-200,20000,"bu","10:35:04",10192000
12300,-200,50000,"bu","10:35:20",10242000
12300,-200,180000,"bu","10:35:33",10422000
12300,-200,50000,"sd","10:35:45",10472000
12200,-300,90000,"bu","10:36:04",10562000
12300,-200,50000,"bu","10:36:21",10612000
12300,-200,2000,"sd","10:36:33",10614000
12200,-300,1000,"sd","10:36:55",10615000
12200,-300,10000,"sd","10:37:01",10625000
12200,-300,10000,"bu","10:37:11",10635000
12200,-300,5000,"bu","10:37:34",10640000
12200,-300,5000,"bu","10:37:41",10645000
12200,-300,10000,"sd","10:37:51",10655000
12200,-300,20000,"bu","10:37:53",10675000
12200,-300,1000,"sd","10:38:08",10676000
12200,-300,12000,"sd","10:38:14",10688000
12200,-300,10000,"sd","10:38:21",10698000
12200,-300,1000,"sd","10:38:24",10699000
12200,-300,20000,"sd","10:38:29",10719000
12200,-300,24000,"sd","10:38:36",10743000
12200,-300,15000,"bu","10:38:44",10758000
12200,-300,40000,"bu","10:38:58",10798000
12200,-300,1000,"bu","10:39:01",10799000
12200,-300,3000,"bu","10:39:09",10802000
12200,-300,9000,"bu","10:39:20",10811000
12200,-300,250000,"sd","10:39:22",11061000
12200,-300,40000,"sd","10:39:29",11101000
12200,-300,100000,"sd","10:39:32",11201000
12200,-300,55000,"bu","10:39:42",11256000
12200,-300,2000,"sd","10:39:43",11258000
12200,-300,5000,"sd","10:39:46",11263000
12200,-300,50000,"sd","10:39:51",11313000
12200,-300,1000,"sd","10:39:58",11314000
12200,-300,10000,"bu","10:40:00",11324000
12200,-300,2000,"bu","10:40:01",11326000
12200,-300,36000,"bu","10:40:05",11362000
12200,-300,32000,"sd","10:40:14",11394000
12200,-300,15000,"bu","10:40:23",11409000
12200,-300,28000,"sd","10:40:26",11437000
12200,-300,10000,"sd","10:40:28",11447000
12200,-300,50000,"bu","10:40:29",11497000
12200,-300,10000,"bu","10:40:31",11507000
12200,-300,7000,"sd","10:40:34",11514000
12200,-300,50000,"bu","10:40:40",11564000
12200,-300,140000,"bu","10:40:42",11704000
12200,-300,66000,"bu","10:40:44",11770000
12200,-300,16000,"bu","10:40:47",11786000
12200,-300,1000,"sd","10:40:54",11787000
12200,-300,45000,"bu","10:40:56",11832000
12200,-300,10000,"bu","10:40:59",11842000
12200,-300,10000,"sd","10:41:01",11852000
12200,-300,100000,"sd","10:41:02",11952000
12200,-300,50000,"bu","10:41:14",12002000
12200,-300,6000,"sd","10:41:22",12008000
12200,-300,52000,"bu","10:41:55",12060000
12200,-300,20000,"bu","10:42:05",12080000
12200,-300,20000,"sd","10:42:13",12100000
12200,-300,124000,"bu","10:42:16",12224000
12200,-300,2000,"bu","10:42:19",12226000
12200,-300,10000,"bu","10:42:29",12236000
12200,-300,20000,"bu","10:42:34",12256000
12200,-300,10000,"bu","10:42:36",12266000
12200,-300,36000,"sd","10:42:38",12302000
12200,-300,2000,"bu","10:42:47",12304000
12200,-300,16000,"bu","10:42:52",12320000
12200,-300,10000,"sd","10:43:00",12330000
12200,-300,10000,"bu","10:43:03",12340000
12200,-300,8000,"bu","10:43:06",12348000
12200,-300,6000,"sd","10:43:10",12354000
12200,-300,1000,"sd","10:43:18",12355000
12200,-300,93000,"bu","10:43:35",12448000
12200,-300,30000,"bu","10:43:53",12478000
12200,-300,10000,"bu","10:44:05",12488000
12200,-300,30000,"sd","10:44:23",12518000
12200,-300,3000,"bu","10:44:27",12523000
12200,-300,2000,"bu","10:44:30",12525000
12200,-300,2000,"sd","10:45:19",12527000
12200,-300,10000,"sd","10:45:32",12537000
12200,-300,5000,"sd","10:46:11",12542000
12200,-300,20000,"sd","10:46:30",12562000
12200,-300,10000,"bu","10:47:49",12572000
12200,-300,119000,"sd","10:48:30",12691000
12200,-300,5000,"bu","10:48:36",12696000
12200,-300,80000,"bu","10:48:48",12776000
12200,-300,1000,"bu","10:48:55",12777000
12200,-300,3000,"bu","10:49:22",12780000
12200,-300,20000,"bu","10:50:26",12800000
12200,-300,10000,"bu","10:50:28",12810000
12200,-300,20000,"bu","10:51:13",12830000
12200,-300,2000,"bu","10:51:23",12832000
12200,-300,20000,"bu","10:51:28",12852000
12200,-300,5000,"bu","10:51:46",12857000
12200,-300,10000,"bu","10:52:05",12867000
12200,-300,1000,"bu","10:52:37",12868000
12200,-300,10000,"bu","10:53:17",12878000
12200,-300,150000,"bu","10:53:26",13028000
12300,-200,1000,"bu","10:53:45",13029000
12300,-200,30000,"bu","10:54:21",13059000
12300,-200,5000,"bu","10:54:29",13064000
12300,-200,1000,"sd","10:54:31",13065000
12300,-200,1000,"sd","10:55:08",13066000
12300,-200,5000,"sd","10:56:34",13071000
12200,-300,9000,"sd","10:57:19",13080000
12200,-300,50000,"bu","10:57:30",13130000
12200,-300,50000,"bu","10:57:31",13180000
12200,-300,100000,"sd","10:57:33",13280000
12200,-300,200000,"bu","10:57:50",13480000
12200,-300,231000,"bu","10:57:52",13711000
12200,-300,20000,"sd","10:58:01",13731000
12100,-400,5000,"bu","10:58:07",13736000
12100,-400,50000,"bu","10:58:08",13786000
12100,-400,14000,"sd","10:58:46",13800000
12100,-400,10000,"bu","10:59:01",13810000
12100,-400,1000,"sd","10:59:12",13811000
12100,-400,249000,"sd","10:59:21",14060000
12100,-400,56000,"bu","10:59:47",14116000
12200,-300,10000,"bu","11:00:06",14126000
12100,-400,5000,"bu","11:00:23",14131000
12100,-400,12000,"sd","11:01:03",14143000
12100,-400,3000,"sd","11:01:11",14146000
12200,-300,35000,"sd","11:01:18",14181000
12100,-400,2000,"bu","11:01:19",14183000
12200,-300,16000,"bu","11:02:23",14199000
12100,-400,18000,"bu","11:02:24",14217000
12100,-400,50000,"bu","11:02:31",14267000
12100,-400,50000,"bu","11:04:01",14317000
12100,-400,300000,"sd","11:04:03",14617000
12100,-400,10000,"bu","11:04:23",14627000
12100,-400,15000,"bu","11:04:30",14642000
12100,-400,1000,"bu","11:04:40",14643000
12100,-400,20000,"sd","11:04:43",14663000
12100,-400,10000,"sd","11:04:46",14673000
12100,-400,39000,"bu","11:04:48",14712000
12100,-400,1000,"sd","11:04:51",14713000
12100,-400,2000,"sd","11:04:52",14715000
12100,-400,17000,"bu","11:04:59",14732000
12100,-400,50000,"bu","11:05:06",14782000
12100,-400,6000,"bu","11:05:16",14788000
12100,-400,10000,"sd","11:05:17",14798000
12100,-400,200000,"bu","11:05:42",14998000
12100,-400,5000,"sd","11:05:49",15003000
12100,-400,8000,"bu","11:05:57",15011000
12100,-400,50000,"bu","11:05:59",15061000
12100,-400,50000,"bu","11:06:02",15111000
12100,-400,6000,"bu","11:06:04",15117000
12100,-400,6000,"bu","11:06:05",15123000
12100,-400,60000,"sd","11:06:06",15183000
12100,-400,20000,"bu","11:06:08",15203000
12100,-400,12000,"bu","11:06:17",15215000
12100,-400,50000,"sd","11:06:42",15265000
12100,-400,5000,"sd","11:06:48",15270000
12100,-400,20000,"sd","11:06:52",15290000
12100,-400,30000,"bu","11:06:55",15320000
12100,-400,200000,"bu","11:07:10",15520000
12100,-400,70000,"bu","11:07:12",15590000
12100,-400,20000,"sd","11:07:16",15610000
12100,-400,35000,"sd","11:07:23",15645000
12100,-400,10000,"bu","11:07:34",15655000
12100,-400,4000,"bu","11:07:49",15659000
12100,-400,10000,"sd","11:08:12",15669000
12100,-400,3000,"sd","11:08:19",15672000
12100,-400,10000,"bu","11:08:29",15682000
12100,-400,10000,"bu","11:08:37",15692000
12100,-400,100000,"bu","11:08:58",15792000
12100,-400,1000,"sd","11:09:04",15793000
12100,-400,10000,"bu","11:09:43",15803000
12100,-400,1000,"sd","11:09:45",15804000
12100,-400,10000,"bu","11:09:49",15814000
12100,-400,10000,"sd","11:09:51",15824000
12100,-400,29000,"sd","11:10:00",15853000
12100,-400,20000,"sd","11:10:23",15873000
12100,-400,10000,"sd","11:10:40",15883000
12100,-400,10000,"bu","11:10:41",15893000
12100,-400,10000,"sd","11:10:48",15903000
12100,-400,4000,"bu","11:10:51",15907000
12100,-400,10000,"bu","11:10:54",15917000
12100,-400,10000,"sd","11:10:57",15927000
12100,-400,10000,"sd","11:10:59",15937000
12100,-400,50000,"bu","11:11:00",15987000
12100,-400,1000,"bu","11:11:03",15988000
12100,-400,2000,"bu","11:11:06",15990000
12100,-400,54000,"bu","11:11:08",16044000
12100,-400,30000,"bu","11:11:11",16074000
12100,-400,50000,"sd","11:11:14",16124000
12100,-400,18000,"bu","11:11:17",16142000
12100,-400,50000,"sd","11:11:18",16192000
12100,-400,39000,"bu","11:11:19",16231000
12100,-400,30000,"sd","11:11:39",16261000
12200,-300,1000,"sd","11:11:43",16262000
12200,-300,30000,"bu","11:12:27",16292000
12200,-300,1000,"bu","11:13:11",16293000
12200,-300,8000,"bu","11:13:23",16301000
12200,-300,8000,"bu","11:13:30",16309000
12200,-300,30000,"sd","11:13:33",16339000
12200,-300,8000,"bu","11:13:35",16347000
12200,-300,8000,"bu","11:13:44",16355000
12200,-300,10000,"bu","11:13:45",16365000
12200,-300,20000,"bu","11:13:49",16385000
12200,-300,102000,"sd","11:13:50",16487000
12100,-400,20000,"bu","11:13:52",16507000
12200,-300,50000,"sd","11:13:58",16557000
12200,-300,1000,"sd","11:14:03",16558000
12200,-300,10000,"sd","11:14:22",16568000
12200,-300,1000,"sd","11:14:23",16569000
12200,-300,2000,"sd","11:14:43",16571000
12200,-300,30000,"bu","11:14:45",16601000
12200,-300,1000,"bu","11:14:46",16602000
12200,-300,12000,"bu","11:15:10",16614000
12200,-300,10000,"sd","11:15:11",16624000
12200,-300,1000,"sd","11:15:24",16625000
12200,-300,4000,"sd","11:15:28",16629000
12200,-300,10000,"bu","11:15:36",16639000
12200,-300,10000,"sd","11:16:07",16649000
12200,-300,100000,"sd","11:16:38",16749000
12200,-300,2000,"bu","11:16:58",16751000
12200,-300,5000,"bu","11:17:06",16756000
12200,-300,18000,"sd","11:17:56",16774000
12200,-300,1000,"sd","11:18:17",16775000
12100,-400,2000,"bu","11:18:18",16777000
12200,-300,40000,"bu","11:18:26",16817000
12200,-300,10000,"bu","11:18:33",16827000
12200,-300,2000,"bu","11:18:41",16829000
12200,-300,25000,"sd","11:18:51",16854000
12200,-300,25000,"bu","11:19:32",16879000
12100,-400,495000,"sd","11:20:45",17374000
12100,-400,2000,"bu","11:21:31",17376000
12200,-300,2000,"bu","11:22:31",17378000
12100,-400,400000,"sd","11:23:28",17778000
12100,-400,20000,"bu","11:24:06",17798000
12100,-400,10000,"bu","11:24:39",17808000
12100,-400,36000,"bu","11:24:43",17844000
12100,-400,6000,"bu","11:24:47",17850000
12100,-400,20000,"sd","11:25:03",17870000
12100,-400,10000,"sd","11:25:08",17880000
12100,-400,28000,"sd","11:25:10",17908000
12100,-400,36000,"sd","11:25:35",17944000
12100,-400,38000,"bu","11:25:41",17982000
12100,-400,5000,"sd","11:25:56",17987000
12100,-400,24000,"sd","11:26:23",18011000
12100,-400,20000,"bu","11:26:57",18031000
12100,-400,2000,"bu","11:26:58",18033000
12200,-300,50000,"bu","11:28:19",18083000
12200,-300,1000,"sd","13:00:02",18084000
12000,-500,174000,"bu","13:00:03",18258000
12100,-400,34000,"sd","13:00:04",18292000
12200,-300,81000,"sd","13:00:05",18373000
12000,-500,4000,"sd","13:00:08",18377000
12100,-400,3000,"sd","13:00:10",18380000
12100,-400,3000,"sd","13:00:12",18383000
12100,-400,2000,"bu","13:00:15",18385000
12000,-500,40000,"sd","13:00:22",18425000
12000,-500,102000,"bu","13:00:24",18527000
12000,-500,350000,"sd","13:01:12",18877000
12100,-400,10000,"sd","13:01:22",18887000
12000,-500,3000,"bu","13:01:34",18890000
12000,-500,14000,"sd","13:01:55",18904000
12000,-500,5000,"sd","13:02:24",18909000
12100,-400,2000,"sd","13:02:56",18911000
12100,-400,30000,"sd","13:04:10",18941000
12100,-400,2000,"sd","13:04:11",18943000
12000,-500,500000,"bu","13:04:27",19443000
12100,-400,3000,"bu","13:04:31",19446000
12100,-400,11000,"sd","13:04:54",19457000
12100,-400,10000,"sd","13:05:07",19467000
12100,-400,20000,"sd","13:05:14",19487000
12100,-400,100000,"bu","13:05:39",19587000
12100,-400,30000,"bu","13:05:46",19617000
12100,-400,50000,"sd","13:05:49",19667000
12100,-400,30000,"bu","13:05:57",19697000
12100,-400,10000,"sd","13:06:09",19707000
12100,-400,100000,"bu","13:06:11",19807000
12100,-400,20000,"bu","13:06:15",19827000
12100,-400,12000,"sd","13:06:19",19839000
12100,-400,5000,"bu","13:06:22",19844000
12100,-400,5000,"bu","13:06:27",19849000
12100,-400,10000,"sd","13:06:31",19859000
12100,-400,3000,"sd","13:06:34",19862000
12100,-400,16000,"sd","13:06:43",19878000
12100,-400,3000,"bu","13:06:51",19881000
12100,-400,2000,"sd","13:06:58",19883000
12100,-400,1000,"sd","13:07:01",19884000
12100,-400,14000,"bu","13:07:06",19898000
12100,-400,1000,"bu","13:07:07",19899000
12200,-300,3000,"sd","13:07:27",19902000
12200,-300,1000,"sd","13:07:37",19903000
12200,-300,10000,"sd","13:08:16",19913000
12100,-400,3000,"bu","13:08:32",19916000
12200,-300,1000,"bu","13:08:47",19917000
12100,-400,125000,"bu","13:08:49",20042000
12100,-400,309000,"sd","13:08:50",20351000
12200,-300,2000,"sd","13:09:01",20353000
12200,-300,2000,"sd","13:09:33",20355000
12200,-300,20000,"sd","13:09:41",20375000
12100,-400,200000,"sd","13:10:22",20575000
12100,-400,50000,"sd","13:10:40",20625000
12200,-300,1000,"bu","13:10:57",20626000
12200,-300,14000,"bu","13:11:22",20640000
12200,-300,1000,"bu","13:11:48",20641000
12200,-300,4000,"bu","13:11:51",20645000
12100,-400,9000,"sd","13:12:08",20654000
12200,-300,50000,"bu","13:12:47",20704000
12100,-400,150000,"bu","13:13:16",20854000
12100,-400,165000,"sd","13:13:56",21019000
12100,-400,10000,"bu","13:14:05",21029000
12100,-400,20000,"bu","13:14:29",21049000
12100,-400,1000,"sd","13:14:37",21050000
12100,-400,1000,"sd","13:14:38",21051000
12100,-400,9000,"bu","13:14:39",21060000
12100,-400,6000,"sd","13:14:55",21066000
12100,-400,10000,"sd","13:14:59",21076000
12100,-400,13000,"bu","13:16:05",21089000
12100,-400,8000,"bu","13:16:12",21097000
12100,-400,50000,"sd","13:17:30",21147000
12100,-400,3000,"bu","13:18:06",21150000
12100,-400,18000,"sd","13:18:09",21168000
12100,-400,22000,"sd","13:18:29",21190000
12100,-400,1000,"bu","13:19:24",21191000
12100,-400,1000,"bu","13:20:54",21192000
12100,-400,23000,"bu","13:21:16",21215000
12100,-400,10000,"sd","13:22:36",21225000
12200,-300,1000,"bu","13:25:12",21226000
12200,-300,1000,"sd","13:25:13",21227000
12100,-400,4000,"sd","13:25:21",21231000
12100,-400,10000,"bu","13:26:13",21241000
12100,-400,500000,"sd","13:27:55",21741000
12100,-400,200000,"sd","13:28:26",21941000
12100,-400,160000,"bu","13:28:30",22101000
12100,-400,19000,"bu","13:28:56",22120000
12100,-400,30000,"bu","13:29:01",22150000
12100,-400,100000,"bu","13:29:03",22250000
12100,-400,20000,"sd","13:29:29",22270000
12100,-400,30000,"sd","13:29:36",22300000
12100,-400,25000,"bu","13:30:04",22325000
12100,-400,15000,"bu","13:30:14",22340000
12100,-400,50000,"bu","13:30:24",22390000
12100,-400,15000,"bu","13:30:30",22405000
12100,-400,96000,"bu","13:30:31",22501000
12100,-400,20000,"sd","13:30:37",22521000
12100,-400,9000,"bu","13:30:47",22530000
12100,-400,10000,"sd","13:31:13",22540000
12100,-400,100000,"sd","13:31:31",22640000
12100,-400,15000,"sd","13:31:32",22655000
12100,-400,53000,"bu","13:31:51",22708000
12100,-400,6000,"sd","13:32:07",22714000
12100,-400,10000,"sd","13:32:13",22724000
12100,-400,1000,"sd","13:33:02",22725000
12000,-500,100000,"sd","13:33:13",22825000
12000,-500,20000,"bu","13:33:43",22845000
12100,-400,3000,"bu","13:33:50",22848000
12000,-500,40000,"bu","13:33:55",22888000
12100,-400,1000,"sd","13:34:19",22889000
12100,-400,6000,"bu","13:34:23",22895000
12100,-400,1000,"sd","13:34:27",22896000
12100,-400,10000,"bu","13:34:34",22906000
12100,-400,11000,"sd","13:34:39",22917000
12100,-400,100000,"sd","13:35:06",23017000
12100,-400,10000,"sd","13:35:09",23027000
12000,-500,200000,"sd","13:35:16",23227000
12100,-400,1000,"bu","13:35:35",23228000
12000,-500,25000,"bu","13:35:54",23253000
12100,-400,1000,"sd","13:36:19",23254000
12100,-400,10000,"bu","13:36:47",23264000
12100,-400,1000,"sd","13:36:59",23265000
12100,-400,5000,"bu","13:37:05",23270000
12100,-400,2000,"sd","13:37:32",23272000
12100,-400,2000,"bu","13:38:02",23274000
12100,-400,1000,"sd","13:38:14",23275000
12000,-500,1000,"bu","13:38:19",23276000
12100,-400,10000,"sd","13:38:20",23286000
12100,-400,30000,"bu","13:38:37",23316000
12100,-400,1000,"sd","13:38:38",23317000
12100,-400,1000,"bu","13:38:48",23318000
12100,-400,500000,"bu","13:38:49",23818000
12100,-400,106000,"sd","13:38:57",23924000
12100,-400,10000,"bu","13:38:58",23934000
12100,-400,10000,"bu","13:39:02",23944000
12100,-400,12000,"sd","13:39:05",23956000
12100,-400,1000,"sd","13:39:09",23957000
12100,-400,1000,"bu","13:39:10",23958000
12100,-400,10000,"bu","13:39:13",23968000
12100,-400,1000,"sd","13:39:14",23969000
12100,-400,2000,"bu","13:39:22",23971000
12100,-400,1000,"bu","13:39:46",23972000
12100,-400,10000,"bu","13:40:00",23982000
12200,-300,10000,"bu","13:40:29",23992000
12200,-300,100000,"sd","13:41:24",24092000
12200,-300,1000,"bu","13:41:37",24093000
12200,-300,13000,"sd","13:41:40",24106000
12200,-300,26000,"sd","13:42:15",24132000
12200,-300,20000,"sd","13:42:28",24152000
12200,-300,10000,"bu","13:42:29",24162000
12200,-300,10000,"sd","13:42:31",24172000
12200,-300,10000,"sd","13:42:32",24182000
12200,-300,50000,"sd","13:42:35",24232000
12200,-300,7000,"bu","13:42:39",24239000
12200,-300,10000,"sd","13:42:46",24249000
12200,-300,3000,"bu","13:42:58",24252000
12200,-300,6000,"bu","13:43:07",24258000
12200,-300,5000,"sd","13:43:21",24263000
12200,-300,20000,"sd","13:43:23",24283000
12200,-300,10000,"bu","13:43:36",24293000
12200,-300,1000,"bu","13:43:37",24294000
12200,-300,3000,"bu","13:43:41",24297000
12100,-400,2000,"sd","13:43:44",24299000
12200,-300,96000,"bu","13:44:05",24395000
12200,-300,100000,"sd","13:44:10",24495000
12200,-300,15000,"bu","13:44:14",24510000
12200,-300,10000,"sd","13:44:25",24520000
12200,-300,50000,"bu","13:44:27",24570000
12200,-300,40000,"bu","13:44:41",24610000
12200,-300,5000,"sd","13:45:00",24615000
12200,-300,60000,"bu","13:46:33",24675000
12200,-300,20000,"sd","13:46:52",24695000
12300,-200,2000,"sd","13:47:16",24697000
12300,-200,1000,"bu","13:47:48",24698000
12200,-300,217000,"sd","13:47:50",24915000
12200,-300,53000,"sd","13:48:08",24968000
12200,-300,117000,"sd","13:48:17",25085000
12200,-300,50000,"sd","13:48:39",25135000
12200,-300,15000,"bu","13:48:43",25150000
12200,-300,11000,"sd","13:48:46",25161000
12200,-300,2000,"bu","13:48:49",25163000
12200,-300,1000,"bu","13:49:19",25164000
12200,-300,46000,"bu","13:49:26",25210000
12200,-300,21000,"bu","13:49:28",25231000
12200,-300,10000,"sd","13:49:37",25241000
12200,-300,1000,"bu","13:49:54",25242000
12200,-300,19000,"sd","13:50:27",25261000
12200,-300,16000,"sd","13:50:34",25277000
12200,-300,6000,"bu","13:52:56",25283000
12200,-300,3000,"sd","13:54:22",25286000
12100,-400,1000,"bu","13:54:33",25287000
12200,-300,20000,"sd","13:54:37",25307000
12100,-400,20000,"sd","13:55:05",25327000
12100,-400,30000,"sd","13:55:27",25357000
12200,-300,6000,"sd","13:56:01",25363000
12200,-300,86000,"bu","13:56:17",25449000
12200,-300,10000,"sd","13:56:27",25459000
12100,-400,50000,"sd","13:56:36",25509000
12200,-300,10000,"bu","13:57:57",25519000
12200,-300,4000,"sd","13:58:07",25523000
12200,-300,20000,"bu","13:58:16",25543000
12200,-300,2000,"sd","13:58:22",25545000
12200,-300,10000,"sd","13:58:47",25555000
12200,-300,1000,"sd","13:58:48",25556000
12200,-300,4000,"sd","13:59:01",25560000
12200,-300,200000,"sd","13:59:03",25760000
12200,-300,10000,"sd","13:59:05",25770000
12200,-300,1000,"bu","13:59:54",25771000
12300,-200,2000,"bu","13:59:55",25773000
12300,-200,4000,"bu","14:00:36",25777000
12200,-300,6000,"bu","14:00:56",25783000
12300,-200,1000,"bu","14:01:39",25784000
12300,-200,20000,"bu","14:01:56",25804000
12300,-200,100000,"sd","14:03:44",25904000
12300,-200,1000,"bu","14:03:50",25905000
12300,-200,1000,"bu","14:04:02",25906000
12300,-200,20000,"sd","14:04:35",25926000
12300,-200,5000,"sd","14:04:39",25931000
12300,-200,50000,"bu","14:05:14",25981000
12300,-200,1000,"sd","14:05:39",25982000
12300,-200,1000,"sd","14:05:41",25983000
12200,-300,150000,"bu","14:06:14",26133000
12200,-300,50000,"bu","14:06:30",26183000
12200,-300,10000,"sd","14:06:36",26193000
12200,-300,150000,"sd","14:06:38",26343000
12200,-300,25000,"sd","14:06:50",26368000
12200,-300,2000,"sd","14:06:52",26370000
12200,-300,48000,"sd","14:06:53",26418000
12200,-300,16000,"sd","14:06:57",26434000
12200,-300,26000,"sd","14:06:59",26460000
12200,-300,8000,"bu","14:07:09",26468000
12200,-300,3000,"sd","14:07:16",26471000
12200,-300,1000,"sd","14:07:25",26472000
12200,-300,1000,"bu","14:07:33",26473000
12200,-300,1000,"bu","14:07:50",26474000
12200,-300,100000,"sd","14:08:04",26574000
12100,-400,32000,"bu","14:08:23",26606000
12200,-300,20000,"sd","14:08:38",26626000
12200,-300,2000,"bu","14:08:46",26628000
12200,-300,1000,"bu","14:08:49",26629000
12200,-300,10000,"sd","14:09:17",26639000
12100,-400,150000,"bu","14:09:25",26789000
12200,-300,10000,"sd","14:09:30",26799000
12200,-300,10000,"sd","14:09:34",26809000
12200,-300,3000,"bu","14:09:59",26812000
12200,-300,1000,"sd","14:10:11",26813000
12200,-300,16000,"bu","14:10:13",26829000
12200,-300,2000,"sd","14:11:13",26831000
12200,-300,3000,"bu","14:11:19",26834000
12200,-300,1000,"sd","14:11:35",26835000
12200,-300,1000,"sd","14:11:36",26836000
12200,-300,20000,"sd","14:11:38",26856000
12200,-300,50000,"bu","14:11:41",26906000
12200,-300,13000,"sd","14:12:10",26919000
12200,-300,5000,"sd","14:12:30",26924000
12200,-300,500000,"sd","14:12:39",27424000
12200,-300,1000,"sd","14:12:41",27425000
12200,-300,5000,"bu","14:12:42",27430000
12200,-300,2000,"bu","14:12:50",27432000
12200,-300,5000,"sd","14:13:03",27437000
12200,-300,43000,"sd","14:13:09",27480000
12200,-300,21000,"sd","14:13:30",27501000
12200,-300,1000,"bu","14:13:35",27502000
12200,-300,4000,"bu","14:13:37",27506000
12300,-200,25000,"bu","14:14:51",27531000
12200,-300,45000,"bu","14:15:07",27576000
12200,-300,33000,"sd","14:15:30",27609000
12200,-300,3000,"sd","14:15:48",27612000
12200,-300,1000,"bu","14:15:53",27613000
12200,-300,1000,"sd","14:15:57",27614000
12100,-400,8000,"bu","14:16:03",27622000
12100,-400,5000,"bu","14:17:18",27627000
12200,-300,20000,"bu","14:17:20",27647000
12200,-300,10000,"sd","14:17:27",27657000
12200,-300,98000,"bu","14:18:12",27755000
12100,-400,10000,"sd","14:18:16",27765000
12200,-300,5000,"bu","14:18:22",27770000
12200,-300,5000,"bu","14:18:25",27775000
12200,-300,1000,"sd","14:18:33",27776000
12200,-300,10000,"bu","14:18:34",27786000
12200,-300,52000,"bu","14:18:35",27838000
12200,-300,1000,"bu","14:18:58",27839000
12300,-200,10000,"bu","14:21:44",27849000
12300,-200,40000,"bu","14:22:07",27889000
12300,-200,11000,"bu","14:22:33",27900000
12300,-200,1000,"bu","14:22:35",27901000
12300,-200,10000,"bu","14:22:40",27911000
12300,-200,1000,"sd","14:22:43",27912000
12300,-200,10000,"sd","14:22:45",27922000
12300,-200,35000,"bu","14:22:52",27957000
12300,-200,3000,"bu","14:22:56",27960000
12300,-200,3000,"sd","14:22:58",27963000
12300,-200,20000,"sd","14:22:59",27983000
12300,-200,6000,"sd","14:23:02",27989000
12300,-200,3000,"sd","14:23:08",27992000
12300,-200,50000,"bu","14:23:13",28042000
12300,-200,6000,"sd","14:23:20",28048000
12300,-200,16000,"sd","14:23:47",28064000
12300,-200,45000,"bu","14:23:59",28109000
12300,-200,20000,"bu","14:24:04",28129000
12300,-200,5000,"bu","14:24:08",28134000
12300,-200,20000,"sd","14:24:16",28154000
12300,-200,17000,"bu","14:24:18",28171000
12300,-200,30000,"sd","14:24:21",28201000
12300,-200,2000,"sd","14:24:23",28203000
12300,-200,65000,"bu","14:24:26",28268000
12400,-100,9000,"bu","14:24:51",28277000
12300,-200,66000,"sd","14:24:59",28343000
12400,-100,8000,"bu","14:25:08",28351000
12400,-100,29000,"sd","14:25:55",28380000
12300,-200,24000,"sd","14:25:57",28404000
12400,-100,6000,"bu","14:26:11",28410000
12400,-100,10000,"bu","14:26:18",28420000
12400,-100,10000,"bu","14:26:28",28430000
12400,-100,4000,"bu","14:27:08",28434000
12300,-200,50000,"bu","14:27:57",28484000
12300,-200,12000,"bu","14:28:04",28496000
12300,-200,2000,"sd","14:28:10",28498000
12300,-200,5000,"bu","14:28:24",28503000
12300,-200,50000,"sd","14:28:27",28553000
12300,-200,5000,"bu","14:28:28",28558000
12300,-200,2000,"sd","14:28:30",28560000
12300,-200,48000,"bu","14:28:31",28608000
12300,-200,10000,"bu","14:28:39",28618000
12300,-200,75000,"sd","14:28:42",28693000
12200,-300,100000,"bu","14:28:54",28793000
12300,-200,24000,"bu","14:29:33",28817000
12200,-300,8000,"sd","14:29:54",28825000
12200,-300,4000,"bu","14:30:19",28829000
12200,-300,5000,"bu","14:31:43",28834000
12200,-300,50000,"sd","14:31:57",28884000
12200,-300,153000,"sd","14:32:44",29037000
12200,-300,1000,"sd","14:32:52",29038000
12200,-300,1000,"sd","14:33:44",29039000
12200,-300,50000,"bu","14:33:52",29089000
12200,-300,21000,"bu","14:34:03",29110000
12200,-300,5000,"bu","14:36:28",29115000
12200,-300,20000,"bu","14:36:49",29135000
12200,-300,3000,"bu","14:38:50",29138000
12200,-300,24000,"sd","14:40:07",29162000
12300,-200,1000,"bu","14:42:34",29163000
12200,-300,15000,"sd","14:43:05",29178000
12200,-300,10000,"sd","14:44:31",29188000
12300,-200,302000,"sd","14:45:19",29490000
12300,-200,50000,"sd","14:45:52",29540000
12300,-200,6000,"bu","14:46:19",29546000
12300,-200,5000,"bu","14:46:23",29551000
12300,-200,5000,"bu","14:46:37",29556000
12300,-200,25000,"bu","14:46:38",29581000
12200,-300,2000,"bu","14:46:56",29583000
12300,-200,2000,"bu","14:47:07",29585000
12300,-200,10000,"bu","14:47:16",29595000
12300,-200,5000,"bu","14:47:52",29600000
12300,-200,15000,"bu","14:47:59",29615000
12300,-200,3000,"sd","14:48:03",29618000
12300,-200,6000,"sd","14:48:09",29624000
12300,-200,50000,"bu","14:48:28",29674000
12300,-200,10000,"bu","14:49:01",29684000
12300,-200,4000,"sd","14:49:33",29688000
12300,-200,3000,"bu","14:49:43",29691000
12300,-200,1000,"sd","14:49:55",29692000
12300,-200,3000,"sd","14:50:04",29695000
12300,-200,1000,"bu","14:50:08",29696000
12300,-200,10000,"bu","14:50:45",29706000
12300,-200,5000,"sd","14:51:14",29711000
12300,-200,5000,"sd","14:52:57",29716000
12300,-200,7000,"bu","14:53:05",29723000
12300,-200,1000,"bu","14:53:43",29724000
12300,-200,2000,"bu","14:54:36",29726000
12300,-200,1000,"sd","14:55:54",29727000
12300,-200,5000,"sd","14:56:35",29732000
12200,-300,30000,"bu","14:57:35",29762000
12300,-200,1000,"sd","15:00:00",29763000
