"price","change","match_qtty","side","time","total_vol"
37200,-200,26000,"sd","09:15:07",26000
37200,-200,100,"bu","09:15:15",26100
37200,-200,500,"bu","09:15:27",26600
37200,-200,100,"bu","09:15:43",26700
37200,-200,500,"sd","09:15:58",27200
37300,-100,2000,"bu","09:20:11",29200
37300,-100,2700,"bu","09:21:22",31900
37300,-100,200,"bu","09:21:33",32100
37300,-100,500,"bu","09:21:36",32600
37300,-100,100,"sd","09:21:42",32700
37500,100,1100,"sd","09:22:11",33800
37500,100,400,"sd","09:22:40",34200
37600,200,1000,"bu","09:24:10",35200
37600,200,100,"sd","09:25:22",35300
37700,300,600,"sd","09:25:51",35900
37600,200,500,"sd","09:25:57",36400
37700,300,1000,"bu","09:26:08",37400
37700,300,100,"bu","09:26:11",37500
37700,300,2200,"bu","09:27:44",39700
37700,300,1000,"sd","09:28:54",40700
37700,300,200,"sd","09:29:01",40900
37700,300,500,"sd","09:29:19",41400
37700,300,100,"sd","09:29:21",41500
37800,400,2000,"sd","09:32:02",43500
37800,400,500,"bu","09:32:07",44000
37800,400,400,"bu","09:32:56",44400
37800,400,600,"bu","09:33:35",45000
37900,500,1000,"bu","09:35:10",46000
37900,500,100,"sd","09:35:34",46100
37900,500,2000,"sd","09:35:42",48100
37900,500,2200,"bu","09:36:07",50300
37900,500,100,"sd","09:37:02",50400
37950,550,400,"sd","09:37:22",50800
37950,550,100,"sd","09:37:25",50900
37950,550,500,"bu","09:38:17",51400
38000,600,1500,"sd","09:39:22",52900
37950,550,200,"bu","09:40:12",53100
37900,500,100,"bu","09:41:19",53200
37900,500,500,"sd","09:44:35",53700
37900,500,100,"sd","09:44:39",53800
37900,500,500,"bu","09:45:33",54300
37900,500,100,"sd","09:45:37",54400
37800,400,1000,"sd","09:46:47",55400
37700,300,1800,"bu","09:48:48",57200
37700,300,500,"sd","09:49:23",57700
37700,300,900,"bu","09:49:29",58600
37600,200,500,"sd","09:50:29",59100
37600,200,1400,"sd","09:50:30",60500
37500,100,1000,"bu","09:50:44",61500
37500,100,1400,"bu","09:51:12",62900
37450,50,1000,"bu","09:52:13",63900
37400,0,500,"sd","09:52:24",64400
37450,50,400,"bu","09:54:40",64800
37400,0,600,"bu","09:54:46",65400
37450,50,700,"bu","09:59:34",66100
37450,50,100,"sd","10:00:03",66200
37450,50,1500,"bu","10:01:53",67700
37400,0,400,"sd","10:01:57",68100
37450,50,300,"sd","10:02:41",68400
37400,0,500,"bu","10:05:47",68900
37300,-100,2300,"sd","10:10:07",71200
37300,-100,100,"sd","10:10:20",71300
37400,0,300,"bu","10:11:26",71600
37400,0,100,"sd","10:14:24",71700
37300,-100,600,"sd","10:14:45",72300
37350,-50,100,"sd","10:17:13",72400
37350,-50,1300,"sd","10:21:37",73700
37350,-50,200,"bu","10:22:12",73900
37300,-100,300,"bu","10:24:23",74200
37350,-50,900,"bu","10:25:18",75100
37400,0,200,"bu","10:27:33",75300
37400,0,300,"sd","10:32:05",75600
37400,0,400,"bu","10:32:18",76000
37300,-100,800,"bu","10:36:52",76800
37300,-100,1800,"bu","10:36:55",78600
37300,-100,300,"bu","10:36:59",78900
37300,-100,400,"bu","10:37:52",79300
37300,-100,2000,"sd","10:39:06",81300
37300,-100,1100,"sd","10:39:08",82400
37250,-150,200,"bu","10:39:12",82600
37250,-150,100,"bu","10:40:26",82700
37250,-150,1000,"bu","10:41:01",83700
37250,-150,100,"bu","10:41:36",83800
37200,-200,2500,"sd","10:44:29",86300
37100,-300,1200,"bu","10:46:32",87500
37100,-300,600,"bu","10:47:25",88100
37100,-300,100,"sd","10:47:30",88200
37100,-300,700,"sd","10:48:21",88900
37100,-300,100,"sd","10:48:36",89000
37100,-300,300,"bu","10:53:08",89300
37000,-400,1000,"bu","10:54:25",90300
37100,-300,100,"sd","10:55:38",90400
37100,-300,400,"sd","10:56:57",90800
37100,-300,200,"sd","11:02:04",91000
37000,-400,3200,"sd","11:03:37",94200
37000,-400,2300,"sd","11:04:48",96500
37000,-400,1800,"sd","11:04:51",98300
36950,-450,400,"bu","11:06:36",98700
36950,-450,300,"bu","11:06:47",99000
36900,-500,2000,"bu","11:07:16",101000
36900,-500,500,"sd","11:07:44",101500
36900,-500,900,"sd","11:09:12",102400
36900,-500,400,"bu","11:10:39",102800
37000,-400,1500,"sd","11:16:31",104300
37000,-400,1900,"sd","11:16:56",106200
36950,-450,200,"sd","11:17:08",106400
37000,-400,400,"bu","11:19:10",106800
37000,-400,800,"sd","11:19:37",107600
37000,-400,800,"sd","11:22:50",108400
37000,-400,100,"sd","11:25:37",108500
37050,-350,200,"sd","11:29:33",108700
37050,-350,300,"bu","11:30:03",109000
37050,-350,500,"bu","13:00:19",109500
37000,-400,800,"sd","13:00:21",110300
37000,-400,900,"bu","13:00:25",111200
37000,-400,2000,"bu","13:00:35",113200
37050,-350,100,"bu","13:00:45",113300
37000,-400,2400,"sd","13:02:22",115700
36950,-450,1900,"bu","13:06:00",117600
36950,-450,100,"bu","13:06:19",117700
36950,-450,1000,"sd","13:07:50",118700
36950,-450,400,"sd","13:09:01",119100
36950,-450,2000,"sd","13:09:04",121100
36950,-450,100,"bu","13:10:15",121200
36950,-450,400,"sd","13:11:02",121600
36950,-450,300,"sd","13:12:44",121900
36950,-450,400,"bu","13:16:03",122300
36950,-450,100,"bu","13:16:06",122400
37000,-400,200,"bu","13:18:56",122600
37000,-400,300,"bu","13:19:25",122900
37000,-400,500,"bu","13:19:42",123400
36950,-450,1300,"bu","13:30:09",124700
36900,-500,7200,"bu","13:33:20",131900
36900,-500,1000,"sd","13:34:54",132900
36900,-500,100,"sd","13:35:30",133000
36900,-500,600,"bu","13:37:17",133600
36900,-500,700,"bu","13:39:12",134300
36900,-500,300,"sd","13:39:38",134600
36900,-500,100,"bu","13:39:51",134700
36900,-500,600,"bu","13:40:41",135300
36900,-500,200,"bu","13:40:48",135500
36900,-500,2700,"sd","13:42:22",138200
36900,-500,100,"bu","13:42:25",138300
36900,-500,3000,"bu","13:42:48",141300
36900,-500,1000,"sd","13:42:51",142300
36900,-500,3000,"sd","13:43:26",145300
36900,-500,200,"sd","13:43:29",145500
36900,-500,100,"bu","13:43:39",145600
36900,-500,2000,"bu","13:44:00",147600
36900,-500,200,"sd","13:44:18",147800
36900,-500,1500,"bu","13:44:36",149300
36850,-550,300,"bu","13:45:21",149600
36850,-550,100,"sd","13:45:36",149700
36900,-500,300,"sd","13:49:17",150000
36900,-500,500,"bu","13:51:22",150500
36850,-550,1000,"bu","13:53:50",151500
36900,-500,100,"bu","13:59:29",151600
36900,-500,300,"bu","13:59:47",151900
36900,-500,200,"bu","14:00:01",152100
36900,-500,2000,"sd","14:01:44",154100
36900,-500,1000,"sd","14:01:52",155100
36900,-500,4000,"sd","14:02:06",159100
36900,-500,1800,"bu","14:02:13",160900
36900,-500,400,"bu","14:02:23",161300
36900,-500,1000,"bu","14:02:33",162300
37000,-400,4400,"sd","14:02:38",166700
37000,-400,1000,"sd","14:05:11",167700
37000,-400,3000,"bu","14:10:41",170700
37000,-400,200,"bu","14:15:04",170900
37000,-400,1900,"sd","14:19:52",172800
37000,-400,100,"sd","14:21:01",172900
37000,-400,500,"sd","14:21:05",173400
37000,-400,100,"sd","14:21:18",173500
37000,-400,700,"bu","14:21:39",174200
37000,-400,100,"bu","14:22:22",174300
37000,-400,1000,"bu","14:22:26",175300
37000,-400,5100,"sd","14:23:15",180400
37000,-400,200,"sd","14:24:16",180600
36900,-500,1800,"bu","14:24:20",182400
37000,-400,100,"sd","14:24:30",182500
37000,-400,1100,"sd","14:24:49",183600
37000,-400,1000,"sd","14:24:53",184600
37000,-400,9300,"bu","14:25:12",193900
37050,-350,400,"bu","14:25:59",194300
37500,100,9000,"bu","14:26:40",203300
37000,-400,100,"bu","14:26:48",203400
37000,-400,3000,"sd","14:27:46",206400
37000,-400,200,"bu","14:28:48",206600
37800,400,10200,"sd","14:29:32",216800
37700,300,9900,"sd","14:45:17",226700
