"price","change","match_qtty","side","time","total_vol"
27000,0,38100,"sd","09:15:07",38100
26950,-50,100,"bu","09:15:13",38200
26950,-50,1000,"bu","09:15:22",39200
26950,-50,900,"bu","09:15:26",40100
26900,-100,4000,"bu","09:15:36",44100
26900,-100,5900,"bu","09:15:38",50000
26800,-200,2500,"sd","09:15:44",57900
26800,-200,1000,"bu","09:15:44",58900
26850,-150,1200,"sd","09:15:47",60100
26800,-200,1400,"bu","09:16:31",61500
26850,-150,1600,"sd","09:16:32",63100
26800,-200,600,"sd","09:16:32",63700
26800,-200,1000,"bu","09:16:40",64700
26800,-200,100,"bu","09:16:47",64800
26850,-150,10100,"sd","09:16:47",74900
26800,-200,900,"bu","09:16:50",75800
26800,-200,100,"sd","09:16:50",75900
26800,-200,3700,"sd","09:16:53",79600
26800,-200,1000,"bu","09:17:13",80600
26800,-200,400,"bu","09:17:20",81000
26800,-200,2100,"bu","09:17:28",83100
26850,-150,2500,"bu","09:17:34",85600
26850,-150,500,"bu","09:17:42",86100
26800,-200,2000,"sd","09:18:03",88100
26800,-200,100,"bu","09:18:15",88200
26800,-200,400,"bu","09:18:22",88600
26800,-200,700,"sd","09:18:27",89300
26850,-150,11000,"bu","09:18:38",100300
26850,-150,1500,"sd","09:18:45",101800
26850,-150,500,"sd","09:18:46",102300
26850,-150,100,"sd","09:18:54",102400
26850,-150,3000,"bu","09:19:00",105400
26850,-150,300,"sd","09:19:03",105700
26850,-150,100,"bu","09:19:05",105800
26850,-150,500,"sd","09:19:13",106300
26850,-150,3000,"sd","09:19:19",109300
26850,-150,200,"bu","09:19:23",109500
26850,-150,3800,"sd","09:19:24",113300
26850,-150,200,"bu","09:19:29",113500
26850,-150,100,"sd","09:20:19",113600
26850,-150,300,"sd","09:20:24",113900
26850,-150,500,"bu","09:20:57",114400
26900,-100,7000,"sd","09:21:22",121400
26900,-100,2000,"sd","09:21:41",123400
26850,-150,5000,"bu","09:22:19",128400
26850,-150,5000,"bu","09:22:26",133400
26850,-150,4000,"bu","09:22:53",137400
26900,-100,700,"bu","09:23:31",138100
26850,-150,1000,"sd","09:23:45",139100
26850,-150,2100,"bu","09:24:14",141200
26850,-150,300,"sd","09:24:19",141500
26850,-150,800,"bu","09:25:14",142300
26850,-150,400,"bu","09:25:16",142700
26850,-150,2500,"bu","09:25:28",145200
26850,-150,12500,"bu","09:25:39",157700
26850,-150,2200,"bu","09:25:54",159900
26850,-150,1000,"sd","09:26:06",160900
26850,-150,500,"sd","09:26:20",161400
26850,-150,3700,"bu","09:26:43",165100
26900,-100,4200,"sd","09:27:04",169300
26850,-150,1000,"sd","09:27:21",170300
26850,-150,5000,"bu","09:27:34",175300
26850,-150,7800,"bu","09:28:09",183100
26850,-150,2000,"sd","09:28:29",185100
26850,-150,100,"bu","09:28:30",185200
26800,-200,1000,"bu","09:28:31",186200
26850,-150,4900,"bu","09:28:40",191100
26850,-150,1000,"bu","09:28:47",192100
26800,-200,800,"sd","09:29:11",192900
26800,-200,1000,"bu","09:29:17",193900
26850,-150,6000,"bu","09:29:21",199900
26850,-150,500,"bu","09:29:34",200400
26850,-150,5000,"bu","09:29:37",205400
26850,-150,500,"sd","09:29:50",205900
26850,-150,900,"sd","09:29:58",206800
26850,-150,100,"bu","09:30:18",206900
26800,-200,39900,"bu","09:30:23",246800
26800,-200,1000,"sd","09:30:49",247800
26800,-200,2000,"sd","09:30:53",249800
26800,-200,17600,"bu","09:31:02",267400
26850,-150,7200,"sd","09:31:05",274600
26800,-200,4600,"bu","09:31:06",279200
26800,-200,400,"sd","09:31:09",279600
26800,-200,200,"bu","09:31:11",279800
26800,-200,1400,"bu","09:31:25",281200
26800,-200,6700,"sd","09:31:32",287900
26800,-200,100,"bu","09:31:50",288000
26800,-200,1300,"sd","09:31:51",289300
26800,-200,100,"bu","09:32:04",289400
26800,-200,2800,"bu","09:32:12",292200
26800,-200,5100,"bu","09:32:20",297300
26800,-200,300,"sd","09:32:23",297600
26800,-200,500,"sd","09:32:31",298100
26800,-200,1000,"sd","09:32:39",299100
26800,-200,100,"bu","09:32:41",299200
26800,-200,500,"sd","09:32:44",299700
26800,-200,1100,"bu","09:32:45",300800
26800,-200,1000,"bu","09:32:58",301800
26800,-200,200,"bu","09:33:02",302000
26800,-200,100,"bu","09:33:03",302100
26800,-200,5100,"sd","09:33:08",307200
26800,-200,3000,"sd","09:33:22",310200
26800,-200,1000,"bu","09:33:32",311200
26800,-200,200,"sd","09:33:37",311400
26800,-200,1400,"sd","09:33:42",312800
26800,-200,200,"bu","09:33:44",313000
26800,-200,100,"bu","09:33:45",313100
26800,-200,500,"bu","09:33:57",313600
26800,-200,7000,"bu","09:33:59",320600
26800,-200,2000,"bu","09:34:02",322600
26800,-200,7600,"sd","09:34:06",330200
26800,-200,3600,"bu","09:34:37",333800
26850,-150,100,"bu","09:35:02",333900
26800,-200,500,"sd","09:35:05",334400
26850,-150,16900,"bu","09:36:01",351300
26850,-150,4000,"bu","09:36:29",355300
26850,-150,2000,"bu","09:36:31",357300
26850,-150,300,"bu","09:36:39",357600
26850,-150,5000,"bu","09:36:42",362600
26850,-150,300,"bu","09:36:47",362900
26850,-150,1000,"bu","09:36:49",363900
26850,-150,100,"bu","09:36:50",364000
26850,-150,10000,"bu","09:36:54",374000
26850,-150,1000,"sd","09:37:12",375000
26800,-200,34000,"bu","09:37:17",409000
26850,-150,3000,"sd","09:37:31",412000
26800,-200,400,"sd","09:37:34",412400
26800,-200,5000,"bu","09:37:57",417400
26800,-200,1000,"sd","09:38:35",418400
26800,-200,18300,"bu","09:38:37",436700
26800,-200,500,"bu","09:38:58",437200
26800,-200,2000,"bu","09:39:00",439200
26800,-200,100,"sd","09:39:05",439300
26800,-200,10000,"sd","09:39:16",449300
26800,-200,200,"bu","09:39:18",449500
26800,-200,10000,"bu","09:39:23",459500
26800,-200,7000,"bu","09:39:29",466500
26800,-200,4000,"sd","09:39:30",470500
26800,-200,8200,"bu","09:39:38",478700
26750,-250,500,"sd","09:39:43",481700
26800,-200,100,"bu","09:39:44",481800
26800,-200,4700,"sd","09:39:47",486500
26800,-200,100,"bu","09:39:56",486600
26800,-200,600,"sd","09:40:18",487200
26800,-200,200,"sd","09:40:25",487400
26800,-200,100,"bu","09:40:25",487500
26800,-200,600,"bu","09:40:47",488100
26800,-200,100,"sd","09:41:00",488200
26750,-250,700,"bu","09:41:17",488900
26750,-250,2000,"bu","09:41:57",490900
26800,-200,100,"sd","09:42:34",491000
26750,-250,200,"sd","09:42:36",491200
26750,-250,16600,"bu","09:43:04",507800
26750,-250,800,"sd","09:43:08",508600
26750,-250,1700,"sd","09:43:31",510300
26750,-250,500,"sd","09:43:35",510800
26750,-250,900,"bu","09:43:56",511700
26750,-250,100,"bu","09:44:31",511800
26750,-250,5000,"sd","09:44:40",516800
26750,-250,1000,"sd","09:44:41",517800
26750,-250,1500,"sd","09:44:44",519300
26750,-250,4000,"sd","09:44:54",523300
26750,-250,3000,"sd","09:45:02",526300
26750,-250,5000,"bu","09:45:16",531300
26750,-250,5000,"bu","09:45:17",536300
26750,-250,3000,"sd","09:45:19",539300
26750,-250,500,"bu","09:45:26",539800
26750,-250,100,"sd","09:45:27",539900
26750,-250,1000,"bu","09:45:31",540900
26750,-250,500,"sd","09:45:50",541400
26750,-250,200,"bu","09:45:53",546600
26750,-250,700,"sd","09:46:03",547300
26750,-250,3000,"bu","09:46:05",550300
26750,-250,1000,"sd","09:46:06",551300
26750,-250,1500,"bu","09:46:10",552800
26750,-250,5800,"sd","09:46:17",558600
26700,-300,300,"sd","09:46:24",558900
26750,-250,1000,"sd","09:46:27",559900
26700,-300,100,"bu","09:46:35",560000
26700,-300,5100,"bu","09:46:43",565100
26700,-300,200,"sd","09:46:52",565300
26700,-300,9800,"bu","09:46:53",575100
26700,-300,2000,"bu","09:46:54",577100
26700,-300,1200,"sd","09:46:58",578300
26700,-300,500,"bu","09:47:02",578800
26700,-300,200,"bu","09:47:05",579000
26700,-300,300,"sd","09:47:07",579300
26700,-300,7000,"sd","09:47:09",586300
26700,-300,10000,"sd","09:47:22",596300
26700,-300,5000,"sd","09:47:30",601300
26700,-300,15000,"bu","09:47:39",616300
26700,-300,1200,"bu","09:47:40",617500
26700,-300,3300,"bu","09:47:48",620800
26650,-350,7700,"sd","09:48:13",628500
26700,-300,400,"bu","09:48:18",628900
26650,-350,2000,"bu","09:48:26",630900
26650,-350,7000,"sd","09:48:41",637900
26650,-350,3000,"bu","09:48:48",640900
26650,-350,3200,"sd","09:48:51",644100
26650,-350,22000,"bu","09:48:52",666100
26650,-350,300,"bu","09:48:53",666400
26650,-350,8000,"bu","09:48:54",674400
26600,-400,1000,"sd","09:49:12",675400
26600,-400,1600,"bu","09:49:20",677000
26600,-400,500,"sd","09:49:21",677500
26650,-350,10200,"sd","09:49:30",687700
26600,-400,5000,"sd","09:49:38",692700
26600,-400,26500,"bu","09:49:43",719200
26600,-400,3500,"sd","09:49:44",722700
26600,-400,9300,"sd","09:49:49",732000
26600,-400,19700,"bu","09:50:03",751700
26600,-400,200,"sd","09:50:05",751900
26550,-450,1000,"bu","09:50:24",752900
26550,-450,500,"sd","09:50:29",753400
26550,-450,6500,"sd","09:50:40",759900
26550,-450,900,"bu","09:50:44",760800
26550,-450,2000,"bu","09:50:45",762800
26550,-450,6100,"sd","09:50:46",768900
26500,-500,2000,"bu","09:50:55",770900
26500,-500,1000,"sd","09:50:56",771900
26500,-500,300,"bu","09:51:01",772200
26500,-500,2000,"bu","09:51:04",774200
26500,-500,1100,"bu","09:51:05",775300
26500,-500,500,"bu","09:51:06",775800
26550,-450,100,"sd","09:51:07",775900
26500,-500,500,"bu","09:51:14",776400
26500,-500,8900,"sd","09:51:15",785300
26550,-450,200,"bu","09:51:20",785500
26500,-500,500,"bu","09:51:23",786000
26500,-500,200,"sd","09:51:24",786200
26500,-500,1000,"bu","09:51:25",787200
26550,-450,5000,"bu","09:51:26",792200
26550,-450,5300,"sd","09:51:28",797500
26500,-500,5000,"bu","09:51:29",802500
26500,-500,5500,"sd","09:51:31",808000
26550,-450,100,"bu","09:51:36",808100
26550,-450,400,"sd","09:51:40",808500
26550,-450,1000,"bu","09:51:44",809500
26550,-450,100,"sd","09:51:47",809600
26550,-450,200,"bu","09:51:49",809800
26550,-450,500,"sd","09:51:50",810300
26550,-450,8200,"sd","09:51:51",818500
26550,-450,1600,"bu","09:51:52",820100
26550,-450,2500,"bu","09:51:53",822600
26550,-450,1000,"sd","09:52:04",823600
26550,-450,200,"sd","09:52:09",823800
26600,-400,100,"bu","09:52:14",823900
26550,-450,4000,"bu","09:52:15",827900
26600,-400,100,"sd","09:52:17",828000
26550,-450,1000,"bu","09:52:28",829000
26500,-500,100600,"sd","09:52:31",929600
26450,-550,2500,"sd","09:52:36",932100
26500,-500,1000,"bu","09:52:42",933100
26500,-500,22300,"sd","09:52:48",955400
26500,-500,100,"bu","09:52:49",955500
26500,-500,3000,"bu","09:52:55",958500
26500,-500,6200,"bu","09:52:56",964700
26550,-450,500,"bu","09:53:14",965200
26500,-500,3000,"sd","09:53:17",968200
26550,-450,100,"bu","09:53:31",968300
26600,-400,28300,"sd","09:53:33",996600
26600,-400,3400,"sd","09:53:34",1000000
26600,-400,5000,"sd","09:53:37",1005000
26600,-400,3000,"bu","09:53:40",1008000
26600,-400,2000,"bu","09:53:41",1010000
26600,-400,500,"sd","09:53:48",1010500
26600,-400,10000,"bu","09:53:59",1020500
26550,-450,1000,"bu","09:54:00",1021500
26600,-400,1900,"sd","09:54:08",1023400
26550,-450,600,"bu","09:54:09",1024000
26550,-450,2000,"bu","09:54:11",1026000
26550,-450,1800,"bu","09:54:18",1027800
26500,-500,5000,"sd","09:54:19",1032800
26550,-450,400,"bu","09:54:20",1033200
26600,-400,1000,"bu","09:54:29",1034200
26550,-450,1000,"sd","09:54:31",1035200
26550,-450,1000,"bu","09:54:41",1036200
26550,-450,3000,"bu","09:55:08",1039200
26550,-450,5000,"bu","09:55:26",1044200
26600,-400,100,"bu","09:55:28",1044300
26550,-450,10400,"sd","09:55:32",1054700
26550,-450,100,"sd","09:55:34",1054800
26550,-450,1000,"sd","09:56:05",1055800
26550,-450,2600,"bu","09:56:13",1058400
26550,-450,2000,"sd","09:56:17",1060400
26600,-400,500,"sd","09:56:23",1060900
26600,-400,400,"sd","09:56:40",1061300
26600,-400,100,"sd","09:56:42",1061400
26600,-400,4700,"bu","09:57:01",1066100
26600,-400,2800,"sd","09:57:05",1068900
26600,-400,5000,"sd","09:57:07",1073900
26550,-450,5000,"sd","09:57:10",1078900
26600,-400,300,"sd","09:57:11",1079200
26550,-450,1000,"sd","09:57:19",1080200
26550,-450,500,"sd","09:57:22",1080700
26600,-400,400,"sd","09:57:31",1081100
26600,-400,100,"bu","09:57:32",1081200
26600,-400,30000,"sd","09:57:34",1111200
26600,-400,100,"sd","09:57:37",1111300
26600,-400,16300,"sd","09:57:38",1127600
26600,-400,4800,"bu","09:57:48",1132400
26600,-400,2000,"sd","09:57:50",1134400
26600,-400,2300,"sd","09:57:55",1136700
26600,-400,10000,"sd","09:57:57",1146700
26600,-400,200,"bu","09:58:00",1146900
26600,-400,500,"sd","09:58:02",1147400
26600,-400,1600,"bu","09:58:06",1149000
26600,-400,3900,"sd","09:58:10",1152900
26600,-400,1200,"bu","09:58:14",1154100
26600,-400,500,"sd","09:58:15",1154600
26600,-400,100,"bu","09:58:16",1154700
26600,-400,400,"bu","09:58:24",1155100
26600,-400,400,"bu","09:58:27",1155500
26600,-400,1000,"bu","09:58:46",1156500
26600,-400,8300,"bu","09:58:48",1164800
26550,-450,4500,"sd","09:58:51",1169300
26550,-450,200,"sd","09:59:09",1169500
26550,-450,15200,"bu","09:59:26",1184700
26600,-400,100,"bu","09:59:27",1184800
26550,-450,1000,"bu","09:59:31",1185800
26600,-400,10000,"sd","09:59:36",1195800
26600,-400,300,"bu","10:00:10",1196100
26550,-450,8000,"sd","10:00:22",1204100
26550,-450,20900,"bu","10:00:23",1225000
26600,-400,5100,"sd","10:00:24",1230100
26550,-450,3800,"bu","10:00:29",1233900
26550,-450,1800,"sd","10:00:31",1235700
26550,-450,4000,"sd","10:00:36",1239700
26550,-450,2000,"sd","10:00:54",1241700
26550,-450,1500,"bu","10:01:00",1243200
26550,-450,600,"sd","10:01:05",1243800
26500,-500,5000,"sd","10:01:07",1248800
26550,-450,5000,"sd","10:01:11",1253800
26500,-500,40000,"bu","10:01:14",1293800
26500,-500,12400,"sd","10:01:15",1306200
26500,-500,600,"bu","10:01:17",1306800
26500,-500,10000,"sd","10:01:29",1316800
26500,-500,100,"sd","10:01:49",1316900
26500,-500,1600,"bu","10:01:59",1318500
26500,-500,600,"bu","10:02:02",1319100
26500,-500,3300,"bu","10:02:11",1322400
26500,-500,1400,"sd","10:02:14",1323800
26500,-500,1000,"sd","10:02:16",1324800
26500,-500,9000,"bu","10:02:20",1333800
26500,-500,4000,"sd","10:02:21",1337800
26500,-500,2000,"bu","10:02:24",1339800
26500,-500,500,"bu","10:02:30",1340300
26500,-500,400,"sd","10:02:32",1340700
26500,-500,10000,"bu","10:02:36",1350700
26500,-500,100,"sd","10:02:44",1350800
26450,-550,15000,"sd","10:02:46",1365800
26500,-500,2000,"sd","10:02:47",1367800
26450,-550,6000,"bu","10:02:48",1373800
26450,-550,900,"bu","10:03:12",1374700
26450,-550,12000,"bu","10:03:13",1386700
26500,-500,4000,"sd","10:03:14",1390700
26450,-550,6500,"sd","10:03:19",1397200
26450,-550,1500,"bu","10:03:32",1398700
26450,-550,700,"bu","10:03:39",1399400
26450,-550,300,"bu","10:03:42",1399700
26500,-500,100,"sd","10:03:43",1399800
26450,-550,20000,"sd","10:03:48",1419800
26450,-550,1100,"sd","10:03:56",1420900
26450,-550,800,"sd","10:04:06",1421700
26500,-500,21800,"bu","10:04:09",1443500
26500,-500,20000,"sd","10:04:12",1463500
26550,-450,100,"bu","10:04:27",1463600
26500,-500,400,"sd","10:04:28",1464000
26500,-500,200,"sd","10:04:55",1464200
26500,-500,1000,"bu","10:04:57",1465200
26500,-500,3000,"sd","10:05:03",1468200
26500,-500,1500,"bu","10:05:05",1469700
26500,-500,500,"sd","10:05:09",1470200
26500,-500,1000,"bu","10:05:14",1471200
26500,-500,1000,"sd","10:05:15",1472200
26500,-500,1700,"bu","10:05:18",1473900
26450,-550,3000,"sd","10:05:38",1476900
26450,-550,4400,"sd","10:05:44",1481300
26450,-550,1000,"bu","10:06:04",1482300
26450,-550,100,"bu","10:06:24",1482400
26450,-550,1000,"bu","10:06:27",1483400
26450,-550,100,"sd","10:06:33",1483500
26400,-600,7000,"sd","10:06:43",1490500
26400,-600,100,"sd","10:06:55",1490600
26450,-550,4000,"bu","10:06:58",1494600
26450,-550,400,"bu","10:07:28",1495000
26450,-550,3700,"bu","10:07:34",1498700
26400,-600,3700,"bu","10:07:35",1502400
26400,-600,3000,"sd","10:07:49",1505400
26450,-550,4500,"sd","10:07:52",1509900
26450,-550,800,"bu","10:07:55",1510700
26450,-550,300,"sd","10:08:09",1511000
26450,-550,100,"bu","10:08:14",1511100
26450,-550,300,"sd","10:08:23",1511400
26450,-550,200,"bu","10:08:25",1511600
26450,-550,5000,"sd","10:08:27",1516600
26450,-550,100,"sd","10:08:28",1516700
26450,-550,300,"sd","10:08:30",1517000
26450,-550,1000,"sd","10:08:43",1518000
26450,-550,100,"sd","10:08:50",1518100
26450,-550,5000,"sd","10:09:10",1523100
26450,-550,500,"sd","10:09:13",1523600
26450,-550,1000,"sd","10:09:22",1524600
26450,-550,3000,"bu","10:09:50",1527600
26500,-500,5400,"bu","10:10:10",1533000
26500,-500,500,"bu","10:10:23",1533500
26500,-500,1000,"sd","10:10:28",1534500
26500,-500,1500,"bu","10:10:31",1536000
26500,-500,1500,"sd","10:10:34",1537500
26500,-500,100,"bu","10:10:35",1537600
26500,-500,1000,"sd","10:10:38",1538600
26500,-500,5700,"sd","10:10:44",1544300
26500,-500,1000,"sd","10:10:45",1545300
26500,-500,1100,"bu","10:10:54",1546400
26500,-500,10500,"sd","10:10:55",1556900
26500,-500,3400,"sd","10:10:59",1560300
26500,-500,500,"sd","10:11:02",1560800
26500,-500,1000,"sd","10:11:26",1561800
26550,-450,2300,"sd","10:11:47",1564100
26550,-450,100,"bu","10:11:52",1564200
26500,-500,10000,"bu","10:11:55",1574200
26550,-450,14000,"bu","10:12:05",1588200
26550,-450,1300,"sd","10:12:08",1589500
26550,-450,5000,"bu","10:12:20",1594500
26550,-450,1200,"sd","10:12:32",1595700
26550,-450,100,"bu","10:12:51",1595800
26550,-450,2000,"bu","10:12:53",1597800
26550,-450,200,"bu","10:12:56",1598000
26550,-450,1000,"sd","10:13:05",1599000
26550,-450,1600,"bu","10:13:24",1600600
26550,-450,500,"bu","10:13:47",1601100
26550,-450,5000,"bu","10:13:58",1606100
26550,-450,900,"sd","10:14:08",1607000
26550,-450,100,"sd","10:14:20",1607100
26550,-450,1100,"bu","10:14:28",1608200
26550,-450,100,"sd","10:14:30",1608300
26550,-450,8200,"sd","10:14:45",1616500
26500,-500,4200,"sd","10:14:54",1620700
26500,-500,11000,"bu","10:14:56",1631700
26500,-500,5000,"bu","10:15:03",1636700
26500,-500,1000,"sd","10:15:10",1637700
26500,-500,100,"sd","10:15:20",1637800
26550,-450,10500,"sd","10:15:36",1648300
26550,-450,1800,"bu","10:16:00",1650100
26550,-450,1700,"bu","10:16:20",1651800
26500,-500,24000,"sd","10:16:21",1675800
26600,-400,600,"sd","10:16:36",1676400
26550,-450,1100,"sd","10:16:56",1677500
26550,-450,1000,"bu","10:17:13",1678500
26550,-450,100,"sd","10:17:18",1678600
26500,-500,14300,"sd","10:17:48",1692900
26500,-500,19000,"sd","10:17:55",1711900
26500,-500,7500,"bu","10:17:59",1719400
26500,-500,500,"sd","10:18:13",1719900
26500,-500,200,"bu","10:18:15",1720100
26500,-500,1000,"sd","10:18:20",1721100
26500,-500,100,"sd","10:18:25",1721200
26500,-500,400,"bu","10:18:39",1721600
26500,-500,300,"sd","10:18:42",1721900
26500,-500,100,"sd","10:18:47",1722000
26500,-500,700,"bu","10:18:51",1722700
26500,-500,100,"sd","10:18:54",1722800
26500,-500,1000,"bu","10:19:07",1723800
26500,-500,200,"bu","10:19:27",1724000
26500,-500,500,"sd","10:20:07",1724500
26500,-500,5000,"bu","10:20:19",1729500
26500,-500,6000,"sd","10:20:23",1735500
26500,-500,100,"bu","10:20:42",1735600
26500,-500,4700,"bu","10:21:45",1740300
26500,-500,1200,"sd","10:22:09",1741500
26500,-500,1000,"bu","10:22:12",1742500
26500,-500,800,"bu","10:22:24",1743300
26500,-500,100,"sd","10:22:28",1743400
26500,-500,1000,"bu","10:22:29",1744400
26500,-500,10900,"bu","10:22:33",1755300
26550,-450,600,"bu","10:22:47",1755900
26550,-450,500,"bu","10:22:49",1756400
26500,-500,3100,"sd","10:22:53",1759500
26550,-450,100,"sd","10:22:57",1759600
26550,-450,600,"bu","10:23:02",1760200
26550,-450,1000,"bu","10:23:09",1761200
26550,-450,1000,"sd","10:23:29",1762200
26550,-450,5000,"bu","10:23:39",1767200
26550,-450,500,"sd","10:23:46",1767700
26550,-450,3000,"sd","10:24:00",1770700
26500,-500,4800,"sd","10:24:30",1775500
26550,-450,15000,"bu","10:24:43",1790500
26550,-450,100,"sd","10:24:48",1790600
26550,-450,500,"sd","10:24:50",1791100
26550,-450,100,"sd","10:24:58",1791200
26550,-450,500,"sd","10:25:22",1791700
26550,-450,100,"bu","10:25:30",1791800
26550,-450,5100,"bu","10:25:31",1796900
26550,-450,100,"bu","10:25:35",1797000
26550,-450,600,"sd","10:25:40",1797600
26550,-450,200,"bu","10:25:44",1797800
26550,-450,1000,"sd","10:25:45",1798800
26550,-450,500,"bu","10:25:47",1799300
26550,-450,600,"sd","10:26:03",1799900
26550,-450,300,"sd","10:26:12",1800200
26550,-450,600,"bu","10:26:36",1800800
26550,-450,400,"sd","10:26:43",1801200
26600,-400,800,"bu","10:27:28",1802000
26550,-450,4000,"bu","10:27:45",1806000
26550,-450,1000,"sd","10:28:17",1807000
26550,-450,1000,"bu","10:28:22",1808000
26550,-450,700,"sd","10:28:27",1808700
26600,-400,100,"bu","10:28:33",1808800
26550,-450,1000,"bu","10:28:51",1809800
26550,-450,800,"bu","10:29:03",1810600
26550,-450,1200,"sd","10:29:26",1811800
26550,-450,3000,"bu","10:30:43",1814800
26550,-450,1300,"sd","10:30:46",1816100
26500,-500,13000,"sd","10:31:06",1829100
26550,-450,2500,"sd","10:33:34",1831600
26550,-450,1000,"bu","10:34:31",1832600
26500,-500,27000,"bu","10:34:48",1859600
26500,-500,5400,"sd","10:34:59",1865000
26500,-500,700,"sd","10:35:01",1865700
26500,-500,92300,"sd","10:35:05",1958000
26500,-500,600,"sd","10:35:10",1958600
26500,-500,1600,"sd","10:35:12",1960200
26450,-550,10000,"bu","10:35:19",1970200
26450,-550,11000,"sd","10:35:26",1981200
26450,-550,20000,"bu","10:35:30",2001200
26400,-600,9800,"sd","10:35:53",2011000
26400,-600,7000,"bu","10:36:10",2018000
26400,-600,10000,"bu","10:36:19",2028000
26400,-600,24900,"sd","10:36:57",2052900
26400,-600,1500,"bu","10:37:08",2054400
26400,-600,8000,"sd","10:37:10",2062400
26400,-600,1000,"sd","10:37:15",2063400
26450,-550,500,"bu","10:37:21",2063900
26400,-600,3000,"bu","10:37:23",2066900
26400,-600,1000,"bu","10:37:37",2067900
26400,-600,200,"sd","10:37:40",2068100
26400,-600,300,"bu","10:37:42",2068400
26400,-600,6500,"bu","10:37:44",2074900
26400,-600,5000,"sd","10:37:54",2079900
26400,-600,10200,"bu","10:38:03",2090100
26400,-600,10000,"bu","10:38:05",2100100
26400,-600,3200,"bu","10:38:07",2103300
26400,-600,2500,"sd","10:38:09",2105800
26350,-650,2300,"bu","10:38:41",2108100
26350,-650,300,"bu","10:38:43",2108400
26350,-650,20000,"bu","10:38:46",2128400
26400,-600,300,"sd","10:38:53",2128700
26350,-650,200,"sd","10:38:55",2128900
26350,-650,1800,"sd","10:39:00",2130700
26350,-650,1000,"sd","10:39:03",2131700
26300,-700,5000,"bu","10:39:06",2136700
26300,-700,31500,"sd","10:39:10",2168200
26300,-700,500,"bu","10:39:14",2168700
26300,-700,1000,"bu","10:39:16",2169700
26300,-700,1600,"sd","10:39:20",2171300
26300,-700,200,"sd","10:39:22",2171500
26250,-750,12600,"bu","10:39:24",2184100
26300,-700,300,"sd","10:39:26",2184400
26250,-750,3400,"sd","10:39:31",2187800
26250,-750,5000,"bu","10:39:34",2192800
26200,-800,200,"bu","10:39:36",2193000
26200,-800,6000,"sd","10:39:53",2199000
26250,-750,800,"bu","10:39:57",2199800
26250,-750,3500,"bu","10:39:59",2203300
26200,-800,11500,"sd","10:40:14",2214800
26200,-800,12500,"bu","10:40:22",2227300
26250,-750,300,"sd","10:40:24",2227600
26200,-800,25000,"sd","10:40:28",2252600
26200,-800,5000,"bu","10:40:30",2257600
26250,-750,100,"bu","10:40:43",2257700
26200,-800,1700,"bu","10:40:45",2259400
26200,-800,19600,"sd","10:40:47",2279000
26100,-900,14300,"bu","10:40:52",2293300
26200,-800,4800,"bu","10:40:54",2298100
26250,-750,5100,"bu","10:41:03",2303200
26250,-750,300,"sd","10:41:13",2303500
26100,-900,11000,"sd","10:41:17",2314500
26200,-800,300,"bu","10:41:19",2314800
26200,-800,200,"bu","10:41:25",2315000
26200,-800,100,"sd","10:41:30",2315100
26200,-800,500,"bu","10:41:32",2315600
26200,-800,300,"bu","10:41:34",2315900
26200,-800,1000,"bu","10:41:36",2316900
26200,-800,300,"bu","10:41:41",2317200
26200,-800,5000,"sd","10:41:43",2322200
26200,-800,5200,"sd","10:41:48",2327400
26200,-800,5000,"sd","10:41:50",2332400
26200,-800,500,"sd","10:41:52",2332900
26200,-800,300,"sd","10:41:55",2333200
26200,-800,5900,"bu","10:41:59",2339100
26200,-800,5000,"sd","10:42:08",2344100
26250,-750,300,"bu","10:42:15",2344400
26250,-750,10000,"bu","10:42:17",2354400
26250,-750,100,"sd","10:42:19",2354500
26250,-750,5500,"bu","10:42:29",2360000
26250,-750,2300,"sd","10:42:31",2362300
26250,-750,400,"bu","10:42:36",2362700
26300,-700,300,"bu","10:42:38",2363000
26300,-700,5000,"sd","10:42:43",2368000
26300,-700,300,"sd","10:42:50",2368300
26250,-750,200,"sd","10:42:52",2368500
26300,-700,400,"bu","10:43:04",2368900
26300,-700,1000,"bu","10:43:10",2369900
26300,-700,1100,"bu","10:43:17",2371000
26300,-700,2000,"bu","10:43:19",2373000
26300,-700,500,"sd","10:43:24",2373500
26300,-700,5300,"bu","10:43:30",2378800
26300,-700,10000,"sd","10:43:36",2388800
26300,-700,1000,"sd","10:43:40",2389800
26300,-700,500,"sd","10:43:44",2390300
26300,-700,6500,"sd","10:43:48",2396800
26300,-700,2100,"bu","10:43:50",2398900
26300,-700,1200,"bu","10:44:03",2400100
26300,-700,11700,"bu","10:44:07",2411800
26300,-700,300,"bu","10:44:10",2412100
26300,-700,500,"sd","10:44:12",2412600
26300,-700,8400,"bu","10:44:15",2421000
26300,-700,1600,"sd","10:44:17",2422600
26300,-700,2200,"bu","10:44:29",2424800
26300,-700,100,"bu","10:44:31",2424900
26300,-700,2700,"bu","10:44:34",2427600
26300,-700,2500,"sd","10:44:39",2430100
26300,-700,1100,"sd","10:45:03",2431200
26300,-700,1000,"bu","10:45:18",2432200
26350,-650,100,"bu","10:46:04",2432300
26350,-650,5300,"bu","10:46:10",2437600
26350,-650,2000,"bu","10:46:19",2439600
26350,-650,100,"sd","10:46:28",2439700
26350,-650,500,"bu","10:46:32",2440200
26350,-650,1000,"bu","10:46:41",2441200
26350,-650,2200,"bu","10:46:57",2443400
26350,-650,200,"bu","10:46:59",2443600
26350,-650,5100,"bu","10:47:08",2448700
26300,-700,300,"sd","10:47:14",2449000
26350,-650,700,"bu","10:47:23",2449700
26350,-650,100,"sd","10:47:30",2449800
26350,-650,18600,"bu","10:47:35",2468400
26350,-650,700,"bu","10:47:37",2469100
26350,-650,300,"bu","10:47:39",2469400
26350,-650,700,"sd","10:47:56",2470100
26350,-650,3500,"sd","10:47:58",2473600
26350,-650,600,"sd","10:48:07",2474200
26350,-650,2400,"sd","10:48:15",2476600
26350,-650,1400,"sd","10:48:28",2478000
26350,-650,200,"sd","10:48:30",2478200
26350,-650,6000,"sd","10:48:36",2484200
26350,-650,300,"bu","10:48:38",2484500
26350,-650,5500,"sd","10:48:44",2490000
26350,-650,1000,"bu","10:48:50",2491000
26350,-650,5000,"bu","10:48:52",2496000
26350,-650,500,"bu","10:48:57",2496500
26350,-650,3000,"bu","10:49:02",2499500
26350,-650,1600,"bu","10:49:11",2501100
26350,-650,700,"bu","10:49:15",2501800
26350,-650,2400,"sd","10:49:18",2504200
26350,-650,1300,"bu","10:49:20",2505500
26350,-650,1500,"bu","10:49:30",2507000
26350,-650,100,"sd","10:49:37",2507100
26350,-650,5000,"sd","10:49:56",2512100
26350,-650,700,"bu","10:50:02",2512800
26350,-650,1900,"bu","10:50:19",2514700
26350,-650,2500,"bu","10:50:33",2517200
26350,-650,3500,"sd","10:50:35",2520700
26350,-650,500,"sd","10:50:43",2521200
26350,-650,200,"bu","10:50:45",2521400
26350,-650,1000,"sd","10:50:57",2522400
26300,-700,3000,"sd","10:51:34",2525400
26350,-650,5000,"sd","10:51:54",2530400
26300,-700,100,"bu","10:51:56",2530500
26350,-650,10500,"sd","10:52:17",2541000
26350,-650,9000,"sd","10:52:19",2550000
26350,-650,600,"sd","10:52:24",2550600
26350,-650,100,"bu","10:52:34",2550700
26350,-650,900,"sd","10:53:16",2551600
26300,-700,10000,"sd","10:53:38",2561600
26300,-700,800,"sd","10:53:55",2562400
26300,-700,1300,"bu","10:54:09",2563700
26300,-700,60600,"bu","10:54:14",2624300
26300,-700,5500,"sd","10:54:16",2629800
26300,-700,6700,"sd","10:54:23",2636500
26300,-700,200,"sd","10:54:28",2636700
26250,-750,500,"sd","10:55:17",2637200
26300,-700,20100,"bu","10:55:23",2657300
26300,-700,100,"bu","10:55:26",2657400
26250,-750,19200,"sd","10:56:17",2676600
26300,-700,19900,"sd","10:56:19",2696500
26300,-700,1500,"bu","10:56:21",2698000
26300,-700,5000,"sd","10:56:42",2703000
26300,-700,20000,"bu","10:56:52",2723000
26300,-700,1000,"sd","10:57:02",2724000
26300,-700,2600,"sd","10:57:24",2726600
26250,-750,1000,"bu","10:58:23",2727600
26250,-750,4000,"sd","10:58:25",2731600
26250,-750,2900,"bu","10:58:38",2734500
26200,-800,2000,"sd","10:58:47",2736500
26250,-750,2100,"sd","10:58:56",2738600
26200,-800,1000,"sd","10:58:58",2739600
26200,-800,100,"sd","10:59:04",2739700
26200,-800,3400,"bu","10:59:17",2743100
26200,-800,5000,"bu","10:59:26",2748100
26250,-750,1500,"sd","10:59:34",2749600
26250,-750,3800,"sd","10:59:37",2753400
26200,-800,1000,"sd","10:59:39",2754400
26200,-800,200,"bu","10:59:46",2754600
26250,-750,500,"bu","10:59:57",2755100
26250,-750,1500,"sd","11:00:06",2756600
26200,-800,300,"sd","11:00:40",2756900
26250,-750,1000,"bu","11:00:49",2757900
26200,-800,300,"sd","11:00:55",2758200
26200,-800,400,"bu","11:01:15",2758600
26200,-800,10000,"sd","11:01:26",2768600
26200,-800,2000,"sd","11:01:28",2770600
26200,-800,20000,"bu","11:01:31",2790600
26200,-800,11000,"bu","11:01:39",2801600
26200,-800,25800,"sd","11:01:45",2827400
26200,-800,300,"sd","11:01:47",2827700
26200,-800,4000,"bu","11:01:50",2831700
26200,-800,1900,"bu","11:01:52",2833600
26200,-800,1000,"sd","11:01:55",2834600
26200,-800,300,"bu","11:02:00",2834900
26200,-800,20000,"bu","11:02:12",2854900
26200,-800,15400,"sd","11:02:14",2870300
26200,-800,500,"sd","11:02:19",2870800
26100,-900,50000,"sd","11:02:31",2920800
26100,-900,100,"bu","11:02:49",2920900
26150,-850,200,"bu","11:03:00",2921100
26100,-900,5100,"bu","11:03:12",2926200
26100,-900,20500,"sd","11:03:20",2946700
26100,-900,600,"sd","11:03:27",2947300
26100,-900,14100,"bu","11:03:32",2961400
26100,-900,2500,"sd","11:03:37",2963900
26100,-900,21700,"sd","11:03:53",2985600
26100,-900,100,"sd","11:03:58",2985700
26050,-950,5000,"sd","11:04:02",2990700
26050,-950,8700,"bu","11:04:04",2999400
26000,-1000,11400,"bu","11:04:11",3010800
26000,-1000,22500,"sd","11:04:13",3033300
26000,-1000,10000,"bu","11:04:19",3043300
26050,-950,18200,"sd","11:04:21",3061500
26050,-950,1800,"bu","11:04:24",3063300
26000,-1000,20000,"bu","11:04:30",3083300
26050,-950,300,"bu","11:04:38",3083600
26000,-1000,100,"sd","11:04:41",3083700
26000,-1000,169700,"sd","11:04:43",3253400
26000,-1000,1100,"bu","11:04:48",3254500
25950,-1050,1100,"bu","11:04:51",3255600
25950,-1050,5300,"bu","11:04:53",3260900
25950,-1050,100,"sd","11:05:00",3261000
25950,-1050,200,"bu","11:05:11",3261200
25950,-1050,500,"bu","11:05:16",3261700
25950,-1050,2400,"bu","11:05:24",3264100
25950,-1050,200,"sd","11:05:30",3264300
25950,-1050,500,"bu","11:05:35",3264800
25900,-1100,6600,"bu","11:05:38",3271400
25950,-1050,200,"sd","11:05:40",3271600
25950,-1050,1900,"sd","11:05:43",3273500
25950,-1050,1000,"sd","11:06:00",3274500
25950,-1050,2800,"bu","11:06:03",3277300
25950,-1050,6100,"bu","11:06:08",3283400
25950,-1050,300,"bu","11:06:12",3283700
25950,-1050,700,"bu","11:06:20",3284400
25950,-1050,27600,"bu","11:06:23",3312000
25950,-1050,1400,"bu","11:06:26",3313400
25900,-1100,500,"sd","11:06:31",3313900
25950,-1050,2000,"bu","11:06:33",3315900
25900,-1100,1000,"sd","11:06:39",3316900
25900,-1100,10000,"bu","11:06:47",3326900
25950,-1050,1000,"sd","11:06:49",3327900
25900,-1100,500,"bu","11:06:57",3328400
25850,-1150,10400,"bu","11:07:03",3338800
25900,-1100,900,"sd","11:07:08",3339700
25850,-1150,4900,"sd","11:07:11",3344600
25900,-1100,5000,"bu","11:07:13",3349600
25900,-1100,2200,"sd","11:07:16",3351800
26000,-1000,10000,"bu","11:07:29",3361800
25900,-1100,2000,"bu","11:07:35",3363800
25900,-1100,100,"sd","11:07:40",3363900
25900,-1100,2700,"sd","11:07:44",3366600
25950,-1050,1000,"bu","11:07:46",3367600
25900,-1100,5800,"bu","11:07:49",3373400
25900,-1100,2300,"bu","11:07:51",3375700
25900,-1100,200,"bu","11:07:54",3375900
25900,-1100,1700,"bu","11:07:57",3377600
25900,-1100,3400,"bu","11:08:10",3381000
25900,-1100,1000,"sd","11:08:13",3382000
25900,-1100,4300,"bu","11:08:16",3386300
25900,-1100,500,"sd","11:08:19",3386800
25850,-1150,1500,"sd","11:08:21",3388300
25850,-1150,2800,"bu","11:08:27",3391100
25900,-1100,3100,"sd","11:08:46",3394200
25900,-1100,3500,"sd","11:08:49",3397700
25900,-1100,100,"sd","11:08:57",3397800
25900,-1100,500,"bu","11:09:00",3398300
25850,-1150,15700,"bu","11:09:04",3414000
25900,-1100,500,"sd","11:09:06",3414500
25900,-1100,100,"bu","11:09:19",3414600
25900,-1100,5100,"sd","11:09:22",3419700
25900,-1100,300,"sd","11:09:25",3420000
25900,-1100,6200,"sd","11:09:28",3426200
25900,-1100,1600,"bu","11:09:31",3427800
25900,-1100,4400,"bu","11:09:34",3432200
25900,-1100,600,"sd","11:09:40",3432800
25900,-1100,10100,"sd","11:09:46",3442900
25900,-1100,1500,"bu","11:09:50",3444400
25950,-1050,500,"sd","11:10:03",3444900
25900,-1100,4800,"bu","11:10:06",3449700
25950,-1050,700,"bu","11:10:09",3450400
25950,-1050,4600,"bu","11:10:14",3455000
25950,-1050,5200,"sd","11:10:26",3460200
25950,-1050,500,"sd","11:10:29",3460700
25950,-1050,4300,"bu","11:10:34",3465000
25950,-1050,4100,"bu","11:10:37",3469100
26000,-1000,6500,"sd","11:10:45",3475600
26000,-1000,200,"bu","11:10:48",3475800
26000,-1000,1000,"sd","11:10:57",3476800
26000,-1000,1100,"bu","11:11:00",3477900
25950,-1050,6100,"sd","11:11:06",3484000
26000,-1000,5100,"bu","11:11:08",3489100
26000,-1000,2300,"bu","11:11:12",3491400
26000,-1000,16100,"sd","11:11:15",3507500
26050,-950,500,"sd","11:11:24",3508000
26050,-950,100,"bu","11:11:26",3508100
26050,-950,1000,"bu","11:11:32",3509100
26000,-1000,200,"sd","11:11:41",3509300
26050,-950,8400,"bu","11:11:44",3517700
26050,-950,100,"bu","11:11:50",3517800
26100,-900,42000,"sd","11:12:08",3559800
26100,-900,400,"sd","11:12:14",3560200
26150,-850,100,"bu","11:12:22",3560300
26100,-900,1000,"bu","11:12:24",3561300
26150,-850,500,"sd","11:12:37",3561800
26100,-900,6500,"sd","11:12:43",3568300
26150,-850,5200,"sd","11:12:46",3573500
26150,-850,3200,"bu","11:13:18",3576700
26150,-850,1000,"bu","11:13:24",3577700
26150,-850,100,"bu","11:13:33",3577800
26150,-850,1800,"bu","11:13:41",3579600
26150,-850,500,"bu","11:13:50",3580100
26200,-800,200,"bu","11:14:01",3580300
26200,-800,100,"bu","11:14:26",3580400
26250,-750,6000,"bu","11:15:23",3586400
26300,-700,28000,"sd","11:15:28",3614400
26300,-700,5000,"sd","11:15:45",3619400
26300,-700,400,"bu","11:15:48",3619800
26300,-700,5000,"sd","11:15:58",3624800
26350,-650,6500,"bu","11:16:11",3631300
26350,-650,2000,"sd","11:16:19",3633300
26350,-650,1500,"bu","11:16:25",3634800
26300,-700,14000,"sd","11:16:34",3648800
26300,-700,100,"sd","11:16:37",3648900
26300,-700,17100,"sd","11:17:01",3666000
26300,-700,4000,"bu","11:17:05",3670000
26300,-700,1000,"bu","11:17:17",3671000
26250,-750,2300,"sd","11:17:33",3673300
26250,-750,6500,"bu","11:17:39",3679800
26250,-750,4000,"sd","11:17:45",3683800
26250,-750,3000,"sd","11:17:49",3686800
26200,-800,1500,"sd","11:18:06",3688300
26200,-800,200,"sd","11:18:33",3688500
26200,-800,1000,"bu","11:18:42",3689500
26200,-800,600,"bu","11:18:45",3690100
26200,-800,600,"sd","11:19:18",3690700
26250,-750,3500,"bu","11:19:34",3694200
26250,-750,200,"sd","11:19:51",3694400
26250,-750,6100,"sd","11:20:05",3700500
26250,-750,100,"sd","11:20:19",3700600
26200,-800,4300,"sd","11:21:04",3704900
26200,-800,2000,"sd","11:21:38",3706900
26150,-850,6900,"sd","11:22:01",3713800
26150,-850,7100,"bu","11:23:01",3720900
26150,-850,400,"sd","11:23:10",3721300
26150,-850,10300,"bu","11:23:45",3731600
26150,-850,3000,"sd","11:23:48",3734600
26150,-850,100,"bu","11:23:55",3734700
26100,-900,500,"bu","11:24:07",3735200
26100,-900,2500,"bu","11:24:16",3737700
26100,-900,1600,"sd","11:24:25",3739300
26100,-900,1800,"sd","11:24:46",3741100
26100,-900,1000,"sd","11:25:08",3742100
26000,-1000,50000,"sd","11:25:30",3792100
26000,-1000,300,"sd","11:25:47",3792400
26100,-900,1000,"bu","11:25:59",3793400
26100,-900,600,"bu","11:26:23",3794000
26050,-950,300,"sd","11:26:38",3794300
26000,-1000,2000,"bu","11:26:41",3796300
26050,-950,300,"bu","11:26:44",3796600
26050,-950,2300,"bu","11:27:02",3798900
26050,-950,800,"sd","11:27:08",3799700
26100,-900,200,"sd","11:27:12",3799900
26100,-900,3300,"bu","11:27:15",3803200
26100,-900,2100,"sd","11:27:32",3805300
26100,-900,200,"bu","11:27:36",3805500
26100,-900,1200,"bu","11:28:20",3806700
26050,-950,5000,"sd","11:28:44",3811700
26050,-950,700,"sd","11:29:01",3812400
26050,-950,5000,"sd","11:29:04",3817400
26050,-950,200,"sd","11:29:09",3817600
26050,-950,300,"bu","11:29:15",3817900
26050,-950,2800,"sd","11:29:21",3820700
26050,-950,1500,"bu","11:29:33",3822200
26100,-900,3000,"sd","11:29:45",3825200
26100,-900,2300,"bu","13:00:25",3827500
26100,-900,2000,"sd","13:00:26",3829500
26100,-900,100,"bu","13:00:33",3829600
26000,-1000,30100,"sd","13:00:40",3859700
26100,-900,4000,"bu","13:00:43",3863700
26000,-1000,2900,"sd","13:00:47",3866600
26100,-900,1100,"sd","13:00:50",3867700
26050,-950,4000,"sd","13:00:57",3871700
26000,-1000,6400,"bu","13:01:02",3878100
26050,-950,500,"sd","13:01:04",3878600
26000,-1000,100,"bu","13:01:08",3878700
26000,-1000,10000,"bu","13:01:10",3888700
26050,-950,100,"bu","13:01:12",3888800
26050,-950,14500,"sd","13:01:18",3903300
26050,-950,1000,"sd","13:01:20",3904300
26050,-950,700,"bu","13:01:34",3905000
26000,-1000,300,"sd","13:01:40",3905300
26000,-1000,11500,"bu","13:01:46",3916800
26000,-1000,800,"bu","13:01:53",3917600
26050,-950,600,"sd","13:01:56",3918200
26000,-1000,1000,"sd","13:02:20",3919200
26050,-950,2200,"sd","13:02:37",3921400
26050,-950,100,"bu","13:02:50",3921500
26050,-950,5000,"bu","13:03:10",3926500
26000,-1000,1000,"bu","13:03:23",3927500
26000,-1000,200,"sd","13:03:32",3927700
26000,-1000,2000,"sd","13:03:41",3929700
26000,-1000,1000,"bu","13:03:47",3930700
26050,-950,6900,"bu","13:04:29",3937600
26050,-950,100,"bu","13:04:32",3937700
26050,-950,4700,"sd","13:04:53",3942400
26050,-950,100,"sd","13:04:59",3942500
26050,-950,1500,"bu","13:05:02",3944000
26100,-900,1800,"bu","13:05:57",3945800
26100,-900,1000,"bu","13:06:13",3946800
26100,-900,2600,"bu","13:06:42",3949400
26100,-900,100,"bu","13:06:59",3949500
26150,-850,3000,"sd","13:07:12",3952500
26150,-850,1000,"bu","13:07:18",3953500
26200,-800,3400,"bu","13:07:40",3956900
26150,-850,300,"bu","13:07:55",3957200
26100,-900,4000,"bu","13:08:02",3961200
26100,-900,1400,"bu","13:08:14",3962600
26100,-900,2000,"sd","13:08:28",3964600
26100,-900,5000,"bu","13:08:45",3969600
26150,-850,200,"bu","13:09:01",3969800
26100,-900,5000,"sd","13:09:07",3974800
26150,-850,100,"bu","13:09:18",3974900
26150,-850,400,"sd","13:09:29",3975300
26150,-850,1000,"sd","13:09:35",3976300
26150,-850,500,"bu","13:09:48",3976800
26150,-850,100,"bu","13:09:55",3976900
26150,-850,8000,"sd","13:09:58",3984900
26100,-900,4000,"sd","13:10:02",3988900
26150,-850,100,"bu","13:10:05",3989000
26150,-850,1800,"sd","13:10:21",3990800
26150,-850,15100,"sd","13:10:25",4005900
26150,-850,4900,"bu","13:10:28",4010800
26150,-850,100,"sd","13:10:38",4010900
26150,-850,400,"bu","13:10:41",4011300
26150,-850,12600,"bu","13:10:59",4023900
26150,-850,1000,"sd","13:11:06",4024900
26200,-800,200,"sd","13:11:37",4025100
26200,-800,13200,"bu","13:11:55",4038300
26200,-800,1100,"sd","13:12:09",4039400
26200,-800,20000,"bu","13:12:12",4059400
26200,-800,3100,"bu","13:12:15",4062500
26250,-750,100,"bu","13:12:31",4062600
26250,-750,200,"sd","13:12:35",4062800
26250,-750,100,"bu","13:12:38",4062900
26250,-750,8100,"sd","13:12:47",4071000
26250,-750,5000,"bu","13:12:50",4076000
26200,-800,600,"bu","13:12:53",4076600
26250,-750,500,"bu","13:12:59",4077100
26250,-750,1500,"bu","13:13:01",4078600
26250,-750,1100,"bu","13:13:29",4079700
26250,-750,200,"bu","13:13:32",4079900
26250,-750,1900,"bu","13:14:03",4081800
26250,-750,3000,"bu","13:14:09",4084800
26250,-750,500,"bu","13:14:21",4085300
26250,-750,5500,"bu","13:14:28",4090800
26250,-750,200,"sd","13:14:46",4091000
26250,-750,100,"bu","13:14:56",4091100
26250,-750,500,"sd","13:14:59",4091600
26250,-750,300,"bu","13:15:06",4091900
26200,-800,8400,"bu","13:15:15",4100300
26150,-850,5500,"sd","13:15:33",4105800
26150,-850,3100,"bu","13:15:40",4108900
26200,-800,5000,"bu","13:15:56",4113900
26200,-800,100,"bu","13:16:12",4114000
26200,-800,1000,"sd","13:16:35",4115000
26200,-800,100,"sd","13:16:54",4115100
26150,-850,5000,"sd","13:17:00",4120100
26200,-800,5100,"sd","13:17:10",4125200
26150,-850,14900,"sd","13:17:23",4140100
26200,-800,100,"sd","13:17:36",4140200
26100,-900,14900,"sd","13:17:52",4155100
26100,-900,3000,"sd","13:17:55",4158100
26100,-900,2000,"bu","13:18:05",4160100
26150,-850,6600,"sd","13:18:08",4166700
26150,-850,5400,"bu","13:18:31",4172100
26100,-900,100,"bu","13:18:40",4172200
26100,-900,500,"bu","13:18:56",4172700
26100,-900,17800,"bu","13:19:09",4190500
26050,-950,3100,"sd","13:19:18",4193600
26100,-900,11500,"bu","13:19:21",4205100
26100,-900,2000,"sd","13:19:32",4207100
26150,-850,300,"sd","13:19:51",4207400
26100,-900,4500,"sd","13:19:54",4211900
26100,-900,1000,"bu","13:19:57",4212900
26150,-850,1300,"sd","13:20:29",4214200
26100,-900,1000,"bu","13:20:32",4215200
26150,-850,6000,"sd","13:20:39",4221200
26100,-900,1500,"sd","13:20:42",4222700
26150,-850,3000,"sd","13:20:48",4225700
26150,-850,5000,"bu","13:21:04",4230700
26100,-900,3000,"bu","13:21:07",4233700
26100,-900,4000,"sd","13:21:13",4237700
26150,-850,300,"bu","13:21:23",4238000
26100,-900,2000,"sd","13:21:35",4240000
26100,-900,1000,"sd","13:21:38",4241000
26150,-850,12200,"bu","13:21:49",4253200
26150,-850,2800,"sd","13:21:57",4256000
26150,-850,3300,"bu","13:22:04",4259300
26200,-800,1300,"sd","13:22:17",4260600
26150,-850,400,"bu","13:22:27",4261000
26150,-850,600,"sd","13:22:36",4261600
26200,-800,3400,"bu","13:23:36",4265000
26150,-850,6300,"bu","13:23:39",4271300
26200,-800,1000,"sd","13:23:46",4272300
26150,-850,15000,"sd","13:24:45",4287300
26150,-850,1600,"bu","13:25:04",4288900
26150,-850,3800,"bu","13:25:13",4292700
26150,-850,2400,"sd","13:25:17",4295100
26150,-850,1000,"bu","13:25:20",4296100
26100,-900,12000,"bu","13:25:23",4308100
26150,-850,5000,"bu","13:25:26",4313100
26150,-850,100,"sd","13:25:30",4313200
26150,-850,400,"bu","13:25:36",4313600
26150,-850,2300,"bu","13:25:39",4315900
26150,-850,1200,"sd","13:25:55",4317100
26150,-850,10000,"bu","13:26:27",4327100
26150,-850,600,"bu","13:26:47",4327700
26200,-800,40100,"bu","13:27:06",4367800
26100,-900,300,"bu","13:27:09",4368100
26150,-850,800,"sd","13:27:15",4368900
26150,-850,500,"sd","13:27:33",4369400
26200,-800,100,"sd","13:27:56",4369500
26150,-850,500,"bu","13:28:12",4370000
26100,-900,21500,"sd","13:29:25",4391500
26100,-900,2500,"sd","13:29:45",4394000
26100,-900,4000,"bu","13:29:49",4398000
26100,-900,6000,"sd","13:30:22",4404000
26150,-850,1700,"sd","13:30:39",4405700
26150,-850,300,"bu","13:30:49",4406000
26150,-850,100,"sd","13:30:52",4406100
26150,-850,300,"sd","13:31:08",4406400
26150,-850,700,"sd","13:31:18",4407100
26150,-850,3900,"sd","13:31:25",4411000
26150,-850,100,"bu","13:31:39",4411100
26150,-850,3200,"bu","13:32:05",4414300
26150,-850,500,"bu","13:32:29",4414800
26150,-850,6000,"sd","13:32:59",4420800
26150,-850,400,"bu","13:33:16",4421200
26200,-800,500,"sd","13:33:38",4421700
26150,-850,1000,"bu","13:34:16",4422700
26150,-850,1700,"bu","13:34:39",4424400
26150,-850,100,"bu","13:34:43",4424500
26150,-850,1000,"sd","13:35:20",4425500
26150,-850,100,"bu","13:35:23",4425600
26150,-850,500,"sd","13:36:16",4426100
26150,-850,5100,"sd","13:36:33",4431200
26150,-850,4500,"bu","13:36:50",4435700
26150,-850,1400,"sd","13:37:38",4437100
26150,-850,4600,"sd","13:37:42",4441700
26150,-850,5000,"bu","13:37:55",4446700
26150,-850,3500,"bu","13:37:58",4450200
26150,-850,1900,"sd","13:38:01",4452100
26200,-800,1000,"sd","13:38:36",4453100
26200,-800,1400,"bu","13:38:46",4454500
26200,-800,900,"bu","13:39:24",4455400
26200,-800,100,"sd","13:39:44",4455500
26200,-800,8000,"bu","13:40:19",4463500
26200,-800,1000,"sd","13:40:23",4464500
26200,-800,900,"sd","13:40:26",4465400
26200,-800,500,"sd","13:40:52",4465900
26200,-800,1200,"sd","13:40:55",4467100
26200,-800,1500,"sd","13:41:02",4468600
26200,-800,100,"sd","13:41:06",4468700
26200,-800,700,"bu","13:41:10",4469400
26200,-800,2500,"bu","13:41:14",4471900
26200,-800,2700,"bu","13:41:21",4474600
26250,-750,7000,"bu","13:41:33",4481600
26250,-750,300,"bu","13:41:40",4481900
26250,-750,1500,"sd","13:41:55",4483400
26250,-750,100,"sd","13:41:58",4483500
26250,-750,1300,"bu","13:42:05",4484800
26250,-750,1100,"sd","13:42:17",4485900
26300,-700,10900,"sd","13:42:51",4496800
26300,-700,300,"bu","13:43:13",4497100
26300,-700,1000,"bu","13:43:26",4498100
26300,-700,1500,"sd","13:43:36",4499600
26300,-700,3300,"bu","13:43:46",4502900
26300,-700,100,"bu","13:43:50",4503000
26300,-700,9500,"sd","13:43:53",4512500
26300,-700,400,"sd","13:44:07",4512900
26300,-700,1500,"sd","13:44:15",4514400
26350,-650,2000,"sd","13:44:22",4516400
26350,-650,100,"bu","13:44:29",4516500
26350,-650,200,"bu","13:44:40",4516700
26350,-650,100,"bu","13:44:57",4516800
26350,-650,1400,"sd","13:45:24",4518200
26350,-650,7900,"bu","13:45:40",4526100
26350,-650,5000,"bu","13:45:51",4531100
26350,-650,200,"sd","13:45:58",4531300
26300,-700,3000,"bu","13:46:06",4534300
26300,-700,300,"bu","13:46:10",4534600
26350,-650,5000,"sd","13:46:17",4539600
26350,-650,500,"bu","13:46:31",4540100
26350,-650,10000,"sd","13:46:34",4550100
26300,-700,3000,"bu","13:46:42",4553100
26350,-650,100,"bu","13:46:49",4553200
26350,-650,1100,"sd","13:47:15",4554300
26300,-700,2900,"bu","13:47:29",4557200
26300,-700,500,"bu","13:47:37",4557700
26300,-700,10000,"bu","13:47:40",4567700
26250,-750,18300,"bu","13:47:43",4586000
26250,-750,29800,"bu","13:48:09",4615800
26200,-800,2000,"bu","13:48:16",4617800
26250,-750,100,"bu","13:48:32",4617900
26200,-800,4000,"bu","13:48:36",4621900
26200,-800,5500,"bu","13:48:42",4627400
26200,-800,500,"sd","13:48:49",4627900
26200,-800,2000,"sd","13:48:53",4629900
26200,-800,400,"bu","13:49:00",4630300
26200,-800,1000,"sd","13:49:03",4631300
26200,-800,17800,"sd","13:49:07",4649100
26200,-800,100,"bu","13:49:10",4649200
26200,-800,4600,"bu","13:49:17",4653800
26200,-800,8000,"bu","13:49:21",4661800
26200,-800,4300,"bu","13:49:35",4666100
26200,-800,2000,"sd","13:49:42",4668100
26150,-850,600,"bu","13:49:45",4668700
26200,-800,2000,"bu","13:49:48",4670700
26150,-850,5000,"sd","13:50:04",4675700
26200,-800,500,"bu","13:50:29",4676200
26150,-850,3000,"bu","13:51:22",4679200
26200,-800,100,"bu","13:51:26",4679300
26200,-800,1000,"sd","13:52:00",4680300
26200,-800,200,"bu","13:52:04",4680500
26200,-800,500,"bu","13:52:08",4681000
26200,-800,200,"bu","13:52:29",4681200
26200,-800,5000,"bu","13:52:39",4686200
26200,-800,200,"sd","13:53:07",4686400
26200,-800,300,"bu","13:53:21",4686700
26200,-800,1100,"bu","13:54:15",4687800
26200,-800,100,"bu","13:54:22",4687900
26200,-800,7000,"bu","13:55:20",4694900
26200,-800,3000,"bu","13:55:55",4697900
26200,-800,500,"sd","13:56:13",4698400
26200,-800,1200,"bu","13:56:32",4699600
26200,-800,700,"sd","13:56:56",4700300
26200,-800,1000,"sd","13:57:03",4701300
26250,-750,200,"bu","13:57:14",4701500
26250,-750,1500,"bu","13:58:06",4703000
26250,-750,100,"sd","13:58:14",4703100
26200,-800,10900,"bu","13:58:22",4714000
26250,-750,100,"bu","13:59:13",4714100
26250,-750,3400,"sd","13:59:17",4717500
26250,-750,300,"bu","13:59:25",4717800
26300,-700,100,"bu","14:00:09",4717900
26300,-700,10400,"bu","14:00:23",4728300
26300,-700,2600,"bu","14:00:30",4730900
26300,-700,1200,"sd","14:00:38",4732100
26300,-700,6200,"sd","14:00:45",4738300
26300,-700,1100,"sd","14:00:55",4739400
26300,-700,3000,"sd","14:01:08",4742400
26300,-700,200,"sd","14:01:12",4742600
26300,-700,100,"sd","14:01:16",4742700
26300,-700,5600,"sd","14:01:24",4748300
26300,-700,1100,"sd","14:01:28",4749400
26300,-700,200,"sd","14:01:32",4749600
26300,-700,500,"sd","14:01:36",4750100
26350,-650,7200,"sd","14:01:40",4757300
26350,-650,500,"sd","14:01:59",4757800
26350,-650,500,"sd","14:02:03",4758300
26400,-600,1000,"bu","14:02:17",4759300
26400,-600,200,"bu","14:02:23",4759500
26400,-600,5000,"bu","14:02:30",4764500
26400,-600,1000,"sd","14:02:33",4765500
26400,-600,200,"sd","14:02:41",4765700
26400,-600,400,"bu","14:02:45",4766100
26400,-600,500,"bu","14:02:49",4766600
26400,-600,10200,"sd","14:02:52",4776800
26400,-600,7500,"sd","14:02:56",4784300
26400,-600,600,"bu","14:03:03",4784900
26400,-600,3000,"bu","14:03:07",4787900
26400,-600,1500,"sd","14:03:10",4789400
26400,-600,22400,"bu","14:03:13",4811800
26400,-600,18000,"sd","14:03:20",4829800
26400,-600,2000,"sd","14:03:27",4831800
26450,-550,500,"bu","14:03:38",4832300
26450,-550,1100,"bu","14:03:53",4833400
26450,-550,100,"bu","14:04:05",4833500
26450,-550,1000,"sd","14:04:08",4834500
26450,-550,1000,"sd","14:04:20",4835500
26400,-600,18000,"sd","14:04:28",4853500
26400,-600,700,"bu","14:04:32",4854200
26400,-600,6000,"bu","14:04:36",4860200
26400,-600,200,"bu","14:04:40",4860400
26300,-700,40000,"sd","14:04:45",4900400
26300,-700,100,"bu","14:04:59",4900500
26300,-700,1000,"bu","14:05:03",4901500
26300,-700,5000,"bu","14:05:07",4906500
26300,-700,2000,"bu","14:05:11",4908500
26300,-700,500,"bu","14:05:56",4909000
26300,-700,1100,"bu","14:06:03",4910100
26250,-750,5000,"sd","14:07:07",4915100
26250,-750,100,"bu","14:07:19",4915200
26250,-750,4000,"bu","14:07:47",4919200
26250,-750,100,"bu","14:08:05",4919300
26250,-750,2000,"sd","14:08:12",4921300
26300,-700,300,"sd","14:08:30",4921600
26300,-700,100,"sd","14:08:49",4921700
26250,-750,1200,"bu","14:09:56",4922900
26250,-750,4000,"bu","14:10:11",4926900
26300,-700,10000,"sd","14:10:37",4936900
26300,-700,500,"sd","14:11:20",4937400
26300,-700,100,"bu","14:11:35",4937500
26250,-750,1000,"sd","14:11:57",4938500
26300,-700,8800,"bu","14:12:04",4947300
26300,-700,1000,"bu","14:12:25",4948300
26300,-700,400,"sd","14:12:32",4948700
26300,-700,10000,"sd","14:13:19",4958700
26300,-700,4400,"bu","14:13:26",4963100
26300,-700,100,"bu","14:13:44",4963200
26300,-700,200,"sd","14:14:07",4963400
26300,-700,5000,"sd","14:14:22",4968400
26300,-700,2000,"sd","14:14:29",4970400
26300,-700,5700,"bu","14:14:37",4976100
26300,-700,3000,"sd","14:15:07",4979100
26300,-700,1000,"sd","14:15:26",4980100
26300,-700,3100,"sd","14:15:40",4983200
26300,-700,3100,"sd","14:15:48",4986300
26300,-700,500,"bu","14:15:52",4986800
26300,-700,1400,"sd","14:16:07",4988200
26300,-700,1000,"bu","14:16:14",4989200
26300,-700,10000,"sd","14:16:29",4999200
26300,-700,1000,"bu","14:16:44",5000200
26300,-700,10000,"bu","14:16:49",5010200
26300,-700,1000,"sd","14:17:01",5011200
26300,-700,5000,"sd","14:17:04",5016200
26300,-700,5600,"sd","14:17:20",5021800
26300,-700,1100,"bu","14:17:28",5022900
26300,-700,200,"bu","14:17:32",5023100
26300,-700,2100,"bu","14:18:00",5025200
26300,-700,16500,"bu","14:18:05",5041700
26350,-650,300,"bu","14:18:13",5042000
26350,-650,500,"bu","14:18:33",5042500
26350,-650,1000,"bu","14:18:50",5043500
26350,-650,900,"sd","14:19:05",5044400
26350,-650,2000,"sd","14:19:09",5046400
26350,-650,2100,"sd","14:19:12",5048500
26350,-650,3100,"sd","14:19:16",5051600
26350,-650,600,"sd","14:19:20",5052200
26350,-650,2300,"sd","14:19:28",5054500
26350,-650,500,"bu","14:19:32",5055000
26400,-600,1500,"sd","14:19:40",5056500
26400,-600,4200,"bu","14:20:23",5060700
26450,-550,17000,"sd","14:20:36",5077700
26450,-550,5800,"sd","14:21:14",5083500
26450,-550,5000,"bu","14:21:35",5088500
26400,-600,3900,"sd","14:21:48",5092400
26450,-550,16700,"bu","14:22:07",5109100
26450,-550,7200,"sd","14:22:18",5116300
26450,-550,200,"bu","14:22:33",5116500
26450,-550,2100,"sd","14:22:37",5118600
26450,-550,5400,"bu","14:22:44",5124000
26450,-550,1000,"sd","14:22:48",5125000
26450,-550,5000,"sd","14:22:56",5130000
26450,-550,9100,"sd","14:23:00",5139100
26500,-500,100,"bu","14:23:15",5139200
26500,-500,600,"sd","14:23:27",5139800
26500,-500,1000,"bu","14:23:39",5140800
26500,-500,200,"sd","14:24:04",5141000
26500,-500,100,"sd","14:24:16",5141100
26500,-500,9600,"sd","14:24:30",5150700
26500,-500,10600,"sd","14:24:34",5161300
26500,-500,2000,"bu","14:24:38",5163300
26500,-500,1000,"sd","14:24:49",5164300
26500,-500,1100,"sd","14:24:53",5165400
26500,-500,2000,"bu","14:25:04",5167400
26500,-500,1900,"sd","14:25:08",5169300
26550,-450,300,"bu","14:25:12",5169600
26550,-450,900,"bu","14:25:32",5170500
26550,-450,2100,"sd","14:25:59",5172600
26550,-450,500,"sd","14:26:02",5173100
26550,-450,100,"sd","14:26:06",5173200
26550,-450,300,"bu","14:26:14",5173500
26500,-500,14000,"bu","14:26:26",5187500
26500,-500,2600,"bu","14:26:36",5190100
26500,-500,2100,"sd","14:26:40",5192200
26500,-500,10400,"bu","14:26:52",5202600
26500,-500,6000,"bu","14:26:55",5208600
26500,-500,15900,"sd","14:27:03",5224500
26500,-500,100,"bu","14:27:11",5224600
26500,-500,500,"sd","14:27:19",5225100
26500,-500,2500,"bu","14:27:23",5227600
26500,-500,5000,"bu","14:27:28",5232600
26550,-450,400,"sd","14:27:32",5233000
26500,-500,30000,"bu","14:27:41",5263000
26500,-500,7600,"bu","14:27:52",5270600
26500,-500,1100,"bu","14:28:02",5271700
26500,-500,1000,"sd","14:28:25",5272700
26450,-550,3500,"bu","14:28:30",5276200
26500,-500,1500,"bu","14:28:34",5277700
26450,-550,100,"bu","14:28:43",5277800
26450,-550,12800,"sd","14:28:48",5290600
26450,-550,500,"bu","14:28:52",5291100
26450,-550,1000,"bu","14:29:00",5292100
26450,-550,2100,"sd","14:29:12",5294200
26400,-600,3100,"sd","14:29:21",5297300
26350,-650,20000,"sd","14:29:28",5317300
26400,-600,200,"sd","14:29:32",5317500
26300,-700,24300,"bu","14:29:48",5341800
26250,-750,700,"bu","14:29:57",5342500
26250,-750,1700,"bu","14:30:07",5344200
26250,-750,1000,"bu","14:30:11",5345200
26300,-700,218800,"sd","14:45:27",5564000
