"price","change","match_qtty","side","time","total_vol"
13900,-100,38000,"sd","09:15:07",38000
13900,-100,18000,"sd","09:15:15",56000
13950,-50,1000,"bu","09:15:17",57000
13900,-100,30800,"bu","09:15:45",87800
13900,-100,1500,"bu","09:16:02",94300
13900,-100,5000,"bu","09:16:04",99300
13900,-100,100,"sd","09:16:24",99400
13900,-100,3000,"sd","09:16:25",102400
13900,-100,100,"sd","09:16:29",102500
13900,-100,1000,"sd","09:16:35",103500
13900,-100,4500,"bu","09:16:37",108000
13900,-100,15500,"sd","09:16:38",123500
13900,-100,200,"sd","09:16:39",123700
13900,-100,1500,"bu","09:16:58",125200
13900,-100,1000,"bu","09:16:59",126200
13900,-100,500,"bu","09:17:03",126700
13900,-100,300,"bu","09:17:07",127000
13900,-100,3000,"bu","09:17:13",130000
13900,-100,200,"bu","09:17:21",130200
13800,-200,100000,"sd","09:17:25",230200
13750,-250,13100,"bu","09:17:26",243300
13850,-150,1000,"sd","09:17:52",245000
13850,-150,5000,"bu","09:17:59",250000
13850,-150,100,"sd","09:18:02",250100
13850,-150,1200,"sd","09:18:09",251300
13850,-150,100,"sd","09:18:11",251400
13850,-150,500,"bu","09:18:22",251900
13850,-150,2000,"bu","09:18:34",253900
13850,-150,6000,"sd","09:18:37",259900
13850,-150,200,"bu","09:18:41",260100
13850,-150,1000,"bu","09:18:43",261100
13850,-150,2200,"bu","09:18:50",263300
13850,-150,3000,"sd","09:18:53",266300
13850,-150,1100,"sd","09:18:55",267400
13850,-150,2200,"sd","09:18:59",269600
13850,-150,2000,"bu","09:19:08",272600
13850,-150,200,"bu","09:19:11",272800
13850,-150,500,"sd","09:19:14",273300
13850,-150,400,"sd","09:19:18",273700
13850,-150,1000,"bu","09:19:18",274700
13900,-100,200,"sd","09:19:30",274900
13850,-150,9400,"sd","09:19:47",284300
13850,-150,100,"sd","09:19:54",284400
13850,-150,2000,"bu","09:20:00",286400
13850,-150,200,"bu","09:20:02",286600
13850,-150,1000,"bu","09:20:15",287600
13850,-150,1300,"sd","09:20:20",288900
13850,-150,3000,"sd","09:20:23",291900
13850,-150,300,"bu","09:20:27",292200
13850,-150,18000,"sd","09:20:28",310200
13850,-150,1200,"bu","09:20:31",311400
13850,-150,3700,"bu","09:20:33",315100
13900,-100,4000,"sd","09:21:05",319100
13850,-150,400,"bu","09:21:11",319500
13900,-100,100,"bu","09:21:54",319600
13900,-100,5000,"sd","09:22:15",324600
13900,-100,4000,"sd","09:22:18",328600
13900,-100,1000,"sd","09:22:21",329600
13900,-100,6600,"sd","09:22:55",336200
13900,-100,100,"sd","09:23:07",336300
13850,-150,3000,"bu","09:23:21",339300
13900,-100,26300,"sd","09:23:51",365600
13850,-150,5000,"bu","09:24:10",370600
13900,-100,3800,"sd","09:24:57",374400
13900,-100,3000,"bu","09:25:54",377400
13950,-50,500,"sd","09:26:04",377900
13900,-100,32500,"bu","09:27:01",410400
13900,-100,8000,"sd","09:27:02",418400
13900,-100,400,"sd","09:27:04",418800
13900,-100,4000,"sd","09:27:26",422800
13900,-100,500,"sd","09:27:31",423300
13900,-100,1700,"sd","09:27:58",425000
13900,-100,100,"bu","09:28:02",425100
13900,-100,1500,"sd","09:28:25",426600
13900,-100,1800,"sd","09:28:33",428400
13900,-100,1200,"bu","09:28:40",429600
13900,-100,1800,"sd","09:28:45",431400
13900,-100,700,"bu","09:28:50",432100
13900,-100,100,"sd","09:29:00",432200
13900,-100,1000,"sd","09:29:06",433200
13900,-100,100,"bu","09:29:12",433300
13900,-100,1400,"bu","09:29:13",434700
13900,-100,500,"sd","09:29:24",435200
13900,-100,1400,"sd","09:29:39",436600
13900,-100,300,"bu","09:29:44",436900
13900,-100,500,"sd","09:30:12",437400
13900,-100,1000,"bu","09:30:56",438400
13900,-100,1800,"sd","09:31:15",440200
13950,-50,100,"sd","09:31:48",440300
13950,-50,1200,"bu","09:33:38",441500
13900,-100,24800,"sd","09:33:50",466300
13900,-100,5200,"bu","09:34:48",471500
13900,-100,2000,"sd","09:35:41",473500
13900,-100,10000,"bu","09:36:27",483500
13950,-50,500,"bu","09:36:40",484000
13900,-100,12900,"sd","09:36:42",496900
13900,-100,500,"sd","09:36:58",497400
13900,-100,1000,"bu","09:37:04",498400
13850,-150,100,"bu","09:37:07",498500
13900,-100,1100,"bu","09:38:08",499600
13900,-100,2200,"sd","09:39:04",501800
13900,-100,900,"bu","09:39:13",502700
13900,-100,500,"bu","09:40:09",503200
13900,-100,46200,"sd","09:40:14",549400
13900,-100,10000,"bu","09:40:21",559400
13900,-100,20000,"bu","09:40:43",579400
13950,-50,100,"sd","09:40:49",579500
13900,-100,5000,"sd","09:41:27",584500
13900,-100,20000,"bu","09:41:30",604500
13900,-100,1900,"sd","09:41:32",606400
13900,-100,13700,"sd","09:43:30",620100
13900,-100,1000,"bu","09:43:38",621100
13900,-100,500,"sd","09:45:15",621600
13900,-100,100,"bu","09:45:32",621700
13900,-100,3000,"bu","09:45:55",624700
13900,-100,10500,"bu","09:46:03",635200
13900,-100,4500,"sd","09:46:20",639700
13900,-100,500,"bu","09:46:50",640200
13850,-150,200,"sd","09:47:37",640400
13850,-150,1600,"bu","09:48:17",642000
13850,-150,2400,"bu","09:48:18",644400
13850,-150,10200,"bu","09:48:25",654600
13850,-150,9800,"sd","09:48:26",664400
13850,-150,4500,"bu","09:48:28",668900
13850,-150,16200,"sd","09:48:41",685100
13850,-150,7000,"sd","09:49:13",692100
13850,-150,1400,"bu","09:49:22",693500
13850,-150,10000,"bu","09:49:49",703500
13850,-150,3300,"sd","09:49:53",706800
13850,-150,6500,"sd","09:50:08",713300
13800,-200,10000,"sd","09:50:36",723300
13800,-200,2000,"sd","09:50:52",725300
13800,-200,18200,"sd","09:51:04",743500
13800,-200,7000,"bu","09:51:20",750500
13800,-200,700,"sd","09:51:40",751200
13800,-200,500,"sd","09:51:43",751700
13800,-200,2300,"sd","09:52:03",754000
13800,-200,35000,"sd","09:52:06",789000
13800,-200,1300,"bu","09:52:27",790300
13800,-200,500,"bu","09:52:46",790800
13800,-200,1800,"bu","09:52:56",792600
13800,-200,2500,"sd","09:53:05",795100
13800,-200,5000,"sd","09:53:40",800100
13800,-200,2000,"sd","09:54:24",802100
13800,-200,12500,"sd","09:54:49",814600
13850,-150,10000,"sd","09:54:55",824600
13850,-150,13200,"sd","09:55:15",837800
13850,-150,3100,"sd","09:55:48",840900
13850,-150,5000,"sd","09:56:22",845900
13850,-150,1900,"sd","09:56:39",847800
13850,-150,4100,"sd","09:56:48",851900
13850,-150,3700,"sd","09:56:54",855600
13850,-150,200,"bu","09:57:12",855800
13850,-150,3000,"sd","09:57:14",858800
13850,-150,100,"bu","09:58:07",858900
13850,-150,2000,"sd","09:58:37",860900
13850,-150,1500,"bu","10:01:13",862400
13850,-150,5000,"bu","10:01:49",867400
13850,-150,10000,"bu","10:02:16",877400
13850,-150,1000,"sd","10:02:22",878400
13850,-150,5000,"sd","10:02:24",883400
13850,-150,3700,"sd","10:02:32",887100
13850,-150,100,"sd","10:03:31",887200
13850,-150,6000,"sd","10:03:34",893200
13850,-150,200,"sd","10:03:42",893400
13800,-200,500,"sd","10:04:13",893900
13850,-150,100,"sd","10:04:16",894000
13800,-200,4000,"sd","10:05:55",898000
13800,-200,14700,"bu","10:06:05",912700
13800,-200,100,"sd","10:06:18",912800
13800,-200,9000,"sd","10:06:36",921800
13800,-200,4000,"bu","10:06:50",925800
13800,-200,200,"bu","10:06:55",926000
13800,-200,500,"sd","10:07:01",926500
13800,-200,100,"sd","10:07:14",926600
13800,-200,500,"sd","10:07:16",927100
13800,-200,100,"sd","10:07:30",927200
13800,-200,7500,"sd","10:08:14",934700
13800,-200,2000,"bu","10:08:17",936700
13850,-150,5000,"bu","10:09:14",941700
13800,-200,20000,"sd","10:10:15",961700
13800,-200,3200,"sd","10:11:34",964900
13850,-150,1000,"sd","10:11:58",965900
13800,-200,600,"bu","10:12:06",966500
13800,-200,2000,"bu","10:12:20",968500
13800,-200,200,"sd","10:13:26",968700
13850,-150,100,"sd","10:13:50",968800
13800,-200,5100,"sd","10:17:50",973900
13800,-200,600,"bu","10:18:29",974500
13850,-150,300,"bu","10:19:01",974800
13800,-200,4000,"bu","10:19:28",978800
13850,-150,500,"bu","10:19:30",979300
13800,-200,1000,"sd","10:19:43",980300
13800,-200,400,"bu","10:21:14",980700
13850,-150,1400,"bu","10:22:47",982100
13800,-200,1600,"bu","10:23:04",983700
13850,-150,1400,"sd","10:23:09",985100
13850,-150,200,"bu","10:23:27",985300
13850,-150,1400,"bu","10:24:03",986700
13850,-150,1400,"sd","10:24:25",988100
13850,-150,1700,"bu","10:25:27",989800
13800,-200,10000,"sd","10:25:48",999800
13850,-150,1400,"bu","10:26:03",1001200
13850,-150,1900,"bu","10:26:17",1003100
13850,-150,900,"sd","10:26:30",1004000
13850,-150,300,"sd","10:26:50",1004300
13850,-150,50000,"bu","10:27:35",1054300
13850,-150,500,"bu","10:27:40",1054800
13800,-200,900,"sd","10:27:45",1055700
13850,-150,6400,"sd","10:28:10",1062100
13850,-150,3100,"bu","10:29:56",1065200
13850,-150,5000,"sd","10:30:15",1070200
13850,-150,600,"bu","10:30:48",1070800
13850,-150,2000,"bu","10:31:06",1072800
13850,-150,1200,"bu","10:33:07",1074000
13850,-150,900,"sd","10:34:33",1074900
13800,-200,2000,"bu","10:36:48",1076900
13800,-200,10000,"sd","10:37:27",1086900
13800,-200,400,"bu","10:37:50",1087300
13850,-150,700,"bu","10:38:26",1088000
13800,-200,1500,"sd","10:38:43",1089500
13850,-150,700,"bu","10:38:53",1090200
13800,-200,1900,"bu","10:39:24",1092100
13850,-150,700,"bu","10:39:26",1092800
13800,-200,3400,"bu","10:40:26",1096200
13800,-200,4000,"bu","10:40:28",1100200
13800,-200,15000,"sd","10:40:34",1115200
13800,-200,2000,"sd","10:40:45",1117200
13800,-200,31300,"bu","10:40:50",1148500
13800,-200,700,"bu","10:40:54",1149200
13750,-250,5000,"sd","10:41:09",1154200
13800,-200,700,"sd","10:41:13",1154900
13750,-250,10700,"bu","10:41:32",1165600
13800,-200,700,"bu","10:41:34",1166300
13800,-200,2400,"bu","10:41:55",1168700
13800,-200,700,"bu","10:41:57",1169400
13800,-200,800,"bu","10:42:20",1170200
13800,-200,1300,"bu","10:42:24",1171500
13750,-250,10000,"sd","10:42:26",1181500
13800,-200,800,"bu","10:42:38",1182300
13800,-200,700,"bu","10:42:50",1183000
13750,-250,500,"sd","10:42:52",1183500
13800,-200,700,"sd","10:43:04",1184200
13800,-200,500,"sd","10:43:08",1184700
13800,-200,3000,"sd","10:43:15",1187700
13800,-200,500,"sd","10:43:24",1188200
13800,-200,1100,"sd","10:44:22",1189300
13800,-200,16300,"bu","10:44:31",1205600
13800,-200,1000,"sd","10:44:46",1206600
13800,-200,100,"bu","10:44:53",1206700
13800,-200,900,"bu","10:46:04",1207600
13800,-200,1600,"bu","10:46:30",1209200
13800,-200,100,"sd","10:47:23",1209300
13800,-200,200,"sd","10:48:02",1209500
13800,-200,10000,"sd","10:48:44",1219500
13800,-200,500,"sd","10:49:02",1220000
13800,-200,2000,"sd","10:49:27",1222000
13800,-200,2000,"bu","10:52:46",1224000
13800,-200,400,"sd","10:53:23",1224400
13800,-200,100,"bu","10:53:27",1224500
13800,-200,3300,"sd","10:53:57",1227800
13750,-250,500,"bu","10:54:57",1228300
13800,-200,3000,"sd","10:54:59",1231300
13800,-200,200,"sd","10:55:46",1231500
13800,-200,100,"sd","10:56:06",1231600
13800,-200,2000,"sd","10:57:15",1233600
13750,-250,500,"sd","10:57:24",1234100
13750,-250,1000,"sd","10:58:30",1235100
13750,-250,1000,"bu","10:58:32",1236100
13750,-250,69600,"sd","10:59:02",1305700
13700,-300,27300,"sd","10:59:15",1333000
13700,-300,3000,"bu","10:59:34",1336000
13700,-300,10000,"bu","11:00:00",1346000
13700,-300,300,"sd","11:00:03",1346300
13700,-300,1300,"bu","11:00:06",1347600
13700,-300,3000,"sd","11:00:08",1350600
13700,-300,3000,"bu","11:00:14",1353600
13750,-250,5000,"bu","11:00:17",1358600
13700,-300,19000,"sd","11:01:00",1377600
13700,-300,1000,"sd","11:01:18",1378600
13700,-300,2000,"sd","11:01:33",1380600
13700,-300,5000,"bu","11:01:36",1385600
13750,-250,200,"bu","11:01:45",1385800
13700,-300,25000,"bu","11:01:50",1410800
13700,-300,1000,"bu","11:01:57",1411800
13700,-300,500,"bu","11:02:17",1412300
13700,-300,5000,"bu","11:02:22",1417300
13700,-300,3000,"sd","11:02:24",1420300
13700,-300,6000,"sd","11:02:29",1426300
13700,-300,200,"sd","11:03:58",1426500
13700,-300,29000,"sd","11:04:06",1455500
13700,-300,200,"bu","11:04:09",1455700
13700,-300,600,"sd","11:04:35",1456300
13650,-350,500,"sd","11:04:43",1456800
13650,-350,3000,"bu","11:04:46",1459800
13650,-350,500,"bu","11:04:48",1460300
13700,-300,900,"bu","11:04:55",1461200
13700,-300,500,"sd","11:04:58",1461700
13650,-350,17600,"bu","11:05:00",1479300
13700,-300,400,"sd","11:05:30",1479700
13650,-350,7000,"sd","11:06:08",1486700
13600,-400,110000,"sd","11:06:55",1596700
13600,-400,5000,"sd","11:07:08",1601700
13650,-350,1000,"bu","11:07:16",1602700
13650,-350,1400,"sd","11:07:32",1604100
13650,-350,1900,"bu","11:07:38",1606000
13650,-350,100,"sd","11:08:01",1606100
13650,-350,3000,"bu","11:08:07",1609100
13650,-350,100,"sd","11:08:27",1609200
13650,-350,500,"sd","11:08:55",1609700
13650,-350,100,"sd","11:08:57",1609800
13650,-350,300,"sd","11:09:22",1610100
13600,-400,10000,"sd","11:09:46",1620100
13650,-350,1000,"bu","11:10:09",1621100
13650,-350,1000,"sd","11:10:17",1622100
13650,-350,2000,"bu","11:10:26",1624100
13650,-350,200,"bu","11:10:29",1624300
13650,-350,600,"bu","11:10:34",1624900
13650,-350,7900,"sd","11:11:06",1632800
13650,-350,1000,"bu","11:11:41",1633800
13650,-350,100,"sd","11:11:47",1633900
13650,-350,200,"bu","11:11:56",1634100
13650,-350,1000,"sd","11:12:08",1635100
13650,-350,500,"sd","11:12:14",1635600
13650,-350,1100,"bu","11:12:22",1636700
13650,-350,17500,"bu","11:12:27",1654200
13650,-350,300,"bu","11:12:46",1654500
13650,-350,700,"bu","11:12:49",1655200
13650,-350,10000,"bu","11:12:52",1665200
13650,-350,7800,"sd","11:12:55",1673000
13650,-350,2500,"bu","11:13:01",1675500
13650,-350,18000,"bu","11:13:04",1693500
13650,-350,500,"sd","11:13:07",1694000
13650,-350,10400,"sd","11:13:09",1704400
13700,-300,1000,"bu","11:13:33",1705400
13700,-300,1800,"sd","11:13:47",1707200
13700,-300,3700,"bu","11:14:03",1710900
13700,-300,200,"bu","11:14:23",1711100
13700,-300,5000,"sd","11:14:26",1716100
13700,-300,100,"bu","11:14:39",1716200
13700,-300,1000,"bu","11:14:56",1717200
13700,-300,300,"sd","11:15:05",1717500
13700,-300,2500,"sd","11:16:04",1720000
13700,-300,1000,"bu","11:16:58",1721000
13700,-300,1100,"bu","11:18:23",1722100
13700,-300,1000,"bu","11:18:35",1723100
13650,-350,9800,"bu","11:18:56",1732900
13700,-300,100,"sd","11:21:49",1733000
13700,-300,200,"sd","11:23:06",1733200
13650,-350,5400,"sd","11:24:03",1738600
13650,-350,50000,"sd","11:25:17",1788600
13650,-350,15200,"bu","11:26:23",1803800
13700,-300,100,"sd","11:26:29",1803900
13700,-300,700,"bu","11:26:41",1804600
13650,-350,100,"bu","11:27:06",1804700
13650,-350,5200,"sd","11:27:50",1809900
13650,-350,300,"bu","11:28:44",1810200
13650,-350,400,"sd","11:28:50",1810600
13700,-300,700,"sd","11:29:15",1811300
13600,-400,20000,"bu","13:00:17",1831300
13600,-400,11200,"bu","13:00:21",1842500
13650,-350,400,"bu","13:00:27",1842900
13650,-350,200,"bu","13:00:43",1843100
13600,-400,100,"bu","13:00:47",1843200
13600,-400,2600,"sd","13:01:02",1845800
13600,-400,10000,"bu","13:01:10",1855800
13650,-350,2000,"bu","13:01:14",1857800
13650,-350,2000,"bu","13:01:29",1859800
13650,-350,1700,"sd","13:01:50",1861500
13600,-400,200,"sd","13:01:58",1861700
13600,-400,500,"bu","13:02:06",1862200
13600,-400,4300,"bu","13:03:16",1866500
13600,-400,1100,"bu","13:03:26",1867600
13600,-400,500,"sd","13:04:05",1868100
13650,-350,20700,"sd","13:04:50",1888800
13700,-300,900,"sd","13:05:51",1889700
13650,-350,2000,"sd","13:06:32",1891700
13650,-350,1000,"sd","13:06:48",1892700
13700,-300,300,"bu","13:06:54",1893000
13650,-350,26300,"sd","13:07:12",1919300
13650,-350,1000,"sd","13:07:18",1920300
13650,-350,5000,"bu","13:07:24",1925300
13650,-350,8900,"sd","13:07:28",1934200
13650,-350,500,"bu","13:07:31",1934700
13650,-350,700,"bu","13:07:40",1935400
13650,-350,5000,"sd","13:07:50",1940400
13650,-350,1000,"sd","13:07:58",1941400
13650,-350,2000,"bu","13:08:02",1943400
13650,-350,200,"bu","13:08:18",1943600
13650,-350,2500,"sd","13:08:25",1946100
13650,-350,500,"bu","13:08:51",1946600
13650,-350,200,"bu","13:09:18",1946800
13650,-350,26000,"sd","13:09:29",1972800
13650,-350,800,"bu","13:09:55",1973600
13650,-350,1000,"bu","13:10:59",1974600
13650,-350,10000,"sd","13:11:40",1984600
13700,-300,100,"bu","13:11:55",1984700
13700,-300,1100,"sd","13:12:55",1985800
13700,-300,1500,"sd","13:12:59",1987300
13700,-300,10000,"bu","13:13:23",1997300
13650,-350,200,"sd","13:13:41",1997500
13650,-350,1000,"bu","13:14:37",1998500
13650,-350,41900,"sd","13:15:15",2040400
13650,-350,2000,"sd","13:15:29",2042400
13650,-350,1200,"sd","13:15:40",2043600
13650,-350,9100,"sd","13:15:43",2052700
13650,-350,500,"sd","13:15:49",2053200
13650,-350,7700,"sd","13:16:03",2060900
13650,-350,100,"sd","13:16:18",2061000
13650,-350,2000,"bu","13:16:22",2063000
13650,-350,100,"bu","13:16:25",2063100
13650,-350,600,"sd","13:16:32",2063700
13700,-300,100,"bu","13:16:48",2063800
13700,-300,2600,"bu","13:17:20",2066400
13700,-300,100,"bu","13:17:23",2066500
13650,-350,300,"sd","13:17:36",2066800
13650,-350,5000,"sd","13:18:34",2071800
13650,-350,9000,"bu","13:19:48",2080800
13650,-350,3700,"sd","13:19:54",2084500
13650,-350,3400,"bu","13:20:26",2087900
13650,-350,500,"bu","13:20:54",2088400
13650,-350,4000,"sd","13:21:04",2092400
13700,-300,700,"sd","13:21:23",2093100
13650,-350,33600,"bu","13:22:14",2126700
13650,-350,700,"sd","13:22:20",2127400
13600,-400,500,"sd","13:23:01",2127900
13650,-350,700,"bu","13:23:17",2128600
13650,-350,500,"bu","13:23:24",2129100
13650,-350,1000,"bu","13:23:39",2130100
13600,-400,50500,"bu","13:25:23",2180600
13650,-350,79700,"bu","13:25:26",2260300
13650,-350,2900,"bu","13:25:33",2263200
13650,-350,500,"sd","13:26:40",2263700
13600,-400,2000,"bu","13:28:02",2265700
13600,-400,9900,"sd","13:28:12",2275600
13600,-400,600,"sd","13:28:34",2276200
13600,-400,2500,"sd","13:29:12",2278700
13600,-400,500,"bu","13:29:15",2279200
13600,-400,5000,"bu","13:29:35",2284200
13600,-400,1500,"bu","13:29:52",2285700
13600,-400,500,"sd","13:30:16",2286200
13600,-400,1000,"bu","13:30:33",2287200
13600,-400,900,"sd","13:30:52",2288100
13600,-400,100,"bu","13:30:56",2288200
13600,-400,200,"sd","13:30:59",2288400
13600,-400,100,"bu","13:31:05",2288500
13600,-400,2900,"bu","13:31:08",2291400
13600,-400,100,"bu","13:31:32",2291500
13600,-400,1000,"bu","13:31:45",2292500
13600,-400,800,"sd","13:31:55",2293300
13600,-400,100,"sd","13:32:08",2293400
13550,-450,14000,"sd","13:33:16",2307400
13600,-400,100,"sd","13:33:34",2307500
13600,-400,2000,"bu","13:33:45",2309500
13550,-450,3000,"bu","13:33:59",2312500
13600,-400,1000,"bu","13:34:02",2313500
13600,-400,1200,"sd","13:34:32",2314700
13600,-400,1800,"bu","13:34:35",2316500
13600,-400,600,"sd","13:34:54",2317100
13600,-400,900,"bu","13:35:37",2318000
13600,-400,3000,"bu","13:35:40",2321000
13600,-400,200,"bu","13:36:03",2321200
13600,-400,100,"bu","13:36:06",2321300
13600,-400,500,"sd","13:36:10",2321800
13600,-400,600,"bu","13:36:23",2322400
13600,-400,3800,"sd","13:36:26",2326200
13600,-400,2500,"bu","13:37:03",2328700
13600,-400,100,"bu","13:37:21",2328800
13600,-400,600,"sd","13:37:42",2329400
13600,-400,2100,"sd","13:38:29",2331500
13650,-350,1000,"sd","13:38:39",2332500
13650,-350,2500,"bu","13:38:52",2335000
13650,-350,200,"bu","13:39:06",2335200
13650,-350,300,"sd","13:39:51",2335500
13650,-350,55800,"bu","13:40:19",2391300
13700,-300,2100,"bu","13:40:26",2393400
13700,-300,100,"sd","13:41:25",2393500
13700,-300,2000,"sd","13:41:29",2395500
13700,-300,5500,"sd","13:41:36",2401000
13700,-300,500,"sd","13:42:05",2401500
13700,-300,200,"bu","13:42:17",2401700
13700,-300,5000,"sd","13:42:29",2406700
13700,-300,100,"sd","13:43:17",2406800
13700,-300,200,"sd","13:43:43",2407000
13700,-300,1000,"sd","13:44:07",2408000
13700,-300,600,"sd","13:44:29",2408600
13700,-300,300,"sd","13:45:01",2408900
13700,-300,5500,"bu","13:45:15",2414400
13700,-300,100,"sd","13:45:21",2414500
13700,-300,10000,"sd","13:45:31",2424500
13700,-300,400,"sd","13:45:44",2424900
13750,-250,1000,"sd","13:46:42",2425900
13700,-300,5000,"sd","13:47:15",2430900
13700,-300,100,"bu","13:47:22",2431000
13750,-250,1500,"sd","13:48:09",2432500
13700,-300,3000,"bu","13:48:36",2435500
13700,-300,15200,"bu","13:48:46",2450700
13700,-300,8900,"bu","13:49:38",2459600
13650,-350,100000,"sd","13:49:48",2559600
13650,-350,3200,"sd","13:50:07",2562800
13650,-350,5000,"sd","13:50:44",2567800
13600,-400,100,"sd","13:52:39",2567900
13600,-400,28300,"bu","13:53:03",2596200
13600,-400,200,"sd","13:53:42",2596400
13600,-400,700,"sd","13:54:07",2597100
13600,-400,3000,"bu","13:54:15",2600100
13600,-400,1800,"sd","13:54:22",2601900
13600,-400,3900,"sd","13:54:26",2605800
13600,-400,1500,"sd","13:54:37",2607300
13600,-400,1700,"bu","13:55:06",2609000
13600,-400,5600,"bu","13:55:13",2614600
13600,-400,1000,"sd","13:55:48",2615600
13600,-400,1300,"sd","13:57:10",2616900
13600,-400,600,"sd","13:57:17",2617500
13600,-400,5400,"bu","13:57:46",2622900
13600,-400,100,"bu","13:57:55",2623000
13600,-400,1000,"bu","13:57:58",2624000
13600,-400,200,"sd","13:58:10",2624200
13600,-400,600,"bu","13:58:25",2624800
13600,-400,10600,"bu","13:58:48",2635400
13600,-400,1000,"bu","13:58:52",2636400
13600,-400,5000,"bu","13:59:06",2641400
13600,-400,100,"sd","13:59:13",2641500
13600,-400,1200,"bu","13:59:29",2642700
13600,-400,200,"sd","13:59:33",2642900
13600,-400,100,"sd","13:59:36",2643000
13600,-400,700,"bu","13:59:40",2643700
13600,-400,1200,"sd","13:59:55",2644900
13600,-400,300,"bu","14:00:01",2645200
13600,-400,1300,"bu","14:00:05",2646500
13550,-450,5000,"sd","14:00:09",2651500
13600,-400,2000,"bu","14:00:15",2653500
13600,-400,20400,"bu","14:00:19",2673900
13600,-400,1000,"sd","14:00:27",2674900
13600,-400,12200,"bu","14:00:30",2687100
13600,-400,77400,"sd","14:01:00",2764500
13600,-400,2100,"bu","14:01:04",2766600
13600,-400,5100,"sd","14:01:12",2771700
13600,-400,2100,"bu","14:01:16",2773800
13600,-400,25000,"sd","14:01:28",2798800
13600,-400,8300,"bu","14:01:32",2807100
13700,-300,20000,"sd","14:01:48",2827100
13700,-300,100,"sd","14:02:41",2827200
13700,-300,10000,"sd","14:03:34",2837200
13700,-300,800,"sd","14:03:49",2838000
13700,-300,100,"sd","14:04:05",2838100
13700,-300,500,"bu","14:04:12",2838600
13700,-300,100,"bu","14:04:24",2838700
13700,-300,700,"bu","14:05:30",2839400
13650,-350,1800,"sd","14:06:03",2841200
13650,-350,1000,"bu","14:06:40",2842200
13650,-350,5000,"sd","14:06:44",2847200
13650,-350,2800,"bu","14:06:48",2850000
13650,-350,7200,"sd","14:06:53",2857200
13650,-350,1000,"sd","14:07:23",2858200
13650,-350,4700,"bu","14:07:44",2862900
13650,-350,100,"bu","14:07:55",2863000
13650,-350,500,"bu","14:07:58",2863500
13650,-350,2000,"sd","14:08:12",2865500
13650,-350,700,"sd","14:08:30",2866200
13650,-350,500,"bu","14:09:19",2866700
13650,-350,1200,"bu","14:09:26",2867900
13650,-350,1000,"sd","14:09:56",2868900
13650,-350,300,"sd","14:10:11",2869200
13650,-350,100,"sd","14:10:48",2869300
13650,-350,5000,"sd","14:11:28",2874300
13650,-350,2400,"bu","14:11:39",2876700
13600,-400,2200,"bu","14:12:16",2878900
13650,-350,100,"sd","14:13:52",2879000
13650,-350,1100,"bu","14:15:04",2880100
13650,-350,100,"sd","14:15:15",2880200
13600,-400,1000,"bu","14:15:33",2881200
13650,-350,5500,"sd","14:16:53",2886700
13650,-350,2500,"sd","14:17:16",2889200
13650,-350,3000,"sd","14:17:37",2892200
13600,-400,20000,"bu","14:17:52",2912200
13650,-350,12700,"bu","14:18:17",2924900
13650,-350,600,"sd","14:18:29",2925500
13650,-350,200,"sd","14:18:57",2925700
13650,-350,1000,"sd","14:19:09",2926700
13650,-350,200,"sd","14:19:32",2926900
13650,-350,5000,"sd","14:19:36",2931900
13700,-300,3400,"sd","14:20:23",2935300
13700,-300,2600,"bu","14:20:44",2937900
13650,-350,200,"sd","14:20:53",2938100
13700,-300,400,"bu","14:20:57",2938500
13700,-300,100,"bu","14:21:05",2938600
13700,-300,400,"sd","14:21:35",2939000
13700,-300,2600,"sd","14:22:11",2941600
13650,-350,300,"bu","14:22:14",2941900
13750,-250,500,"sd","14:22:44",2942400
13750,-250,20500,"sd","14:24:27",2962900
13750,-250,300,"bu","14:24:57",2963200
13750,-250,500,"sd","14:25:08",2963700
13750,-250,700,"sd","14:25:12",2964400
13750,-250,400,"sd","14:25:16",2964800
13750,-250,2900,"sd","14:25:24",2967700
13700,-300,13400,"sd","14:25:46",2981100
13700,-300,1600,"bu","14:26:02",2982700
13700,-300,200,"bu","14:26:18",2982900
13700,-300,5000,"bu","14:26:59",2987900
13700,-300,2000,"bu","14:27:36",2989900
13700,-300,5000,"bu","14:27:41",2994900
13700,-300,9300,"bu","14:27:46",3004200
13700,-300,30700,"bu","14:28:02",3034900
13700,-300,100,"sd","14:28:25",3035000
13700,-300,1600,"sd","14:29:21",3036600
13700,-300,100,"sd","14:29:53",3036700
13700,-300,700,"sd","14:29:57",3037400
13650,-350,63900,"bu","14:45:17",3101300
