"price","change","match_qtty","side","time","total_vol"
15400,600,50000,"bu","09:00:12",50000
15100,300,2000,"bu","09:02:01",52000
15200,400,100000,"bu","09:02:46",152000
15200,400,10000,"bu","09:02:54",162000
15200,400,2000,"sd","09:03:28",164000
15300,500,53000,"bu","09:03:37",217000
15300,500,2000,"bu","09:04:07",219000
15300,500,5000,"bu","09:04:11",224000
15300,500,1000,"bu","09:04:36",225000
15300,500,5000,"bu","09:04:42",230000
15300,500,3000,"sd","09:06:05",233000
15300,500,8000,"sd","09:06:13",241000
15300,500,43000,"bu","09:06:19",284000
15300,500,60000,"bu","09:07:04",344000
15200,400,120000,"sd","09:07:18",464000
15200,400,60000,"sd","09:07:26",524000
15300,500,10000,"bu","09:07:37",534000
15200,400,90000,"sd","09:07:43",624000
15200,400,70000,"sd","09:08:08",694000
15200,400,88000,"sd","09:08:18",782000
15200,400,12000,"bu","09:08:34",794000
15300,500,40000,"sd","09:09:09",834000
15300,500,5000,"sd","09:09:21",839000
15300,500,6000,"sd","09:09:22",845000
15300,500,50000,"sd","09:09:37",895000
15400,600,100000,"bu","09:10:05",995000
15400,600,1000,"bu","09:10:30",996000
15300,500,50000,"bu","09:11:19",1046000
15300,500,1000,"bu","09:12:31",1047000
15400,600,51000,"bu","09:12:46",1098000
15400,600,150000,"sd","09:12:50",1248000
15400,600,20000,"sd","09:12:51",1268000
15400,600,7000,"bu","09:12:57",1275000
15300,500,100000,"sd","09:13:10",1375000
15400,600,50000,"sd","09:13:13",1425000
15300,500,120000,"sd","09:13:27",1545000
15300,500,80000,"bu","09:13:42",1625000
15400,600,30000,"sd","09:13:58",1655000
15400,600,5000,"sd","09:13:59",1660000
15400,600,5000,"bu","09:14:01",1665000
15400,600,5000,"sd","09:14:05",1670000
15500,700,120000,"bu","09:14:23",1790000
15500,700,1000,"sd","09:14:32",1791000
15500,700,15000,"bu","09:14:33",1806000
15500,700,7000,"sd","09:14:35",1813000
15500,700,3000,"bu","09:14:41",1816000
15500,700,30000,"bu","09:14:47",1846000
15600,800,7000,"sd","09:15:05",1853000
15500,700,110000,"bu","09:15:06",1963000
15600,800,14000,"sd","09:15:14",1977000
15600,800,40000,"bu","09:15:21",2017000
15700,900,2000,"bu","09:15:30",2019000
15600,800,20000,"sd","09:15:32",2039000
15800,1000,18000,"bu","09:15:44",2057000
15900,1100,12000,"bu","09:15:59",2069000
15900,1100,14000,"bu","09:16:00",2083000
15900,1100,30000,"sd","09:16:17",2113000
16000,1200,9000,"bu","09:16:18",2122000
16000,1200,20000,"sd","09:16:19",2142000
16000,1200,7000,"bu","09:16:20",2149000
16100.000000000002,1300,21000,"bu","09:16:25",2170000
16000,1200,20000,"bu","09:16:27",2190000
16100.000000000002,1300,5000,"sd","09:16:28",2195000
16100.000000000002,1300,10000,"sd","09:16:32",2205000
16100.000000000002,1300,2000,"bu","09:16:33",2207000
16100.000000000002,1300,13000,"sd","09:16:36",2220000
16100.000000000002,1300,26000,"bu","09:16:44",2246000
16200,1400,50000,"bu","09:16:47",2296000
16100.000000000002,1300,3000,"bu","09:16:54",2299000
16200,1400,20000,"sd","09:17:06",2319000
16200,1400,5000,"sd","09:17:10",2324000
16200,1400,6000,"bu","09:17:15",2330000
16200,1400,30000,"bu","09:17:18",2360000
16200,1400,10000,"bu","09:17:22",2370000
16200,1400,8000,"sd","09:17:23",2378000
16100.000000000002,1300,23000,"bu","09:17:24",2401000
16100.000000000002,1300,2000,"sd","09:17:27",2403000
16200,1400,90000,"bu","09:17:28",2493000
16100.000000000002,1300,10000,"bu","09:17:30",2503000
16200,1400,6000,"bu","09:17:38",2509000
16100.000000000002,1300,1000,"sd","09:17:40",2510000
16100.000000000002,1300,40000,"bu","09:17:43",2550000
16200,1400,35000,"bu","09:17:48",2585000
16200,1400,100000,"bu","09:17:49",2685000
16200,1400,88000,"sd","09:17:50",2773000
16200,1400,13000,"sd","09:17:51",2786000
16200,1400,8000,"sd","09:17:52",2794000
16200,1400,3000,"bu","09:18:00",2797000
16200,1400,19000,"bu","09:18:07",2816000
16100.000000000002,1300,44000,"bu","09:18:08",2860000
16200,1400,2000,"sd","09:18:17",2862000
16200,1400,10000,"sd","09:18:22",2872000
16100.000000000002,1300,36000,"sd","09:18:25",2908000
16200,1400,5000,"sd","09:18:31",2913000
16200,1400,3000,"sd","09:18:35",2916000
16100.000000000002,1300,4000,"bu","09:18:48",2920000
16200,1400,1000,"bu","09:18:50",2921000
16200,1400,5000,"sd","09:18:51",2926000
16100.000000000002,1300,100000,"sd","09:18:52",3026000
16200,1400,20000,"bu","09:19:04",3046000
16200,1400,22000,"bu","09:19:07",3068000
16200,1400,30000,"sd","09:19:10",3098000
16100.000000000002,1300,30000,"bu","09:19:12",3128000
16100.000000000002,1300,1000,"bu","09:19:13",3129000
16100.000000000002,1300,73000,"sd","09:19:16",3202000
16100.000000000002,1300,13000,"sd","09:19:18",3215000
16100.000000000002,1300,1000,"sd","09:19:22",3216000
16100.000000000002,1300,10000,"bu","09:19:45",3226000
16100.000000000002,1300,10000,"bu","09:19:47",3236000
16100.000000000002,1300,3000,"sd","09:19:54",3239000
16100.000000000002,1300,1000,"bu","09:20:00",3240000
16100.000000000002,1300,1000,"bu","09:20:03",3241000
16100.000000000002,1300,100000,"sd","09:20:11",3341000
16100.000000000002,1300,9000,"sd","09:20:13",3350000
16200,1400,22000,"bu","09:20:17",3372000
16100.000000000002,1300,6000,"sd","09:20:20",3378000
16100.000000000002,1300,20000,"bu","09:20:31",3398000
16100.000000000002,1300,8000,"bu","09:20:43",3406000
16200,1400,30000,"sd","09:21:01",3436000
16100.000000000002,1300,2000,"sd","09:21:03",3438000
16100.000000000002,1300,6000,"sd","09:21:26",3444000
16100.000000000002,1300,10000,"sd","09:21:40",3454000
16100.000000000002,1300,7000,"bu","09:21:44",3461000
16200,1400,6000,"bu","09:21:46",3467000
16200,1400,15000,"bu","09:22:12",3482000
16200,1400,3000,"bu","09:22:17",3485000
16200,1400,50000,"bu","09:22:33",3535000
16200,1400,5000,"sd","09:22:51",3540000
16200,1400,5000,"bu","09:23:00",3545000
16200,1400,1000,"bu","09:23:12",3546000
16200,1400,50000,"bu","09:23:21",3596000
16200,1400,1000,"sd","09:23:28",3597000
16200,1400,15000,"sd","09:23:38",3612000
16200,1400,9000,"sd","09:23:41",3621000
16200,1400,5000,"sd","09:23:43",3626000
16200,1400,25000,"bu","09:23:48",3651000
16200,1400,200000,"bu","09:23:50",3851000
16200,1400,45000,"bu","09:23:52",3896000
16200,1400,5000,"bu","09:23:53",3901000
16200,1400,5000,"bu","09:23:58",3906000
16200,1400,10000,"sd","09:24:01",3916000
16200,1400,1000,"sd","09:24:08",3917000
16200,1400,100000,"sd","09:24:10",4017000
16200,1400,2000,"sd","09:24:11",4019000
16200,1400,360000,"bu","09:24:12",4379000
16200,1400,10000,"bu","09:24:14",4389000
16200,1400,82000,"sd","09:24:15",4471000
16200,1400,1000,"bu","09:24:16",4472000
16200,1400,84000,"bu","09:24:17",4556000
16200,1400,6000,"sd","09:24:36",4562000
16200,1400,60000,"bu","09:24:43",4622000
16200,1400,10000,"bu","09:25:11",4632000
16200,1400,95000,"sd","09:25:34",4727000
16200,1400,1000,"bu","09:26:07",4728000
16200,1400,2000,"bu","09:26:09",4730000
16200,1400,1000,"sd","09:26:43",4731000
16200,1400,1000,"sd","09:26:58",4732000
16200,1400,391000,"sd","09:27:12",5123000
16200,1400,3000,"sd","09:27:21",5126000
16200,1400,90000,"bu","09:27:23",5216000
16200,1400,11000,"bu","09:27:32",5227000
16200,1400,35000,"sd","09:27:48",5262000
16200,1400,10000,"bu","09:28:14",5272000
16200,1400,20000,"bu","09:29:09",5292000
16200,1400,40000,"bu","09:29:18",5332000
16200,1400,10000,"bu","09:30:12",5342000
16200,1400,98000,"sd","09:30:13",5440000
16200,1400,75000,"bu","09:30:19",5515000
16200,1400,1000,"bu","09:30:27",5516000
16200,1400,10000,"bu","09:30:28",5526000
16200,1400,10000,"sd","09:30:36",5536000
16200,1400,56000,"sd","09:30:42",5592000
16200,1400,123000,"bu","09:30:48",5715000
16200,1400,65000,"sd","09:30:54",5780000
16200,1400,10000,"bu","09:31:11",5790000
16200,1400,10000,"sd","09:31:32",5800000
16200,1400,35000,"bu","09:31:39",5835000
16200,1400,10000,"sd","09:32:13",5845000
16200,1400,4000,"sd","09:32:20",5849000
16200,1400,20000,"bu","09:33:34",5869000
16200,1400,20000,"sd","09:33:35",5889000
16200,1400,5000,"bu","09:33:39",5894000
16200,1400,40000,"bu","09:34:03",5934000
16200,1400,2000,"sd","09:34:53",5936000
16200,1400,4000,"sd","09:34:54",5940000
16200,1400,32000,"sd","09:34:57",5972000
16200,1400,30000,"bu","09:35:10",6002000
16200,1400,56000,"sd","09:35:20",6058000
16200,1400,20000,"sd","09:35:25",6078000
16200,1400,3000,"bu","09:36:01",6081000
16200,1400,4000,"sd","09:37:32",6085000
16200,1400,10000,"sd","09:38:01",6095000
16200,1400,14000,"sd","09:38:23",6109000
16200,1400,5000,"bu","09:38:25",6114000
16200,1400,10000,"bu","09:38:37",6124000
16200,1400,50000,"sd","09:38:38",6174000
16200,1400,3000,"bu","09:39:35",6177000
16200,1400,10000,"sd","09:39:47",6187000
16200,1400,7000,"sd","09:39:55",6194000
16200,1400,6000,"bu","09:39:56",6200000
16200,1400,50000,"bu","09:39:59",6250000
16200,1400,33000,"sd","09:40:23",6283000
16200,1400,50000,"sd","09:40:30",6333000
16200,1400,1000,"bu","09:41:22",6334000
16200,1400,85000,"bu","09:41:39",6419000
16200,1400,2000,"bu","09:43:00",6421000
16200,1400,1000,"sd","09:44:56",6422000
16200,1400,14000,"sd","09:45:10",6436000
16200,1400,5000,"bu","09:45:27",6441000
16200,1400,10000,"sd","09:45:36",6451000
16200,1400,1000,"sd","09:45:41",6452000
16200,1400,39000,"sd","09:46:13",6491000
16200,1400,50000,"bu","09:46:55",6541000
16200,1400,4000,"bu","09:47:16",6545000
16200,1400,20000,"sd","09:48:35",6565000
16200,1400,23000,"bu","09:48:43",6588000
16200,1400,1000,"bu","09:48:47",6589000
16200,1400,30000,"sd","09:48:59",6619000
16200,1400,30000,"sd","09:49:16",6649000
16200,1400,768000,"bu","09:49:20",7417000
16200,1400,2000,"bu","09:49:24",7419000
16200,1400,10000,"bu","09:49:26",7429000
16200,1400,10000,"sd","09:49:48",7439000
16200,1400,5000,"bu","09:49:49",7444000
16200,1400,10000,"bu","09:49:52",7454000
16200,1400,3000,"bu","09:49:55",7457000
16200,1400,7000,"bu","09:49:58",7464000
16200,1400,65000,"bu","09:50:01",7529000
16200,1400,1000,"sd","09:50:04",7530000
16200,1400,129000,"sd","09:50:05",7659000
16200,1400,9000,"bu","09:50:06",7668000
16200,1400,40000,"sd","09:50:08",7708000
16200,1400,133000,"bu","09:50:11",7841000
16200,1400,5000,"bu","09:50:13",7846000
16200,1400,13000,"bu","09:50:14",7859000
16200,1400,20000,"bu","09:50:15",7879000
16200,1400,5000,"sd","09:50:17",7884000
16200,1400,10000,"bu","09:50:20",7894000
16200,1400,34000,"bu","09:50:24",7928000
16200,1400,43000,"bu","09:50:25",7971000
16200,1400,110000,"bu","09:50:26",8081000
16200,1400,6000,"sd","09:50:29",8097000
16200,1400,24000,"sd","09:50:31",8121000
16200,1400,10000,"bu","09:50:36",8131000
16200,1400,15000,"bu","09:50:37",8146000
16200,1400,1500000,"sd","09:50:41",9646000
16200,1400,146000,"bu","09:50:43",9792000
16100.000000000002,1300,17000,"sd","09:50:44",9809000
16100.000000000002,1300,3000,"sd","09:50:53",9812000
16100.000000000002,1300,10000,"bu","09:50:58",9822000
16100.000000000002,1300,30000,"sd","09:51:01",9852000
16000,1200,58000,"sd","09:51:03",9910000
16000,1200,6000,"bu","09:51:15",9916000
15900,1100,50000,"bu","09:51:43",9966000
15900,1100,50000,"sd","09:51:45",10016000
15900,1100,23000,"bu","09:51:49",10039000
16000,1200,2000,"bu","09:51:50",10041000
16000,1200,10000,"bu","09:51:51",10051000
16000,1200,4000,"bu","09:51:52",10055000
16000,1200,20000,"bu","09:51:54",10075000
16000,1200,2000,"sd","09:51:57",10077000
15900,1100,10000,"bu","09:52:00",10087000
16000,1200,10000,"sd","09:52:02",10097000
15900,1100,3000,"sd","09:52:14",10100000
15900,1100,15000,"sd","09:52:22",10115000
16000,1200,5000,"bu","09:52:33",10120000
16000,1200,51000,"bu","09:52:53",10171000
15900,1100,23000,"sd","09:52:54",10194000
16000,1200,3000,"bu","09:52:56",10197000
15900,1100,50000,"sd","09:53:05",10247000
16200,1400,482000,"sd","09:53:11",10729000
16200,1400,4000,"bu","09:53:13",10733000
16200,1400,20000,"sd","09:53:25",10753000
16200,1400,5000,"sd","09:53:32",10758000
16200,1400,1000,"sd","09:53:35",10759000
16200,1400,5000,"bu","09:53:37",10764000
16200,1400,5000,"bu","09:53:44",10769000
16200,1400,10000,"sd","09:53:46",10779000
16200,1400,1000,"sd","09:54:00",10780000
16200,1400,1000,"sd","09:54:05",10781000
16100.000000000002,1300,1000,"sd","09:54:14",10782000
16100.000000000002,1300,1000,"sd","09:54:44",10783000
16200,1400,46000,"sd","09:54:47",10829000
16200,1400,2000,"sd","09:54:54",10831000
16100.000000000002,1300,20000,"bu","09:54:58",10851000
16100.000000000002,1300,2000,"sd","09:55:18",10853000
16200,1400,56000,"bu","09:55:24",10909000
16200,1400,5000,"sd","09:55:31",10914000
16200,1400,30000,"sd","09:56:09",10944000
16200,1400,3000,"sd","09:56:17",10947000
16200,1400,34000,"bu","09:56:31",10981000
16200,1400,10000,"bu","09:56:35",10991000
16200,1400,20000,"bu","09:56:39",11011000
16200,1400,100000,"sd","09:56:50",11111000
16200,1400,50000,"sd","09:56:53",11161000
16200,1400,50000,"sd","09:56:57",11211000
16200,1400,300000,"bu","09:56:58",11511000
16200,1400,58000,"bu","09:57:00",11569000
16200,1400,103000,"bu","09:57:02",11672000
16200,1400,81000,"sd","09:57:29",11753000
16200,1400,1000,"bu","09:57:38",11754000
16200,1400,5000,"bu","09:57:40",11759000
16200,1400,50000,"bu","09:58:25",11809000
16200,1400,1000,"bu","09:58:37",11810000
16200,1400,2000,"bu","09:58:38",11812000
16200,1400,3000,"sd","09:58:43",11815000
16200,1400,30000,"sd","09:59:11",11845000
16200,1400,20000,"sd","09:59:30",11865000
16200,1400,5000,"sd","09:59:43",11870000
16200,1400,50000,"bu","09:59:51",11920000
16200,1400,10000,"bu","09:59:52",11930000
16200,1400,10000,"bu","09:59:58",11940000
16200,1400,50000,"bu","09:59:59",11990000
16200,1400,5000,"sd","10:00:00",11995000
16200,1400,1000,"bu","10:00:03",11996000
16200,1400,2000,"sd","10:00:05",11998000
16200,1400,1000,"sd","10:00:24",11999000
16200,1400,5000,"sd","10:00:36",12004000
16200,1400,65000,"bu","10:00:37",12069000
16200,1400,5000,"sd","10:00:45",12074000
16200,1400,20000,"sd","10:00:48",12094000
16200,1400,24000,"sd","10:00:49",12118000
16200,1400,7000,"sd","10:01:00",12125000
16200,1400,141000,"sd","10:01:06",12266000
16100.000000000002,1300,8000,"sd","10:01:39",12274000
16200,1400,10000,"bu","10:01:49",12284000
16100.000000000002,1300,2000,"sd","10:01:54",12286000
16200,1400,10000,"sd","10:02:01",12296000
16100.000000000002,1300,5000,"sd","10:02:08",12301000
16200,1400,100000,"bu","10:02:12",12401000
16100.000000000002,1300,2000,"sd","10:02:29",12403000
16200,1400,213000,"sd","10:02:57",12616000
16100.000000000002,1300,70000,"bu","10:03:03",12686000
16100.000000000002,1300,3000,"bu","10:03:07",12689000
16100.000000000002,1300,1000,"bu","10:03:30",12690000
16100.000000000002,1300,74000,"bu","10:03:33",12764000
16100.000000000002,1300,25000,"bu","10:03:58",12789000
16100.000000000002,1300,10000,"sd","10:04:04",12799000
16000,1200,33000,"bu","10:04:11",12832000
16100.000000000002,1300,70000,"bu","10:04:17",12902000
16100.000000000002,1300,1000,"bu","10:04:30",12903000
16000,1200,30000,"bu","10:04:32",12933000
16100.000000000002,1300,50000,"bu","10:04:38",12983000
16100.000000000002,1300,15000,"sd","10:04:42",12998000
16000,1200,2000,"sd","10:04:43",13000000
16100.000000000002,1300,30000,"bu","10:04:50",13030000
16100.000000000002,1300,2000,"sd","10:05:11",13032000
16000,1200,85000,"sd","10:05:39",13117000
16000,1200,50000,"sd","10:05:53",13167000
16000,1200,149000,"bu","10:06:06",13316000
16100.000000000002,1300,13000,"bu","10:06:09",13329000
16000,1200,8000,"sd","10:06:10",13337000
16000,1200,20000,"bu","10:06:12",13357000
15900,1100,5000,"sd","10:06:33",13362000
16000,1200,1000,"sd","10:06:50",13363000
16000,1200,1000,"bu","10:07:36",13364000
16000,1200,5000,"sd","10:07:50",13369000
16000,1200,5000,"sd","10:08:02",13374000
16000,1200,10000,"bu","10:08:06",13384000
16000,1200,11000,"bu","10:08:14",13395000
16000,1200,3000,"bu","10:08:20",13398000
16000,1200,3000,"sd","10:08:28",13401000
16000,1200,23000,"bu","10:09:02",13424000
16100.000000000002,1300,40000,"bu","10:09:12",13464000
16000,1200,4000,"sd","10:10:23",13468000
16000,1200,37000,"bu","10:10:30",13505000
16000,1200,34000,"sd","10:10:31",13539000
16000,1200,5000,"sd","10:10:37",13544000
16000,1200,11000,"bu","10:10:45",13555000
16100.000000000002,1300,23000,"bu","10:11:03",13578000
16100.000000000002,1300,50000,"bu","10:11:05",13628000
16100.000000000002,1300,1000,"bu","10:11:55",13629000
16100.000000000002,1300,30000,"bu","10:12:06",13659000
16100.000000000002,1300,36000,"sd","10:12:38",13695000
16100.000000000002,1300,30000,"bu","10:12:42",13725000
16100.000000000002,1300,9000,"sd","10:12:53",13734000
16100.000000000002,1300,100000,"sd","10:12:56",13834000
16100.000000000002,1300,1000,"bu","10:13:02",13835000
16100.000000000002,1300,20000,"bu","10:13:08",13855000
16100.000000000002,1300,9000,"bu","10:13:14",13864000
16100.000000000002,1300,12000,"sd","10:13:45",13876000
16100.000000000002,1300,1000,"sd","10:13:46",13877000
16200,1400,12000,"bu","10:13:47",13889000
16200,1400,10000,"sd","10:14:40",13899000
16200,1400,160000,"sd","10:15:04",14059000
16200,1400,33000,"bu","10:15:18",14092000
16200,1400,2000,"sd","10:15:30",14094000
16100.000000000002,1300,10000,"bu","10:15:36",14104000
16200,1400,5000,"bu","10:15:56",14109000
16100.000000000002,1300,20000,"bu","10:16:12",14129000
16200,1400,16000,"bu","10:16:31",14145000
16100.000000000002,1300,80000,"bu","10:16:41",14225000
16200,1400,10000,"sd","10:17:22",14235000
16100.000000000002,1300,2000,"bu","10:18:36",14237000
16200,1400,100000,"sd","10:20:09",14337000
16200,1400,10000,"bu","10:20:12",14347000
16200,1400,20000,"sd","10:21:16",14367000
16200,1400,160000,"bu","10:21:50",14527000
16200,1400,12000,"bu","10:21:57",14539000
16200,1400,2000,"bu","10:21:59",14541000
16100.000000000002,1300,31000,"sd","10:22:02",14572000
16200,1400,200000,"sd","10:22:03",14772000
16200,1400,1000,"sd","10:22:04",14773000
16200,1400,30000,"sd","10:22:05",14803000
16200,1400,5000,"bu","10:22:09",14808000
16200,1400,40000,"sd","10:23:20",14848000
16200,1400,1000,"sd","10:23:26",14849000
16200,1400,5000,"sd","10:23:35",14854000
16200,1400,5000,"bu","10:24:20",14859000
16200,1400,10000,"sd","10:24:24",14869000
16200,1400,5000,"sd","10:24:45",14874000
16200,1400,4000,"bu","10:24:55",14878000
16200,1400,1000,"sd","10:25:09",14879000
16200,1400,1000,"bu","10:25:45",14880000
16200,1400,3000,"bu","10:26:06",14883000
16200,1400,12000,"sd","10:26:09",14895000
16200,1400,10000,"sd","10:26:20",14905000
16200,1400,70000,"sd","10:26:33",14975000
16200,1400,77000,"sd","10:26:54",15052000
16200,1400,50000,"sd","10:28:19",15102000
16200,1400,5000,"sd","10:31:03",15107000
16200,1400,10000,"sd","10:33:34",15117000
16200,1400,25000,"bu","10:34:12",15142000
16200,1400,100000,"sd","10:34:38",15242000
16200,1400,6000,"sd","10:34:55",15248000
16200,1400,1000,"bu","10:35:18",15249000
16200,1400,5000,"sd","10:35:23",15254000
16200,1400,62000,"bu","10:35:28",15316000
16200,1400,43000,"bu","10:35:36",15359000
16200,1400,194000,"sd","10:35:40",15553000
16200,1400,40000,"bu","10:35:50",15593000
16200,1400,20000,"bu","10:36:03",15613000
16200,1400,2000,"bu","10:36:04",15615000
16200,1400,5000,"bu","10:36:11",15620000
16200,1400,50000,"bu","10:36:18",15670000
16200,1400,35000,"bu","10:36:36",15705000
16200,1400,10000,"sd","10:36:41",15715000
16200,1400,10000,"sd","10:36:43",15725000
16200,1400,20000,"bu","10:36:44",15745000
16200,1400,1000,"bu","10:36:47",15746000
16200,1400,2000,"sd","10:36:55",15748000
16200,1400,8000,"sd","10:36:57",15756000
16200,1400,5000,"bu","10:37:10",15761000
16200,1400,20000,"sd","10:37:21",15781000
16200,1400,5000,"sd","10:37:38",15786000
16200,1400,2000,"sd","10:38:17",15788000
16100.000000000002,1300,1000,"bu","10:38:49",15789000
16100.000000000002,1300,35000,"sd","10:39:04",15824000
16100.000000000002,1300,4000,"sd","10:39:15",15828000
16100.000000000002,1300,3000,"bu","10:39:29",15831000
16100.000000000002,1300,3000,"bu","10:40:00",15834000
16200,1400,298000,"bu","10:40:46",16132000
16100.000000000002,1300,17000,"sd","10:41:03",16149000
16100.000000000002,1300,2000,"bu","10:41:10",16151000
16100.000000000002,1300,10000,"bu","10:41:18",16161000
16100.000000000002,1300,2000,"bu","10:42:24",16163000
16100.000000000002,1300,100000,"sd","10:42:36",16263000
16100.000000000002,1300,7000,"sd","10:42:45",16270000
16100.000000000002,1300,1000,"bu","10:42:47",16271000
16200,1400,200000,"bu","10:42:48",16471000
16100.000000000002,1300,3000,"sd","10:42:49",16474000
16100.000000000002,1300,3000,"sd","10:42:55",16477000
16000,1200,70000,"sd","10:43:58",16547000
16100.000000000002,1300,5000,"sd","10:44:31",16552000
16100.000000000002,1300,8000,"sd","10:44:47",16560000
16100.000000000002,1300,3000,"bu","10:45:25",16563000
16100.000000000002,1300,10000,"bu","10:45:50",16573000
16100.000000000002,1300,16000,"sd","10:46:05",16589000
16100.000000000002,1300,65000,"sd","10:47:05",16654000
16100.000000000002,1300,2000,"bu","10:47:11",16656000
16100.000000000002,1300,33000,"bu","10:47:48",16689000
16100.000000000002,1300,1000,"bu","10:50:15",16690000
16100.000000000002,1300,1000,"bu","10:51:36",16691000
16200,1400,20000,"bu","10:51:41",16711000
16200,1400,10000,"bu","10:52:26",16721000
16200,1400,40000,"bu","10:52:43",16761000
16200,1400,70000,"sd","10:53:44",16831000
16200,1400,1000,"bu","10:54:18",16832000
16100.000000000002,1300,10000,"sd","10:56:35",16842000
16200,1400,90000,"sd","10:56:41",16932000
16200,1400,4000,"sd","10:57:16",16936000
16200,1400,4000,"sd","10:57:40",16940000
16200,1400,1000,"sd","10:59:35",16941000
16100.000000000002,1300,28000,"sd","10:59:56",16969000
16100.000000000002,1300,5000,"bu","11:01:20",16974000
16200,1400,30000,"bu","11:01:37",17004000
16200,1400,1000,"sd","11:03:00",17005000
16100.000000000002,1300,2000,"bu","11:03:18",17007000
16100.000000000002,1300,1000,"sd","11:04:10",17008000
16100.000000000002,1300,124000,"bu","11:04:27",17132000
16000,1200,70000,"bu","11:04:31",17202000
16000,1200,15000,"sd","11:05:47",17217000
16100.000000000002,1300,9000,"sd","11:06:34",17226000
16000,1200,50000,"sd","11:06:36",17276000
16000,1200,4000,"bu","11:06:55",17280000
16000,1200,4000,"bu","11:07:40",17284000
16000,1200,2000,"sd","11:07:51",17286000
16000,1200,95000,"bu","11:07:56",17381000
16000,1200,61000,"bu","11:08:12",17442000
16000,1200,6000,"sd","11:08:44",17448000
16000,1200,17000,"bu","11:09:15",17465000
16000,1200,110000,"bu","11:09:17",17575000
16000,1200,1000,"bu","11:09:20",17576000
16000,1200,4000,"bu","11:09:29",17580000
16000,1200,20000,"bu","11:09:50",17600000
16000,1200,10000,"sd","11:10:36",17610000
16000,1200,10000,"sd","11:10:43",17620000
16100.000000000002,1300,66000,"sd","11:11:45",17686000
16100.000000000002,1300,1000,"bu","11:11:54",17687000
16100.000000000002,1300,13000,"bu","11:11:56",17700000
16200,1400,11000,"sd","11:12:29",17711000
16100.000000000002,1300,10000,"sd","11:14:51",17721000
16100.000000000002,1300,2000,"bu","11:15:17",17723000
16100.000000000002,1300,3000,"sd","11:16:29",17726000
16100.000000000002,1300,1000,"sd","11:16:49",17727000
16100.000000000002,1300,10000,"bu","11:16:57",17737000
16100.000000000002,1300,11000,"sd","11:18:27",17748000
16100.000000000002,1300,2000,"bu","11:19:06",17750000
16100.000000000002,1300,3000,"bu","11:19:53",17753000
16100.000000000002,1300,2000,"bu","11:20:16",17755000
16100.000000000002,1300,95000,"sd","11:20:23",17850000
16100.000000000002,1300,8000,"bu","11:21:51",17858000
16100.000000000002,1300,16000,"bu","11:22:12",17874000
16100.000000000002,1300,3000,"bu","11:22:34",17877000
16100.000000000002,1300,2000,"sd","11:22:40",17879000
16100.000000000002,1300,50000,"sd","11:24:04",17929000
16100.000000000002,1300,5000,"sd","11:24:11",17934000
16100.000000000002,1300,3000,"sd","11:24:35",17937000
16100.000000000002,1300,23000,"bu","11:24:50",17960000
16100.000000000002,1300,4000,"bu","11:25:10",17964000
16100.000000000002,1300,1000,"sd","11:26:05",17965000
16200,1400,90000,"sd","11:26:44",18055000
16200,1400,1000,"sd","11:27:04",18056000
16200,1400,110000,"bu","11:28:01",18166000
16000,1200,1000,"sd","11:28:09",18167000
16100.000000000002,1300,4000,"bu","11:28:29",18171000
16100.000000000002,1300,4000,"bu","11:28:57",18175000
16000,1200,69000,"sd","13:00:04",18244000
16000,1200,10000,"sd","13:00:05",18308000
16000,1200,14000,"sd","13:00:06",18322000
16000,1200,20000,"bu","13:00:32",18342000
16000,1200,51000,"sd","13:00:44",18393000
16000,1200,67000,"bu","13:00:58",18460000
16100.000000000002,1300,26000,"bu","13:01:08",18486000
16000,1200,2000,"bu","13:01:35",18488000
16100.000000000002,1300,2000,"sd","13:01:39",18490000
16000,1200,3000,"bu","13:01:40",18493000
16000,1200,2000,"sd","13:01:45",18495000
16100.000000000002,1300,101000,"sd","13:02:01",18596000
16000,1200,50000,"bu","13:02:10",18646000
16100.000000000002,1300,19000,"bu","13:02:11",18665000
16000,1200,9000,"bu","13:02:23",18674000
16100.000000000002,1300,5000,"bu","13:02:42",18679000
16000,1200,2000,"bu","13:02:51",18681000
16100.000000000002,1300,1000,"sd","13:03:10",18682000
16100.000000000002,1300,1000,"bu","13:03:25",18683000
16200,1400,1000,"bu","13:03:46",18684000
16200,1400,10000,"sd","13:03:56",18694000
16100.000000000002,1300,1000,"bu","13:05:01",18695000
16100.000000000002,1300,2000,"sd","13:05:12",18697000
16100.000000000002,1300,13000,"bu","13:06:10",18710000
16100.000000000002,1300,7000,"sd","13:06:12",18717000
16100.000000000002,1300,4000,"sd","13:07:41",18721000
16100.000000000002,1300,9000,"bu","13:07:42",18730000
16100.000000000002,1300,1000,"bu","13:09:06",18731000
16100.000000000002,1300,3000,"sd","13:09:25",18734000
16100.000000000002,1300,16000,"bu","13:09:43",18750000
16100.000000000002,1300,1000,"sd","13:09:57",18751000
16100.000000000002,1300,18000,"bu","13:10:23",18769000
16100.000000000002,1300,20000,"bu","13:12:36",18789000
16100.000000000002,1300,19000,"sd","13:12:40",18808000
16100.000000000002,1300,1000,"bu","13:13:00",18809000
16100.000000000002,1300,24000,"sd","13:13:11",18833000
16100.000000000002,1300,1000,"bu","13:13:16",18834000
16100.000000000002,1300,3000,"bu","13:13:20",18837000
16100.000000000002,1300,4000,"sd","13:13:23",18841000
16100.000000000002,1300,5000,"bu","13:13:45",18846000
16100.000000000002,1300,1000,"sd","13:14:02",18847000
16100.000000000002,1300,12000,"sd","13:14:05",18859000
16100.000000000002,1300,4000,"bu","13:15:08",18863000
16100.000000000002,1300,5000,"bu","13:15:56",18868000
16100.000000000002,1300,50000,"bu","13:17:08",18918000
16200,1400,54000,"sd","13:17:57",18972000
16200,1400,200000,"sd","13:18:01",19172000
16200,1400,53000,"bu","13:18:05",19225000
16200,1400,1000,"bu","13:18:18",19226000
16200,1400,1000,"sd","13:18:37",19227000
16200,1400,118000,"bu","13:18:41",19345000
16200,1400,20000,"sd","13:18:42",19365000
16200,1400,2000,"bu","13:18:54",19367000
16200,1400,100000,"sd","13:18:55",19467000
16200,1400,2000,"sd","13:19:06",19469000
16200,1400,283000,"bu","13:19:13",19752000
16200,1400,5000,"sd","13:19:15",19757000
16200,1400,16000,"sd","13:19:40",19773000
16200,1400,26000,"sd","13:19:49",19799000
16200,1400,2000,"bu","13:19:55",19801000
16200,1400,8000,"bu","13:19:58",19809000
16200,1400,1000,"sd","13:20:20",19810000
16200,1400,5000,"bu","13:20:36",19815000
16200,1400,15000,"sd","13:20:57",19830000
16200,1400,20000,"sd","13:21:19",19850000
16200,1400,1000,"bu","13:21:28",19851000
16200,1400,8000,"sd","13:22:06",19859000
16200,1400,1000,"sd","13:23:40",19860000
16200,1400,5000,"sd","13:24:06",19865000
16200,1400,77000,"sd","13:24:19",19942000
16200,1400,2000,"sd","13:25:44",19944000
16200,1400,1000,"sd","13:29:54",19945000
16100.000000000002,1300,100000,"sd","13:30:30",20045000
16100.000000000002,1300,1000,"sd","13:31:01",20046000
16100.000000000002,1300,5000,"sd","13:31:25",20051000
16100.000000000002,1300,9000,"bu","13:31:56",20060000
16100.000000000002,1300,1000,"bu","13:32:10",20061000
16200,1400,10000,"sd","13:32:36",20071000
16100.000000000002,1300,2000,"bu","13:32:37",20073000
16100.000000000002,1300,5000,"sd","13:33:54",20078000
16100.000000000002,1300,20000,"bu","13:33:58",20098000
16100.000000000002,1300,5000,"bu","13:34:05",20103000
16200,1400,10000,"sd","13:36:47",20113000
16200,1400,50000,"bu","13:36:57",20163000
16200,1400,190000,"bu","13:37:03",20353000
16200,1400,3000,"sd","13:37:15",20356000
16200,1400,48000,"bu","13:37:16",20404000
16200,1400,2000,"sd","13:37:19",20406000
16200,1400,1000,"sd","13:37:24",20407000
16200,1400,2000,"sd","13:37:26",20409000
16200,1400,2000,"sd","13:37:27",20411000
16200,1400,15000,"sd","13:37:33",20426000
16200,1400,6000,"bu","13:37:35",20432000
16200,1400,1000,"bu","13:37:37",20433000
16200,1400,8000,"sd","13:39:37",20441000
16200,1400,1000,"sd","13:42:34",20442000
16200,1400,3000,"sd","13:43:03",20445000
16200,1400,1000,"sd","13:43:09",20446000
16200,1400,103000,"bu","13:46:55",20549000
16200,1400,40000,"sd","13:59:00",20589000
16200,1400,3000,"bu","14:06:39",20592000
16200,1400,2000,"sd","14:11:46",20594000
16200,1400,1000,"bu","14:17:33",20595000
16200,1400,1000,"bu","14:45:02",20596000
