"price","change","match_qtty","side","time","total_vol"
56900,300,6600,"sd","09:15:10",6600
56900,300,600,"sd","09:15:15",7200
56700,100,500,"sd","09:16:05",7700
56600,0,1600,"sd","09:16:42",9300
56600,0,400,"bu","09:16:53",9700
56700,100,500,"bu","09:17:25",10200
56700,100,2000,"sd","09:18:21",12200
56700,100,1000,"bu","09:18:24",13200
56700,100,500,"bu","09:18:41",13700
56700,100,300,"bu","09:19:47",14000
56700,100,1000,"sd","09:19:55",15000
56700,100,100,"bu","09:20:13",15100
56600,0,1400,"sd","09:21:22",16500
56600,0,1200,"sd","09:21:34",17700
56600,0,100,"sd","09:21:39",17800
56600,0,300,"bu","09:21:46",18100
56600,0,100,"sd","09:21:47",18200
56500,-100,1400,"sd","09:22:37",19600
56500,-100,100,"sd","09:22:47",19700
56500,-100,300,"bu","09:23:13",20000
56500,-100,400,"bu","09:23:26",20400
56500,-100,100,"sd","09:23:30",20500
56500,-100,1000,"sd","09:23:53",21500
56500,-100,100,"bu","09:23:55",21600
56200,-400,1800,"sd","09:24:01",23400
56300,-300,500,"bu","09:24:45",23900
56300,-300,100,"sd","09:25:06",24000
56400,-200,2000,"bu","09:25:25",26000
56500,-100,100,"sd","09:25:45",26100
56600,0,2300,"bu","09:27:22",28400
56600,0,100,"sd","09:27:34",28500
56600,0,500,"bu","09:28:00",29000
56600,0,500,"sd","09:28:03",29500
56600,0,1500,"bu","09:28:30",31000
56600,0,1800,"sd","09:28:32",32800
56600,0,500,"bu","09:28:52",33300
56600,0,200,"sd","09:28:54",33500
56700,100,1000,"sd","09:29:06",34500
56700,100,100,"bu","09:29:15",34600
56600,0,500,"bu","09:29:19",35100
56700,100,100,"sd","09:29:29",35200
56600,0,1000,"sd","09:30:06",36200
56600,0,500,"sd","09:30:19",36700
56600,0,1000,"sd","09:31:24",37700
56600,0,3000,"sd","09:32:32",40700
56600,0,1000,"bu","09:34:54",41700
56600,0,3100,"sd","09:36:34",44800
56600,0,400,"bu","09:36:55",45200
56600,0,100,"sd","09:37:02",45300
56600,0,500,"sd","09:38:05",45800
56600,0,8700,"sd","09:38:30",54500
56600,0,1000,"sd","09:38:38",55500
56600,0,1000,"sd","09:38:53",56500
56600,0,500,"bu","09:39:00",57000
56600,0,300,"sd","09:39:14",57300
56600,0,100,"bu","09:39:25",57400
56500,-100,1500,"sd","09:40:46",58900
56500,-100,500,"sd","09:42:50",59400
56500,-100,1000,"bu","09:43:43",60400
56500,-100,5000,"sd","09:44:51",65400
56500,-100,1000,"sd","09:45:07",66400
56500,-100,200,"bu","09:45:27",66600
56500,-100,4000,"sd","09:45:44",70600
56500,-100,400,"sd","09:45:55",71000
56500,-100,500,"sd","09:46:06",71500
56500,-100,100,"bu","09:46:36",71600
56400,-200,1600,"bu","09:47:13",73200
56400,-200,500,"bu","09:47:15",73700
56300,-300,3100,"sd","09:47:22",76800
56300,-300,200,"bu","09:47:38",77000
56300,-300,600,"bu","09:47:39",77600
56500,-100,1000,"bu","09:47:48",78600
56500,-100,100,"sd","09:47:57",78700
56300,-300,1800,"sd","09:48:09",80500
56300,-300,100,"sd","09:48:16",80600
56200,-400,10000,"sd","09:48:23",90600
56300,-300,100,"sd","09:48:25",90700
56200,-400,8400,"bu","09:48:26",99100
56200,-400,1000,"bu","09:48:48",100100
56200,-400,1000,"bu","09:49:08",101100
56300,-300,100,"sd","09:49:09",101200
56100,-500,15200,"sd","09:49:40",116400
56100,-500,6000,"bu","09:49:46",122400
56100,-500,2000,"sd","09:49:49",124400
56100,-500,200,"bu","09:49:58",124600
56100,-500,1200,"sd","09:50:03",125800
56200,-400,1000,"bu","09:50:15",126800
56100,-500,2200,"bu","09:50:40",129000
56100,-500,800,"sd","09:50:42",129800
56100,-500,200,"sd","09:50:43",130000
56100,-500,10000,"bu","09:50:46",140000
56100,-500,900,"sd","09:50:54",140900
56100,-500,1400,"bu","09:51:02",142300
56100,-500,400,"bu","09:51:08",142700
56000,-600,100,"bu","09:51:25",142800
56100,-500,900,"bu","09:51:26",143700
56000,-600,100,"bu","09:51:53",143800
56000,-600,500,"sd","09:52:24",144300
56000,-600,400,"sd","09:52:26",144700
56100,-500,100,"bu","09:52:29",144800
56100,-500,1000,"bu","09:52:43",145800
56000,-600,1300,"sd","09:52:49",147100
56100,-500,200,"bu","09:52:58",147300
56000,-600,6100,"sd","09:53:03",153400
56100,-500,1000,"sd","09:53:09",154400
56100,-500,1100,"bu","09:53:17",155500
56100,-500,500,"sd","09:53:31",156000
56100,-500,600,"bu","09:53:37",156600
56000,-600,5000,"sd","09:53:54",161600
56000,-600,5000,"sd","09:53:58",166600
56100,-500,100,"sd","09:53:59",166700
56100,-500,1500,"bu","09:54:16",168200
56200,-400,4400,"bu","09:54:19",172600
56100,-500,100,"sd","09:54:27",172700
56100,-500,600,"sd","09:54:35",173300
56100,-500,2000,"sd","09:54:43",175300
56000,-600,600,"bu","09:54:45",175900
56100,-500,400,"bu","09:54:46",176300
56000,-600,1500,"sd","09:54:47",177800
56100,-500,400,"bu","09:54:48",178200
56100,-500,500,"sd","09:54:56",178700
56000,-600,15900,"bu","09:55:25",194600
56000,-600,3000,"sd","09:55:28",197600
56100,-500,1000,"bu","09:55:34",198600
56100,-500,100,"sd","09:55:39",198700
56100,-500,1100,"bu","09:56:15",199800
56200,-400,1000,"sd","09:56:42",200800
56200,-400,500,"sd","09:56:48",201300
56200,-400,100,"sd","09:56:56",201400
56200,-400,1200,"bu","09:57:01",202600
56200,-400,500,"sd","09:57:04",203100
56200,-400,100,"bu","09:57:13",203200
56200,-400,400,"bu","09:57:31",203600
56200,-400,500,"sd","09:57:34",204100
56200,-400,100,"bu","09:57:51",204200
56200,-400,10000,"bu","09:58:04",214200
56200,-400,200,"bu","09:58:10",214400
56300,-300,2000,"bu","09:58:44",216400
56300,-300,200,"sd","09:58:55",216600
56200,-400,7200,"bu","09:58:57",223800
56200,-400,700,"sd","09:59:15",224500
56200,-400,400,"sd","09:59:30",224900
56200,-400,200,"sd","09:59:42",225100
56200,-400,10500,"sd","10:00:04",235600
56200,-400,1000,"sd","10:00:16",236600
56200,-400,1100,"sd","10:00:26",237700
56200,-400,300,"bu","10:00:32",238000
56200,-400,200,"bu","10:00:36",238200
56100,-500,2000,"bu","10:00:45",240200
56100,-500,600,"bu","10:01:35",240800
56100,-500,1100,"sd","10:02:18",241900
56100,-500,200,"sd","10:02:34",242100
56100,-500,800,"bu","10:02:57",242900
56100,-500,2300,"bu","10:03:01",245200
56200,-400,100,"sd","10:03:06",245300
56200,-400,300,"sd","10:03:17",245600
56100,-500,100,"sd","10:03:24",245700
56100,-500,400,"bu","10:03:41",246100
56100,-500,100,"bu","10:03:47",246200
56100,-500,5000,"sd","10:03:48",251200
56100,-500,3100,"bu","10:03:51",254300
56100,-500,400,"bu","10:03:53",254700
56100,-500,3900,"bu","10:04:08",258600
56100,-500,300,"bu","10:04:16",258900
56000,-600,1500,"sd","10:04:23",260400
56000,-600,14300,"sd","10:04:27",274700
55900,-700,200,"sd","10:04:31",274900
55900,-700,900,"sd","10:04:33",275800
55700,-900,14500,"sd","10:04:49",290300
55700,-900,200,"bu","10:05:14",290500
55700,-900,700,"sd","10:05:15",291200
55700,-900,100,"sd","10:05:16",291300
55700,-900,2200,"bu","10:05:44",293500
55700,-900,200,"sd","10:05:53",293700
55700,-900,1000,"bu","10:05:55",294700
55700,-900,1500,"bu","10:06:08",296200
55700,-900,1500,"bu","10:06:10",297700
55700,-900,900,"sd","10:06:12",298600
55700,-900,100,"sd","10:06:21",298700
55700,-900,500,"bu","10:06:24",299200
55700,-900,200,"bu","10:06:36",299400
55700,-900,100,"sd","10:06:43",299500
55700,-900,1800,"sd","10:07:04",301300
55700,-900,100,"bu","10:07:05",301400
55600,-1000,200,"sd","10:07:14",301600
55600,-1000,1000,"bu","10:07:41",302600
55500,-1100,7000,"sd","10:07:43",309600
55500,-1100,7200,"sd","10:07:44",316800
55500,-1100,1400,"bu","10:07:54",318200
55500,-1100,1600,"bu","10:07:55",319800
55500,-1100,3000,"sd","10:07:58",322800
55500,-1100,1300,"bu","10:08:00",324100
55500,-1100,1100,"sd","10:08:10",325200
55300,-1300,6200,"bu","10:08:12",331400
55300,-1300,200,"bu","10:08:19",331600
55300,-1300,300,"sd","10:08:25",331900
55300,-1300,1300,"bu","10:08:26",333200
55500,-1100,3400,"bu","10:08:36",336600
55500,-1100,1000,"bu","10:08:40",337600
55500,-1100,100,"sd","10:08:43",337700
55600,-1000,200,"sd","10:08:57",337900
55600,-1000,100,"bu","10:08:59",338000
55700,-900,3800,"sd","10:10:07",341800
55700,-900,1000,"sd","10:10:09",342800
55700,-900,1200,"sd","10:10:14",344000
55600,-1000,7700,"sd","10:10:31",351700
55600,-1000,700,"sd","10:10:35",352400
55600,-1000,100,"sd","10:10:37",352500
55600,-1000,1000,"sd","10:10:38",353500
55600,-1000,300,"bu","10:11:07",353800
55600,-1000,100,"bu","10:11:08",353900
55700,-900,200,"bu","10:11:17",354100
55600,-1000,500,"sd","10:11:18",354600
55700,-900,1100,"bu","10:11:28",355700
55700,-900,100,"bu","10:11:31",355800
56000,-600,3000,"sd","10:12:08",358800
56000,-600,200,"bu","10:12:16",359000
55900,-700,600,"bu","10:12:20",359600
55900,-700,1600,"bu","10:12:36",361200
55900,-700,600,"sd","10:12:46",361800
56200,-400,10400,"sd","10:13:16",372200
56000,-600,100,"bu","10:14:49",372300
55900,-700,4100,"sd","10:15:49",376400
55700,-900,2800,"sd","10:16:10",379200
55700,-900,1200,"bu","10:16:26",380400
55700,-900,100,"bu","10:16:35",380500
55700,-900,700,"bu","10:17:46",381200
55700,-900,500,"bu","10:17:55",381700
55700,-900,200,"bu","10:17:59",381900
55700,-900,100,"sd","10:18:03",382000
55700,-900,500,"bu","10:18:17",382500
55700,-900,1700,"sd","10:18:20",384200
55700,-900,100,"bu","10:18:30",384300
55700,-900,4500,"sd","10:18:58",388800
55700,-900,6000,"bu","10:19:03",394800
55700,-900,1900,"bu","10:19:05",396700
55700,-900,100,"sd","10:19:10",396800
55700,-900,1200,"sd","10:19:15",398000
55700,-900,2800,"sd","10:19:30",400800
55700,-900,100,"sd","10:20:00",400900
55700,-900,2000,"sd","10:20:05",402900
55700,-900,100,"sd","10:20:51",403000
55800,-800,500,"bu","10:20:54",403500
55700,-900,6000,"sd","10:21:09",409500
55700,-900,700,"sd","10:21:16",410200
55700,-900,200,"bu","10:21:29",410400
55600,-1000,1000,"bu","10:21:34",411400
55600,-1000,1200,"bu","10:21:40",412600
55600,-1000,300,"bu","10:21:45",412900
55600,-1000,1400,"bu","10:21:47",414300
55600,-1000,1500,"bu","10:22:26",415800
55700,-900,200,"sd","10:22:47",416000
55700,-900,100,"bu","10:22:55",416100
55700,-900,300,"bu","10:22:59",416400
55700,-900,1200,"bu","10:23:02",417600
55700,-900,100,"sd","10:23:08",417700
55700,-900,200,"sd","10:23:09",417900
55700,-900,1100,"bu","10:23:13",419000
55700,-900,200,"sd","10:23:16",419200
55700,-900,11000,"sd","10:23:46",430200
55700,-900,200,"bu","10:23:53",430400
55700,-900,100,"bu","10:23:56",430500
55800,-800,200,"bu","10:24:03",430700
55800,-800,100,"sd","10:24:16",430800
55800,-800,200,"bu","10:24:25",431000
55800,-800,1900,"sd","10:25:30",432900
55900,-700,400,"sd","10:26:03",433300
55900,-700,2500,"bu","10:26:28",435800
55800,-800,1000,"bu","10:26:38",436800
55800,-800,100,"sd","10:27:21",436900
55800,-800,200,"sd","10:28:18",437100
55800,-800,4000,"bu","10:28:21",441100
55800,-800,100,"sd","10:28:48",441200
55800,-800,500,"bu","10:30:22",441700
55800,-800,200,"bu","10:31:06",441900
55800,-800,3000,"bu","10:31:08",444900
55800,-800,100,"sd","10:31:29",445000
55800,-800,2100,"sd","10:32:16",447100
55800,-800,1000,"bu","10:32:18",448100
55800,-800,500,"bu","10:32:29",448600
55800,-800,800,"sd","10:32:38",449400
55700,-900,900,"bu","10:34:04",450300
55700,-900,1000,"bu","10:34:19",451300
55800,-800,600,"bu","10:34:33",451900
55700,-900,7300,"sd","10:35:12",459200
55800,-800,200,"bu","10:35:14",459400
55700,-900,1000,"sd","10:35:19",460400
55700,-900,5000,"bu","10:35:21",465400
55700,-900,700,"sd","10:35:24",466100
55700,-900,700,"sd","10:35:53",466800
55700,-900,100,"sd","10:35:54",466900
55700,-900,1300,"bu","10:36:18",468200
55600,-1000,2000,"sd","10:36:23",470200
55600,-1000,5000,"bu","10:36:55",475200
55600,-1000,5000,"sd","10:37:01",480200
55600,-1000,400,"sd","10:37:05",480600
55500,-1100,1000,"bu","10:37:19",481600
55500,-1100,4000,"bu","10:37:27",485600
55500,-1100,10000,"bu","10:37:28",495600
55500,-1100,2900,"sd","10:37:30",498500
55500,-1100,1000,"sd","10:37:33",499500
55500,-1100,100,"sd","10:37:37",499600
55400,-1200,1500,"sd","10:37:44",501100
55400,-1200,100,"sd","10:37:52",501200
55400,-1200,500,"bu","10:37:56",501700
55400,-1200,2000,"bu","10:38:01",503700
55400,-1200,400,"bu","10:38:07",504100
55400,-1200,1500,"bu","10:38:09",505600
55400,-1200,2000,"bu","10:38:12",507600
55300,-1300,3000,"bu","10:38:20",510600
55400,-1200,500,"sd","10:38:30",511100
55300,-1300,200,"sd","10:38:33",511300
55300,-1300,600,"sd","10:39:00",511900
55300,-1300,10000,"bu","10:39:03",521900
55300,-1300,1500,"bu","10:39:12",523400
55300,-1300,2000,"sd","10:39:20",525400
55300,-1300,500,"sd","10:39:22",525900
55200,-1400,1000,"sd","10:39:26",526900
55100,-1500,15100,"sd","10:39:27",542000
55100,-1500,500,"sd","10:39:29",542500
55100,-1500,100,"sd","10:39:31",542600
55100,-1500,500,"bu","10:39:36",543100
55000,-1600,25000,"bu","10:39:38",568100
55200,-1400,100,"bu","10:39:43",568200
55000,-1600,5000,"bu","10:39:51",573200
55000,-1600,500,"sd","10:40:09",573700
55000,-1600,5500,"sd","10:40:11",579200
55000,-1600,1000,"sd","10:40:12",580200
55000,-1600,100,"bu","10:40:22",580300
55000,-1600,700,"bu","10:40:28",581000
55000,-1600,2000,"bu","10:40:30",583000
54600,-2000,4200,"sd","10:40:37",587200
54900,-1700,400,"bu","10:40:41",587600
55000,-1600,100,"sd","10:40:43",587700
55000,-1600,7200,"sd","10:40:58",594900
54600,-2000,13700,"sd","10:41:03",608600
55000,-1600,100,"bu","10:41:05",608700
55000,-1600,5300,"sd","10:41:09",614000
55100,-1500,100,"bu","10:41:13",614100
55000,-1600,2000,"sd","10:41:15",616100
55100,-1500,100,"bu","10:41:17",616200
55000,-1600,800,"bu","10:41:30",617000
55000,-1600,2000,"bu","10:41:32",619000
55100,-1500,100,"bu","10:41:34",619100
55000,-1600,9000,"bu","10:41:43",628100
55000,-1600,100,"bu","10:41:50",628200
55000,-1600,600,"bu","10:41:59",628800
55000,-1600,3000,"bu","10:42:04",631800
55000,-1600,1000,"sd","10:42:06",632800
55000,-1600,1000,"sd","10:42:11",633800
55100,-1500,100,"bu","10:42:15",633900
55100,-1500,700,"sd","10:42:20",634600
55500,-1100,3200,"sd","10:42:31",637800
55000,-1600,1000,"sd","10:42:33",638800
55000,-1600,1000,"bu","10:42:36",639800
55500,-1100,100,"sd","10:42:38",639900
55600,-1000,4200,"bu","10:43:01",644100
55600,-1000,100,"bu","10:43:04",644200
55600,-1000,200,"sd","10:43:21",644400
55200,-1400,1500,"bu","10:45:46",645900
55500,-1100,500,"bu","10:47:25",646400
55500,-1100,2700,"bu","10:47:46",649100
55500,-1100,1000,"bu","10:47:53",650100
55500,-1100,18800,"sd","10:48:28",668900
55500,-1100,200,"bu","10:48:42",669100
55600,-1000,2400,"sd","10:48:44",671500
55500,-1100,200,"bu","10:48:50",671700
55500,-1100,300,"sd","10:48:52",672000
55500,-1100,500,"sd","10:49:02",672500
55400,-1200,1000,"sd","10:50:14",673500
55300,-1300,100,"bu","10:50:31",673600
55300,-1300,400,"bu","10:50:50",674000
55200,-1400,200,"sd","10:51:37",674200
55200,-1400,1000,"sd","10:51:49",675200
55200,-1400,700,"sd","10:52:46",675900
55400,-1200,5000,"bu","10:53:03",680900
55200,-1400,400,"bu","10:54:44",681300
55200,-1400,500,"sd","10:55:15",681800
55200,-1400,900,"bu","10:55:26",682700
55200,-1400,4400,"sd","10:55:38",687100
55300,-1300,100,"sd","10:56:06",687200
55100,-1500,7400,"sd","10:56:35",694600
55000,-1600,3200,"sd","10:56:57",697800
55100,-1500,200,"bu","10:57:00",698000
55100,-1500,7100,"sd","10:57:54",705100
55100,-1500,100,"bu","10:58:04",705200
55100,-1500,700,"bu","10:58:15",705900
55100,-1500,1000,"sd","10:58:18",706900
55100,-1500,300,"sd","10:58:23",707200
55000,-1600,5000,"bu","10:58:38",712200
55000,-1600,100,"bu","10:58:42",712300
55000,-1600,3000,"bu","10:58:52",715300
55000,-1600,1200,"sd","10:59:10",716500
55000,-1600,100,"sd","10:59:24",716600
55000,-1600,1000,"sd","10:59:32",717600
54900,-1700,1500,"bu","11:00:40",719100
54900,-1700,100,"bu","11:00:43",719200
54900,-1700,5000,"bu","11:00:57",724200
54900,-1700,300,"sd","11:01:00",724500
54900,-1700,1000,"sd","11:01:08",725500
54900,-1700,1500,"bu","11:01:15",727000
54900,-1700,200,"sd","11:01:18",727200
54800,-1800,4800,"bu","11:01:57",732000
54800,-1800,100,"bu","11:02:02",732100
54800,-1800,1200,"bu","11:02:09",733300
54700,-1900,14300,"sd","11:02:19",747600
54700,-1900,100,"sd","11:02:26",747700
54700,-1900,500,"sd","11:02:29",748200
54700,-1900,1000,"bu","11:02:31",749200
54700,-1900,1000,"bu","11:02:36",750200
54700,-1900,1600,"sd","11:02:56",751800
54700,-1900,2200,"bu","11:02:58",754000
54700,-1900,500,"bu","11:03:12",754500
54700,-1900,2300,"sd","11:03:20",756800
54600,-2000,200,"sd","11:03:27",757000
54600,-2000,2000,"bu","11:03:29",759000
54600,-2000,5100,"sd","11:03:42",764100
54600,-2000,400,"bu","11:03:45",764500
54500,-2100,3000,"bu","11:04:13",767500
54500,-2100,300,"sd","11:04:16",767800
54600,-2000,100,"sd","11:04:19",767900
54500,-2100,3000,"sd","11:04:24",770900
54500,-2100,1000,"sd","11:04:35",771900
54500,-2100,200,"sd","11:04:41",772100
54300,-2300,11800,"bu","11:04:55",783900
54300,-2300,1000,"sd","11:05:06",784900
54300,-2300,500,"bu","11:05:08",785400
54300,-2300,1000,"sd","11:05:11",786400
54300,-2300,400,"sd","11:05:14",786800
54300,-2300,100,"sd","11:05:16",786900
54300,-2300,1000,"sd","11:05:21",787900
54300,-2300,500,"sd","11:05:24",788400
54300,-2300,100,"bu","11:05:27",788500
54100,-2500,5500,"bu","11:05:46",794000
54000,-2600,22500,"bu","11:05:49",816500
54000,-2600,10000,"bu","11:05:52",826500
54000,-2600,300,"sd","11:05:57",826800
54000,-2600,500,"bu","11:06:00",827300
54000,-2600,1900,"sd","11:06:05",829200
54000,-2600,2000,"sd","11:06:08",831200
54000,-2600,10000,"sd","11:06:23",841200
54100,-2500,800,"sd","11:06:28",842000
54100,-2500,300,"sd","11:06:33",842300
54200,-2400,900,"bu","11:06:47",843200
54200,-2400,600,"sd","11:06:52",843800
54200,-2400,100,"bu","11:07:11",843900
54300,-2300,1400,"bu","11:07:13",845300
54300,-2300,100,"sd","11:07:19",845400
54300,-2300,400,"bu","11:07:24",845800
54300,-2300,500,"sd","11:07:32",846300
54300,-2300,600,"sd","11:07:38",846900
54500,-2100,200,"bu","11:07:44",847100
54500,-2100,300,"sd","11:07:46",847400
54500,-2100,1000,"bu","11:07:51",848400
54300,-2300,3000,"bu","11:08:21",851400
54200,-2400,4300,"bu","11:08:27",855700
54200,-2400,300,"bu","11:08:29",856000
54200,-2400,300,"bu","11:08:55",856300
54200,-2400,200,"bu","11:09:00",856500
54200,-2400,500,"bu","11:09:04",857000
54200,-2400,1500,"sd","11:09:15",858500
54300,-2300,100,"bu","11:09:22",858600
54300,-2300,500,"bu","11:09:28",859100
54200,-2400,200,"sd","11:09:40",859300
54200,-2400,100,"bu","11:09:46",859400
54300,-2300,500,"sd","11:09:53",859900
54200,-2400,7400,"bu","11:09:56",867300
54200,-2400,500,"sd","11:10:03",867800
54300,-2300,1100,"sd","11:10:39",868900
54000,-2600,10000,"sd","11:10:48",878900
54500,-2100,100,"bu","11:11:08",879000
54500,-2100,1300,"bu","11:11:36",880300
54500,-2100,1600,"sd","11:11:41",881900
54500,-2100,300,"sd","11:11:53",882200
54500,-2100,2900,"bu","11:12:08",885100
54200,-2400,2000,"sd","11:12:18",887100
54500,-2100,300,"sd","11:12:24",887400
54500,-2100,500,"bu","11:12:27",887900
54500,-2100,100,"sd","11:12:30",888000
54500,-2100,1000,"bu","11:12:37",889000
54500,-2100,3000,"bu","11:12:43",892000
54600,-2000,300,"sd","11:13:21",892300
54600,-2000,500,"bu","11:13:27",892800
54600,-2000,800,"sd","11:13:30",893600
54700,-1900,200,"sd","11:14:01",893800
54800,-1800,1400,"sd","11:14:14",895200
55000,-1600,2800,"bu","11:15:01",898000
55000,-1600,500,"sd","11:15:09",898500
54600,-2000,2000,"sd","11:15:23",900500
54600,-2000,5000,"sd","11:16:37",905500
55100,-1500,500,"bu","11:17:11",906000
55000,-1600,3700,"bu","11:18:20",909700
55000,-1600,100,"bu","11:18:33",909800
55000,-1600,200,"bu","11:18:42",910000
54500,-2100,2000,"bu","11:19:07",912000
54700,-1900,200,"sd","11:19:42",912200
54500,-2100,5400,"bu","11:20:52",917600
54700,-1900,100,"bu","11:21:26",917700
54500,-2100,2800,"sd","11:21:35",920500
54500,-2100,2700,"sd","11:21:49",923200
54500,-2100,500,"sd","11:22:13",923700
54500,-2100,100,"bu","11:22:28",923800
54400,-2200,1100,"bu","11:22:53",924900
54500,-2100,500,"bu","11:23:13",925400
54400,-2200,14100,"sd","11:23:16",939500
54400,-2200,100,"sd","11:23:27",939600
54400,-2200,1100,"sd","11:23:30",940700
54200,-2400,2000,"sd","11:23:51",942700
54400,-2200,500,"bu","11:23:57",943200
54200,-2400,7100,"bu","11:24:37",950300
54200,-2400,1000,"bu","11:24:58",951300
54000,-2600,4700,"sd","11:25:01",956000
54000,-2600,1000,"sd","11:25:14",957000
54000,-2600,500,"sd","11:25:23",957500
54200,-2400,6700,"sd","11:26:53",964200
54200,-2400,1000,"bu","11:27:15",965200
54200,-2400,100,"bu","11:27:17",965300
54200,-2400,500,"sd","11:27:29",965800
54200,-2400,2400,"sd","11:28:47",968200
54100,-2500,8500,"bu","11:29:09",976700
54600,-2000,100,"bu","11:29:15",976800
54100,-2500,6700,"sd","13:00:23",983500
54100,-2500,100,"bu","13:00:43",983600
54100,-2500,1000,"sd","13:00:47",984600
54100,-2500,400,"bu","13:00:48",985000
54100,-2500,1400,"sd","13:01:02",986400
54100,-2500,2000,"bu","13:01:16",988400
54100,-2500,200,"bu","13:01:18",988600
54100,-2500,300,"bu","13:01:20",988900
54100,-2500,1000,"sd","13:01:29",989900
54100,-2500,900,"bu","13:01:31",990800
54200,-2400,4900,"sd","13:03:04",995700
54200,-2400,100,"bu","13:03:07",995800
54200,-2400,3700,"sd","13:03:47",999500
54400,-2200,5200,"sd","13:04:17",1004700
54300,-2300,100,"bu","13:04:23",1004800
54300,-2300,400,"bu","13:04:41",1005200
54400,-2200,2400,"bu","13:04:53",1007600
54400,-2200,1000,"bu","13:05:05",1008600
54600,-2000,3000,"bu","13:05:16",1011600
54600,-2000,300,"sd","13:05:29",1011900
54600,-2000,100,"bu","13:05:38",1012000
54500,-2100,800,"sd","13:06:23",1012800
54500,-2100,100,"bu","13:06:54",1012900
54500,-2100,3300,"sd","13:06:59",1016200
54600,-2000,500,"sd","13:07:12",1016700
54600,-2000,5300,"sd","13:07:15",1022000
54600,-2000,100,"sd","13:07:21",1022100
54700,-1900,200,"bu","13:07:46",1022300
54600,-2000,2900,"sd","13:07:52",1025200
54700,-1900,800,"bu","13:07:58",1026000
54700,-1900,8100,"sd","13:08:08",1034100
54900,-1700,5000,"sd","13:08:28",1039100
54800,-1800,300,"bu","13:08:41",1039400
54800,-1800,5000,"sd","13:08:57",1044400
54800,-1800,100,"bu","13:09:04",1044500
54800,-1800,200,"bu","13:09:14",1044700
54800,-1800,2000,"bu","13:09:25",1046700
54800,-1800,100,"bu","13:09:41",1046800
54700,-1900,1000,"bu","13:09:48",1047800
54800,-1800,1000,"bu","13:10:12",1048800
54800,-1800,10200,"bu","13:11:17",1059000
54900,-1700,3300,"bu","13:11:58",1062300
54900,-1700,6000,"sd","13:12:00",1068300
54900,-1700,1700,"bu","13:12:18",1070000
54800,-1800,300,"bu","13:12:21",1070300
54800,-1800,3000,"sd","13:12:27",1073300
54700,-1900,1000,"sd","13:12:38",1074300
54600,-2000,8900,"sd","13:12:44",1083200
54600,-2000,500,"bu","13:12:59",1083700
54900,-1700,10500,"sd","13:13:32",1094200
54800,-1800,700,"bu","13:14:15",1094900
54800,-1800,200,"bu","13:14:40",1095100
54800,-1800,1000,"sd","13:14:46",1096100
54800,-1800,500,"bu","13:14:50",1096600
54800,-1800,100,"bu","13:14:59",1096700
54800,-1800,400,"sd","13:15:18",1097100
54800,-1800,2900,"sd","13:15:29",1100000
54800,-1800,200,"sd","13:15:36",1100200
54800,-1800,400,"sd","13:15:52",1100600
54900,-1700,2000,"sd","13:16:22",1102600
54900,-1700,500,"bu","13:16:32",1103100
54900,-1700,1900,"sd","13:16:38",1105000
54800,-1800,4000,"bu","13:16:41",1109000
54800,-1800,1300,"bu","13:16:48",1110300
54900,-1700,5000,"sd","13:16:54",1115300
54900,-1700,2000,"bu","13:17:07",1117300
54900,-1700,3000,"bu","13:17:49",1120300
54900,-1700,100,"bu","13:17:59",1120400
54800,-1800,600,"sd","13:18:05",1121000
54800,-1800,100,"sd","13:19:15",1121100
54700,-1900,12000,"bu","13:21:07",1133100
54700,-1900,100,"sd","13:21:23",1133200
54600,-2000,5000,"bu","13:21:35",1138200
54600,-2000,300,"sd","13:21:38",1138500
54600,-2000,1100,"bu","13:21:42",1139600
54500,-2100,6700,"sd","13:21:53",1146300
54600,-2000,100,"bu","13:22:17",1146400
54600,-2000,1000,"bu","13:22:30",1147400
54600,-2000,500,"sd","13:22:36",1147900
54600,-2000,300,"sd","13:22:40",1148200
54800,-1800,1000,"sd","13:22:49",1149200
54600,-2000,600,"bu","13:23:01",1149800
54600,-2000,6000,"sd","13:23:04",1155800
54800,-1800,2600,"bu","13:23:14",1158400
54700,-1900,100,"sd","13:23:17",1158500
54600,-2000,1000,"sd","13:24:10",1159500
54600,-2000,600,"bu","13:24:26",1160100
54600,-2000,200,"bu","13:24:42",1160300
54600,-2000,500,"bu","13:24:54",1160800
54600,-2000,100,"bu","13:24:58",1160900
54600,-2000,200,"sd","13:25:01",1161100
54600,-2000,3000,"bu","13:25:10",1164100
54600,-2000,200,"bu","13:25:17",1164300
54600,-2000,500,"bu","13:25:42",1164800
54600,-2000,600,"sd","13:25:55",1165400
54600,-2000,1500,"bu","13:26:11",1166900
54700,-1900,200,"bu","13:26:21",1167100
54600,-2000,200,"sd","13:27:12",1167300
54600,-2000,3100,"bu","13:27:26",1170400
54600,-2000,200,"bu","13:27:36",1170600
54600,-2000,2000,"sd","13:27:40",1172600
54600,-2000,1100,"sd","13:28:15",1173700
54500,-2100,2600,"sd","13:28:27",1176300
54500,-2100,2000,"sd","13:28:34",1178300
54500,-2100,5000,"sd","13:29:35",1183300
54500,-2100,300,"bu","13:29:39",1183600
54500,-2100,600,"bu","13:30:16",1184200
54500,-2100,100,"bu","13:30:33",1184300
54400,-2200,1200,"bu","13:30:52",1185500
54600,-2000,100,"sd","13:31:08",1185600
54600,-2000,4300,"sd","13:33:27",1189900
54600,-2000,800,"sd","13:33:45",1190700
54500,-2100,700,"bu","13:34:28",1191400
54500,-2100,1000,"sd","13:34:51",1192400
54500,-2100,100,"bu","13:35:11",1192500
54600,-2000,2000,"bu","13:36:33",1194500
54600,-2000,9000,"bu","13:36:50",1203500
54600,-2000,700,"sd","13:37:03",1204200
54600,-2000,300,"sd","13:37:14",1204500
54600,-2000,1400,"bu","13:37:17",1205900
54600,-2000,2200,"bu","13:37:55",1208100
54600,-2000,3200,"sd","13:38:12",1211300
54600,-2000,300,"sd","13:38:15",1211600
54600,-2000,3100,"bu","13:38:19",1214700
54600,-2000,300,"bu","13:39:02",1215000
54600,-2000,1900,"bu","13:39:09",1216900
54600,-2000,1100,"sd","13:39:12",1218000
54700,-1900,1200,"sd","13:40:15",1219200
54700,-1900,1600,"sd","13:40:23",1220800
54700,-1900,400,"bu","13:40:26",1221200
54700,-1900,800,"bu","13:40:33",1222000
54700,-1900,700,"sd","13:40:37",1222700
54700,-1900,1300,"bu","13:40:48",1224000
54700,-1900,3100,"bu","13:40:59",1227100
54800,-1800,500,"bu","13:41:10",1227600
54800,-1800,5400,"sd","13:41:17",1233000
54800,-1800,500,"sd","13:41:25",1233500
54800,-1800,7400,"sd","13:41:29",1240900
54900,-1700,1000,"sd","13:41:44",1241900
54900,-1700,2000,"sd","13:41:51",1243900
54900,-1700,300,"bu","13:41:55",1244200
54900,-1700,1800,"bu","13:41:58",1246000
54900,-1700,100,"bu","13:42:01",1246100
54900,-1700,200,"sd","13:42:05",1246300
54900,-1700,700,"bu","13:42:08",1247000
54900,-1700,1100,"sd","13:42:12",1248100
54900,-1700,3400,"bu","13:42:25",1251500
54900,-1700,300,"bu","13:42:29",1251800
54900,-1700,2200,"sd","13:42:41",1254000
54900,-1700,10200,"sd","13:42:55",1264200
54900,-1700,400,"sd","13:43:02",1264600
54900,-1700,4900,"sd","13:43:13",1269500
55000,-1600,5500,"sd","13:43:46",1275000
55000,-1600,300,"sd","13:43:53",1275300
55000,-1600,1000,"bu","13:44:00",1276300
55000,-1600,1000,"bu","13:44:04",1277300
55000,-1600,4000,"sd","13:44:11",1281300
55000,-1600,4600,"bu","13:44:18",1285900
55000,-1600,600,"sd","13:44:25",1286500
55000,-1600,500,"sd","13:44:43",1287000
55000,-1600,100,"bu","13:44:47",1287100
55000,-1600,1400,"bu","13:44:51",1288500
55000,-1600,6000,"sd","13:44:57",1294500
55000,-1600,3000,"sd","13:45:01",1297500
55000,-1600,1300,"sd","13:45:05",1298800
55000,-1600,200,"sd","13:45:08",1299000
55000,-1600,2000,"bu","13:45:12",1301000
55000,-1600,1000,"sd","13:45:15",1302000
55000,-1600,1100,"sd","13:45:21",1303100
55100,-1500,100,"bu","13:45:24",1303200
55100,-1500,600,"bu","13:45:31",1303800
55100,-1500,100,"sd","13:45:40",1303900
55100,-1500,500,"bu","13:45:47",1304400
55100,-1500,300,"bu","13:46:02",1304700
55000,-1600,2000,"sd","13:46:06",1306700
55000,-1600,400,"sd","13:46:10",1307100
55100,-1500,1400,"bu","13:46:13",1308500
55200,-1400,8300,"sd","13:46:20",1316800
55100,-1500,500,"sd","13:46:27",1317300
55000,-1600,11100,"sd","13:46:31",1328400
55000,-1600,8500,"bu","13:46:38",1336900
55000,-1600,1500,"bu","13:46:46",1338400
55000,-1600,200,"bu","13:47:04",1338600
55000,-1600,1500,"bu","13:47:19",1340100
55000,-1600,2400,"sd","13:47:29",1342500
55000,-1600,2000,"sd","13:47:37",1344500
55000,-1600,2700,"sd","13:47:43",1347200
55000,-1600,2000,"sd","13:47:50",1349200
55000,-1600,1000,"bu","13:47:54",1350200
55000,-1600,400,"bu","13:48:03",1350600
54900,-1700,500,"bu","13:48:16",1351100
54900,-1700,400,"sd","13:48:19",1351500
54900,-1700,3100,"sd","13:48:36",1354600
54900,-1700,10000,"bu","13:48:46",1364600
54900,-1700,1500,"bu","13:49:07",1366100
54900,-1700,300,"bu","13:49:10",1366400
54800,-1800,400,"bu","13:49:21",1366800
54800,-1800,10000,"bu","13:49:25",1376800
54900,-1700,100,"bu","13:49:32",1376900
54800,-1800,2000,"sd","13:49:38",1378900
54800,-1800,300,"sd","13:49:56",1379200
54700,-1900,4800,"sd","13:50:07",1384000
54600,-2000,500,"sd","13:50:18",1384500
54600,-2000,2000,"sd","13:50:22",1386500
54600,-2000,11000,"sd","13:51:22",1397500
54600,-2000,5000,"sd","13:51:41",1402500
54600,-2000,500,"sd","13:52:12",1403000
54500,-2100,10000,"sd","13:52:26",1413000
54500,-2100,7000,"bu","13:53:10",1420000
54600,-2000,8300,"bu","13:55:55",1428300
54600,-2000,400,"sd","13:56:02",1428700
54700,-1900,100,"sd","13:56:46",1428800
54600,-2000,12800,"sd","13:57:14",1441600
54700,-1900,2000,"sd","13:57:32",1443600
54700,-1900,500,"bu","13:57:39",1444100
54700,-1900,1000,"sd","13:57:50",1445100
54700,-1900,100,"bu","13:57:58",1445200
54700,-1900,1000,"bu","13:58:22",1446200
54700,-1900,1000,"sd","13:58:25",1447200
54700,-1900,100,"bu","13:58:29",1447300
54700,-1900,1200,"bu","13:58:52",1448500
54700,-1900,400,"bu","13:58:55",1448900
54700,-1900,300,"bu","13:59:09",1449200
54700,-1900,1100,"sd","13:59:13",1450300
54700,-1900,100,"sd","13:59:25",1450400
54700,-1900,1800,"bu","13:59:33",1452200
54700,-1900,200,"bu","13:59:36",1452400
54800,-1800,3900,"sd","14:00:15",1456300
54900,-1700,1000,"sd","14:00:23",1457300
54900,-1700,2000,"sd","14:00:41",1459300
54900,-1700,1000,"sd","14:00:45",1460300
54900,-1700,16600,"sd","14:00:52",1476900
55000,-1600,10000,"bu","14:01:12",1486900
54900,-1700,900,"sd","14:01:16",1487800
55000,-1600,31700,"sd","14:01:20",1519500
54900,-1700,15500,"bu","14:01:32",1535000
55000,-1600,300,"sd","14:01:44",1535300
55000,-1600,2300,"sd","14:01:52",1537600
55000,-1600,12500,"bu","14:01:56",1550100
55000,-1600,3200,"sd","14:01:59",1553300
55000,-1600,2000,"sd","14:02:03",1555300
55100,-1500,100,"bu","14:02:06",1555400
55200,-1400,500,"bu","14:02:13",1555900
55200,-1400,1000,"bu","14:02:17",1556900
55200,-1400,1100,"sd","14:02:30",1558000
55300,-1300,200,"sd","14:02:41",1558200
55400,-1200,10000,"sd","14:02:49",1568200
55500,-1100,1000,"bu","14:02:52",1569200
55500,-1100,1000,"sd","14:02:59",1570200
55500,-1100,1000,"bu","14:03:03",1571200
55500,-1100,200,"sd","14:03:07",1571400
55500,-1100,100,"bu","14:03:13",1571500
55500,-1100,10700,"bu","14:03:20",1582200
55600,-1000,2900,"bu","14:03:24",1585100
55400,-1200,1000,"bu","14:03:31",1586100
55400,-1200,900,"bu","14:03:53",1587000
55500,-1100,2000,"bu","14:03:57",1589000
55200,-1400,7900,"bu","14:04:01",1596900
55000,-1600,27900,"sd","14:04:08",1624800
55000,-1600,400,"bu","14:04:16",1625200
55000,-1600,11700,"bu","14:04:20",1636900
55300,-1300,100,"sd","14:04:24",1637000
55000,-1600,1500,"sd","14:04:28",1638500
55000,-1600,3200,"bu","14:04:36",1641700
54900,-1700,2000,"sd","14:04:45",1643700
55300,-1300,100,"sd","14:05:30",1643800
55000,-1600,600,"sd","14:05:56",1644400
55200,-1400,300,"bu","14:06:03",1644700
55000,-1600,1000,"sd","14:06:12",1645700
55000,-1600,1400,"sd","14:06:20",1647100
54900,-1700,8000,"bu","14:06:36",1655100
54800,-1800,1900,"sd","14:07:44",1657000
54700,-1900,3300,"bu","14:08:01",1660300
54600,-2000,20000,"sd","14:08:23",1680300
55000,-1600,100,"sd","14:08:30",1680400
54600,-2000,600,"bu","14:09:08",1681000
54600,-2000,7500,"bu","14:09:12",1688500
54600,-2000,500,"bu","14:09:26",1689000
54600,-2000,1300,"bu","14:09:30",1690300
54600,-2000,500,"bu","14:09:38",1690800
54600,-2000,100,"bu","14:09:41",1690900
54600,-2000,300,"sd","14:09:48",1691200
54600,-2000,9500,"sd","14:10:26",1700700
54600,-2000,10500,"sd","14:10:48",1711200
54600,-2000,17000,"sd","14:10:56",1728200
54600,-2000,200,"bu","14:11:15",1728400
54600,-2000,5700,"sd","14:11:31",1734100
54600,-2000,2800,"sd","14:11:39",1736900
54600,-2000,3700,"sd","14:11:54",1740600
54600,-2000,3200,"bu","14:12:29",1743800
54600,-2000,10900,"bu","14:12:44",1754700
54900,-1700,500,"sd","14:13:15",1755200
54900,-1700,100,"bu","14:13:30",1755300
54900,-1700,1200,"bu","14:13:40",1756500
54900,-1700,1300,"sd","14:14:03",1757800
54900,-1700,8000,"bu","14:14:40",1765800
54900,-1700,100,"bu","14:14:44",1765900
54900,-1700,300,"bu","14:15:04",1766200
54900,-1700,1000,"sd","14:16:14",1767200
54900,-1700,200,"sd","14:16:22",1767400
54900,-1700,2600,"bu","14:16:36",1770000
54900,-1700,200,"bu","14:16:57",1770200
54900,-1700,2000,"sd","14:17:04",1772200
54900,-1700,100,"bu","14:17:12",1772300
54800,-1800,1000,"sd","14:18:57",1773300
54900,-1700,900,"bu","14:19:05",1774200
54900,-1700,4000,"sd","14:19:09",1778200
54900,-1700,3200,"bu","14:19:12",1781400
54900,-1700,3000,"bu","14:19:20",1784400
54900,-1700,4700,"bu","14:19:24",1789100
55000,-1600,200,"sd","14:19:32",1789300
55000,-1600,7800,"sd","14:19:36",1797100
55100,-1500,3100,"bu","14:19:48",1800200
55100,-1500,600,"bu","14:20:00",1800800
54900,-1700,4000,"sd","14:20:40",1804800
55200,-1400,2000,"sd","14:21:31",1806800
55200,-1400,1000,"bu","14:21:35",1807800
55200,-1400,300,"sd","14:21:43",1808100
55100,-1500,2300,"bu","14:21:48",1810400
55500,-1100,15300,"sd","14:21:59",1825700
55500,-1100,4800,"sd","14:22:03",1830500
55900,-700,8500,"bu","14:22:22",1839000
55500,-1100,3800,"sd","14:22:30",1842800
56000,-600,8500,"bu","14:22:52",1851300
56000,-600,8500,"sd","14:23:23",1859800
56000,-600,2000,"sd","14:23:27",1861800
56000,-600,8900,"bu","14:23:57",1870700
56000,-600,500,"sd","14:24:01",1871200
56100,-500,8500,"bu","14:24:23",1879700
56100,-500,400,"bu","14:24:34",1880100
56100,-500,1000,"sd","14:24:46",1881100
56500,-100,9500,"bu","14:24:57",1890600
56500,-100,400,"sd","14:25:08",1891000
56600,0,800,"sd","14:25:12",1891800
56700,100,8500,"sd","14:25:28",1900300
56500,-100,1600,"sd","14:25:36",1901900
56500,-100,400,"sd","14:25:46",1902300
56500,-100,17700,"bu","14:25:59",1920000
56500,-100,2400,"sd","14:26:18",1922400
56500,-100,7600,"sd","14:26:26",1930000
56600,0,8500,"bu","14:26:31",1938500
56500,-100,500,"bu","14:26:40",1939000
56700,100,8600,"bu","14:26:59",1947600
56400,-200,8600,"bu","14:27:32",1956200
56000,-600,100,"bu","14:27:36",1956300
56400,-200,1400,"bu","14:28:02",1957700
56400,-200,100,"bu","14:28:12",1957800
56000,-600,800,"bu","14:28:25",1958600
56000,-600,6000,"bu","14:28:30",1964600
56000,-600,800,"bu","14:28:39",1965400
56000,-600,300,"sd","14:28:43",1965700
56000,-600,500,"sd","14:28:48",1966200
56000,-600,200,"bu","14:28:52",1966400
55600,-1000,100,"bu","14:29:16",1966500
55600,-1000,1000,"sd","14:29:21",1967500
55800,-800,500,"sd","14:29:25",1968000
55800,-800,600,"sd","14:29:53",1968600
55800,-800,2500,"bu","14:29:57",1971100
55800,-800,4300,"sd","14:30:02",1975400
54700,-1900,142000,"sd","14:45:27",2117400
