"price","change","match_qtty","side","time","total_vol"
39.3,0.4,7400,"","14:45:00",224200
39.4,0.5,900,"bu","14:29:35",216800
39.3,0.4,200,"sd","14:29:33",215800
39.3,0.4,200,"sd","14:29:12",215600
39.35,0.45,200,"sd","14:29:02",215400
39.35,0.45,1000,"sd","14:28:52",215200
39.4,0.5,200,"sd","14:27:25",214200
39.4,0.5,100,"sd","14:27:13",214000
39.4,0.5,100,"sd","14:26:57",213900
39.4,0.5,100,"sd","14:26:42",213800
39.4,0.5,500,"sd","14:26:29",213700
39.4,0.5,5700,"bu","14:24:53",213200
39.4,0.5,500,"bu","14:24:40",207500
39.4,0.5,100,"bu","14:24:17",207000
39.4,0.5,300,"bu","14:23:47",206900
39.4,0.5,100,"bu","14:22:21",206600
39.4,0.5,100,"sd","14:21:37",206500
39.4,0.5,100,"sd","14:19:30",206400
39.4,0.5,400,"sd","14:19:02",206300
39.45,0.55,2900,"bu","14:18:37",205900
39.45,0.55,300,"bu","14:17:28",203000
39.45,0.55,600,"bu","14:16:46",202700
39.4,0.5,100,"sd","14:16:03",202100
39.45,0.55,300,"bu","14:16:03",202000
39.45,0.55,200,"bu","14:15:42",201700
39.45,0.55,300,"bu","14:15:27",201500
39.45,0.55,200,"bu","14:15:24",201200
39.45,0.55,200,"bu","14:15:18",201000
39.45,0.55,300,"bu","14:15:09",200800
39.45,0.55,200,"bu","14:15:03",200500
39.45,0.55,200,"bu","14:14:58",200300
39.45,0.55,300,"bu","14:14:50",200100
39.45,0.55,100,"bu","14:14:42",199800
39.4,0.5,200,"bu","14:14:42",199700
39.4,0.5,200,"bu","14:14:40",199500
39.4,0.5,1000,"bu","14:14:37",199300
39.4,0.5,100,"bu","14:14:36",198300
39.4,0.5,200,"bu","14:14:35",198200
39.4,0.5,200,"bu","14:14:23",198000
39.4,0.5,1000,"bu","14:11:11",197800
39.4,0.5,200,"bu","14:09:02",196800
39.4,0.5,400,"bu","14:05:07",196600
39.4,0.5,200,"bu","14:03:27",196200
39.4,0.5,200,"bu","14:03:05",196000
39.4,0.5,1000,"bu","14:02:30",195800
39.4,0.5,200,"bu","13:58:04",194800
39.4,0.5,200,"bu","13:57:46",194600
39.4,0.5,200,"bu","13:57:43",194400
39.4,0.5,200,"bu","13:57:22",194200
39.4,0.5,200,"bu","13:57:02",194000
39.4,0.5,200,"bu","13:56:30",193800
39.4,0.5,200,"bu","13:56:07",193600
39.4,0.5,200,"bu","13:55:49",193400
39.45,0.55,200,"bu","13:55:26",193200
39.45,0.55,200,"bu","13:55:16",193000
39.45,0.55,200,"bu","13:55:08",192800
39.45,0.55,200,"bu","13:54:47",192600
39.4,0.5,11300,"bu","13:54:42",192400
39.35,0.45,3700,"bu","13:54:42",181100
39.35,0.45,100,"bu","13:52:30",177400
39.3,0.4,300,"sd","13:51:12",177300
39.35,0.45,100,"bu","13:48:16",177000
39.35,0.45,100,"bu","13:45:02",176900
39.35,0.45,800,"sd","13:44:19",176800
39.35,0.45,2900,"sd","13:44:18",176000
39.35,0.45,1200,"sd","13:44:11",173100
39.35,0.45,500,"sd","13:44:10",171900
39.35,0.45,1000,"sd","13:44:09",171400
39.35,0.45,1000,"sd","13:43:47",170400
39.35,0.45,800,"sd","13:42:51",169400
39.35,0.45,1800,"sd","13:40:58",168600
39.35,0.45,700,"sd","13:40:13",166800
39.35,0.45,1300,"sd","13:40:11",166100
39.35,0.45,500,"sd","13:39:57",164800
39.35,0.45,600,"sd","13:33:09",164300
39.35,0.45,200,"sd","13:32:47",163700
39.35,0.45,5800,"bu","13:31:07",163500
39.35,0.45,200,"bu","13:30:05",157700
39.3,0.4,1000,"sd","13:27:02",157500
39.3,0.4,600,"sd","13:24:39",156500
39.3,0.4,1200,"bu","13:24:09",155900
39.3,0.4,100,"bu","13:22:16",154700
39.3,0.4,100,"bu","13:22:15",154600
39.3,0.4,100,"bu","13:21:58",154500
39.3,0.4,2000,"bu","13:21:57",154400
39.3,0.4,800,"bu","13:15:16",152400
39.2,0.3,100,"sd","13:12:40",151600
39.2,0.3,200,"sd","13:10:45",151500
39.2,0.3,1000,"sd","13:10:44",151300
39.25,0.35,1500,"sd","13:08:40",147800
39.3,0.4,200,"bu","13:04:44",146300
39.25,0.35,200,"sd","13:00:09",146100
39.25,0.35,2500,"sd","13:00:09",145900
39.25,0.35,300,"bu","13:00:00",143400
39.25,0.35,1200,"sd","11:27:54",143100
39.3,0.4,900,"bu","11:25:07",141900
39.3,0.4,100,"bu","11:16:19",141000
39.3,0.4,100,"bu","11:09:58",140900
39.25,0.35,4400,"bu","11:09:51",140800
39.25,0.35,500,"sd","11:07:22",136400
39.3,0.4,10400,"sd","11:06:33",135900
39.3,0.4,100,"sd","11:02:31",125500
39.35,0.45,400,"sd","10:58:07",125400
39.35,0.45,200,"bu","10:55:57",125000
39.35,0.45,200,"sd","10:54:35",124800
39.35,0.45,800,"bu","10:53:24",124600
39.35,0.45,100,"bu","10:50:24",123800
39.35,0.45,100,"bu","10:49:59",123700
39.35,0.45,200,"sd","10:47:07",123600
39.35,0.45,800,"bu","10:46:56",123400
39.35,0.45,200,"bu","10:46:55",122600
39.35,0.45,100,"sd","10:45:11",122400
39.35,0.45,800,"sd","10:44:32",122300
39.4,0.5,100,"bu","10:44:01",121500
39.35,0.45,5200,"bu","10:43:22",121400
39.35,0.45,100,"bu","10:40:58",116200
39.4,0.5,1000,"bu","10:40:53",116100
39.35,0.45,100,"sd","10:39:44",115100
39.35,0.45,5000,"bu","10:39:08",115000
39.25,0.35,100,"bu","10:39:08",107200
39.2,0.3,500,"sd","10:38:16",107100
39.2,0.3,200,"sd","10:36:14",106600
39.3,0.4,1700,"bu","10:31:41",106400
39.2,0.3,600,"bu","10:31:41",104700
39.2,0.3,600,"bu","10:31:21",104100
39.2,0.3,1000,"bu","10:31:16",103500
39.2,0.3,1000,"bu","10:30:45",102500
39.15,0.25,200,"bu","10:27:59",101500
39.05,0.15,500,"sd","10:25:01",101300
39.05,0.15,100,"sd","10:22:52",100800
39,0.1,300,"sd","10:22:11",100700
39,0.1,800,"sd","10:17:07",100400
39,0.1,900,"sd","10:17:07",99600
39.05,0.15,1500,"sd","10:17:07",98700
39.1,0.2,100,"sd","10:17:07",97200
39.15,0.25,100,"bu","10:17:01",97100
39.15,0.25,100,"bu","10:16:29",97000
39.15,0.25,100,"bu","10:12:56",96900
39.3,0.4,700,"bu","10:11:56",96800
39.2,0.3,1100,"bu","10:11:56",96100
39.15,0.25,200,"bu","10:11:56",95000
39.15,0.25,1000,"bu","10:11:37",94800
39.05,0.15,700,"bu","10:11:27",93800
39.05,0.15,300,"bu","10:10:32",93100
39.05,0.15,300,"bu","10:06:52",92800
39,0.1,100,"bu","10:04:35",92500
39,0.1,500,"bu","10:04:21",92400
38.95,0.05,100,"sd","10:02:38",91900
38.9,0,2200,"bu","09:56:48",91800
38.9,0,100,"bu","09:56:46",89600
38.9,0,1000,"bu","09:56:41",89500
38.9,0,300,"bu","09:56:26",88500
38.9,0,100,"bu","09:56:12",88200
38.9,0,100,"bu","09:56:03",88100
38.9,0,2000,"bu","09:55:57",88000
38.9,0,1000,"bu","09:55:49",85000
38.9,0,200,"bu","09:55:35",84000
38.9,0,9400,"bu","09:55:33",83800
38.9,0,100,"bu","09:55:09",74400
38.9,0,400,"bu","09:55:08",74300
38.9,0,300,"bu","09:55:01",73900
38.9,0,100,"bu","09:54:52",73600
38.9,0,1000,"bu","09:54:28",73500
38.9,0,100,"bu","09:54:23",72500
38.9,0,2900,"sd","09:54:00",72400
38.95,0.05,400,"sd","09:54:00",69500
39,0.1,6300,"sd","09:54:00",69100
39.05,0.15,2700,"sd","09:54:00",62800
39.1,0.2,1700,"sd","09:54:00",60100
39.15,0.25,200,"bu","09:49:54",58400
39.1,0.2,1700,"sd","09:49:42",58200
39.15,0.25,200,"bu","09:49:32",56500
39.15,0.25,200,"bu","09:49:14",56300
39.15,0.25,200,"sd","09:49:05",56100
39.15,0.25,1200,"sd","09:47:48",55900
39.15,0.25,200,"bu","09:46:28",54700
39.15,0.25,2800,"sd","09:46:21",54500
39.2,0.3,1300,"sd","09:45:37",51700
39.2,0.3,1000,"sd","09:45:02",50400
39.3,0.4,800,"sd","09:44:42",49400
39.3,0.4,1200,"bu","09:44:24",48600
39.2,0.3,1000,"bu","09:43:57",47400
39.2,0.3,300,"bu","09:43:54",46400
39.2,0.3,2000,"bu","09:43:51",46100
39.2,0.3,200,"bu","09:43:42",44100
39.2,0.3,2000,"bu","09:43:40",43900
39.2,0.3,200,"bu","09:43:22",41900
39.2,0.3,200,"bu","09:43:02",41700
39.2,0.3,200,"bu","09:43:01",41500
39.2,0.3,200,"bu","09:42:43",41300
39.2,0.3,200,"bu","09:42:42",41100
39.2,0.3,200,"bu","09:42:34",40900
39.15,0.25,1700,"bu","09:42:25",40700
39.15,0.25,200,"bu","09:42:20",39000
39.15,0.25,200,"bu","09:42:00",38800
39.15,0.25,2700,"bu","09:41:58",38600
39.15,0.25,200,"bu","09:41:57",35900
39.15,0.25,200,"bu","09:41:39",35700
39.15,0.25,200,"bu","09:40:48",35500
39.15,0.25,1000,"bu","09:40:43",35300
39.15,0.25,200,"bu","09:40:29",34300
39.15,0.25,300,"bu","09:40:09",34100
39.15,0.25,200,"bu","09:40:07",33800
39.15,0.25,200,"bu","09:39:46",33600
39.15,0.25,200,"bu","09:39:05",33400
39.15,0.25,200,"bu","09:38:57",33200
39.15,0.25,200,"bu","09:38:43",33000
39.15,0.25,700,"bu","09:37:55",32800
39.15,0.25,100,"bu","09:37:31",32100
39.1,0.2,600,"bu","09:37:18",32000
39.1,0.2,400,"sd","09:37:02",31400
39.1,0.2,600,"bu","09:35:55",31000
39.1,0.2,400,"sd","09:35:53",30400
39.15,0.25,200,"bu","09:34:49",30000
39.1,0.2,800,"sd","09:34:31",29800
39.15,0.25,200,"bu","09:34:31",29000
39.15,0.25,200,"bu","09:34:11",28800
39.15,0.25,200,"bu","09:33:47",28600
39.15,0.25,200,"bu","09:33:29",28400
39.15,0.25,200,"bu","09:33:09",28200
39.15,0.25,200,"bu","09:32:43",28000
39.1,0.2,200,"bu","09:32:10",27800
39.1,0.2,200,"bu","09:31:17",27600
39.1,0.2,200,"bu","09:30:59",27400
39.1,0.2,200,"bu","09:30:57",27200
39.1,0.2,200,"bu","09:30:56",27000
39.1,0.2,100,"bu","09:30:54",26800
39.15,0.25,500,"bu","09:29:08",26700
39,0.1,1900,"sd","09:28:53",26200
39,0.1,2700,"sd","09:28:20",24300
38.9,0,3700,"sd","09:25:25",21600
38.95,0.05,1200,"sd","09:24:37",17900
39,0.1,100,"sd","09:24:37",16700
39,0.1,100,"sd","09:20:01",16600
38.95,0.05,4900,"sd","09:18:43",16500
39,0.1,100,"sd","09:18:43",11600
39.15,0.25,100,"bu","09:17:03",11500
38.95,0.05,8000,"sd","09:16:03",11400
38.95,0.05,3400,"","09:15:01",3400
