"price","change","match_qtty","side","time","total_vol"
8.44,0.34,25400,"","14:45:01",847200
8.42,0.32,1000,"sd","14:29:57",821800
8.43,0.33,500,"bu","14:29:55",820800
8.42,0.32,2000,"sd","14:29:51",820300
8.42,0.32,600,"sd","14:29:25",818300
8.42,0.32,3000,"sd","14:29:24",817700
8.43,0.33,3000,"bu","14:29:04",814700
8.42,0.32,5200,"sd","14:28:54",811700
8.42,0.32,200,"sd","14:28:49",806500
8.42,0.32,10000,"sd","14:28:38",806300
8.43,0.33,3700,"bu","14:28:09",796300
8.42,0.32,4500,"sd","14:28:01",792600
8.42,0.32,200,"sd","14:27:54",788100
8.42,0.32,5000,"sd","14:27:41",787900
8.42,0.32,3700,"bu","14:27:19",782900
8.39,0.29,500,"sd","14:27:12",779200
8.42,0.32,200,"bu","14:26:16",778700
8.42,0.32,700,"sd","14:26:11",778500
8.42,0.32,200,"sd","14:26:03",777800
8.42,0.32,800,"bu","14:25:46",777600
8.42,0.32,4200,"bu","14:25:42",776800
8.41,0.31,300,"bu","14:25:42",772600
8.4,0.3,500,"bu","14:25:42",772300
8.4,0.3,100,"bu","14:25:01",771800
8.4,0.3,400,"sd","14:24:59",771700
8.4,0.3,500,"sd","14:24:55",771300
8.4,0.3,800,"sd","14:23:45",770800
8.4,0.3,1000,"sd","14:23:18",770000
8.4,0.3,100,"sd","14:23:05",769000
8.4,0.3,2000,"sd","14:22:47",768900
8.4,0.3,100,"sd","14:22:10",766900
8.4,0.3,100,"sd","14:21:10",766800
8.4,0.3,500,"sd","14:20:48",766700
8.4,0.3,100,"sd","14:20:36",766200
8.41,0.31,300,"sd","14:19:56",766100
8.42,0.32,100,"sd","14:19:17",765800
8.42,0.32,300,"sd","14:18:51",765700
8.42,0.32,1000,"sd","14:18:44",765400
8.42,0.32,300,"sd","14:18:26",764400
8.42,0.32,1900,"sd","14:18:15",764100
8.42,0.32,100,"sd","14:17:58",762200
8.42,0.32,4400,"bu","14:17:31",762100
8.41,0.31,800,"sd","14:16:56",757700
8.41,0.31,1500,"bu","14:16:06",756900
8.4,0.3,1600,"bu","14:15:32",755400
8.39,0.29,100,"sd","14:15:17",753800
8.4,0.3,100,"bu","14:14:01",753700
8.4,0.3,500,"sd","14:13:57",753600
8.4,0.3,300,"sd","14:12:24",753100
8.4,0.3,200,"sd","14:11:33",752800
8.4,0.3,1500,"sd","14:11:33",752600
8.4,0.3,1000,"sd","14:11:11",751100
8.4,0.3,800,"sd","14:10:58",750100
8.4,0.3,100,"sd","14:10:57",749300
8.4,0.3,200,"bu","14:10:46",749200
8.4,0.3,8000,"bu","14:10:44",749000
8.39,0.29,100,"bu","14:10:01",737000
8.39,0.29,500,"bu","14:09:56",736900
8.39,0.29,1700,"bu","14:09:51",736400
8.39,0.29,5700,"sd","14:09:46",734700
8.39,0.29,100,"sd","14:09:41",729000
8.4,0.3,300,"bu","14:09:06",728900
8.4,0.3,1300,"sd","14:09:05",728600
8.4,0.3,200,"sd","14:08:06",727300
8.4,0.3,200,"bu","14:07:56",727100
8.4,0.3,5700,"sd","14:07:54",726900
8.4,0.3,200,"sd","14:07:32",721200
8.4,0.3,300,"sd","14:07:25",721000
8.4,0.3,10000,"sd","14:07:14",720700
8.4,0.3,24000,"sd","14:06:51",710700
8.43,0.33,400,"bu","14:06:46",686700
8.43,0.33,100,"bu","14:05:51",686300
8.43,0.33,600,"sd","14:05:49",686200
8.43,0.33,100,"sd","14:05:29",685600
8.43,0.33,1000,"sd","14:05:00",685500
8.43,0.33,2000,"sd","14:04:42",684500
8.43,0.33,2000,"sd","14:04:40",682500
8.43,0.33,200,"sd","14:03:13",680500
8.45,0.35,500,"bu","14:03:12",680300
8.45,0.35,300,"bu","14:03:11",679800
8.45,0.35,1000,"bu","14:03:08",679500
8.43,0.33,500,"sd","14:02:52",678500
8.43,0.33,2700,"bu","14:02:41",678000
8.43,0.33,5700,"bu","14:02:40",675300
8.42,0.32,3100,"bu","14:02:40",669600
8.41,0.31,1200,"bu","14:02:40",666500
8.4,0.3,500,"sd","14:02:12",665300
8.4,0.3,2200,"sd","14:01:20",664800
8.4,0.3,1000,"sd","14:00:49",662600
8.4,0.3,5000,"sd","14:00:43",661600
8.4,0.3,15000,"sd","13:59:53",656600
8.41,0.31,300,"bu","13:57:44",641600
8.4,0.3,600,"sd","13:56:45",641300
8.41,0.31,100,"bu","13:56:41",640700
8.41,0.31,500,"bu","13:56:39",640600
8.41,0.31,100,"bu","13:56:29",640100
8.4,0.3,400,"sd","13:56:10",640000
8.4,0.3,12900,"bu","13:56:07",639600
8.39,0.29,3500,"bu","13:54:31",626700
8.39,0.29,100,"bu","13:53:16",623200
8.39,0.29,400,"bu","13:53:11",623100
8.39,0.29,1400,"sd","13:53:08",622700
8.39,0.29,2500,"bu","13:52:06",621300
8.39,0.29,10300,"bu","13:52:03",618800
8.38,0.28,700,"sd","13:51:28",608500
8.38,0.28,6700,"sd","13:50:47",607800
8.38,0.28,3000,"bu","13:50:38",601100
8.38,0.28,100,"bu","13:49:45",598100
8.37,0.27,2000,"sd","13:49:18",598000
8.37,0.27,1000,"sd","13:47:17",596000
8.37,0.27,1000,"sd","13:47:04",595000
8.37,0.27,5000,"sd","13:46:47",594000
8.37,0.27,500,"sd","13:46:29",589000
8.37,0.27,1000,"sd","13:46:17",588500
8.37,0.27,2000,"sd","13:45:57",587500
8.37,0.27,1000,"bu","13:45:32",585500
8.35,0.25,3000,"sd","13:45:17",584500
8.37,0.27,300,"bu","13:44:11",581500
8.37,0.27,1200,"sd","13:44:09",581200
8.37,0.27,100,"sd","13:43:22",580000
8.39,0.29,300,"bu","13:43:21",579900
8.39,0.29,1000,"bu","13:43:19",579600
8.39,0.29,200,"bu","13:42:36",578600
8.39,0.29,700,"sd","13:42:34",578400
8.39,0.29,100,"bu","13:42:26",577700
8.39,0.29,2900,"sd","13:42:24",577600
8.39,0.29,600,"sd","13:42:17",574700
8.39,0.29,100,"sd","13:41:58",574100
8.39,0.29,5400,"bu","13:41:42",574000
8.39,0.29,24600,"sd","13:41:39",568600
8.39,0.29,500,"sd","13:41:17",544000
8.39,0.29,7100,"bu","13:41:07",543500
8.37,0.27,2900,"sd","13:40:05",536400
8.4,0.3,200,"bu","13:35:21",533500
8.4,0.3,700,"bu","13:35:16",533300
8.4,0.3,2600,"sd","13:35:15",532600
8.4,0.3,500,"sd","13:35:02",530000
8.4,0.3,500,"sd","13:34:54",529500
8.4,0.3,100,"sd","13:34:53",529000
8.4,0.3,1000,"sd","13:34:45",528900
8.4,0.3,200,"sd","13:34:35",527900
8.4,0.3,500,"sd","13:34:30",527700
8.4,0.3,100,"sd","13:34:18",527200
8.4,0.3,200,"sd","13:34:04",527100
8.4,0.3,6400,"bu","13:33:56",526900
8.4,0.3,26200,"bu","13:33:53",520500
8.39,0.29,2200,"bu","13:33:53",494300
8.38,0.28,3600,"bu","13:33:53",492100
8.38,0.28,200,"bu","13:32:47",488500
8.38,0.28,900,"bu","13:32:41",488300
8.38,0.28,3100,"bu","13:32:36",487400
8.38,0.28,200,"sd","13:32:09",484300
8.39,0.29,300,"bu","13:31:56",484100
8.39,0.29,1000,"bu","13:31:52",483800
8.39,0.29,200,"bu","13:31:29",482800
8.38,0.28,800,"bu","13:30:50",482600
8.38,0.28,200,"bu","13:30:36",481800
8.4,0.3,100,"bu","13:26:30",481600
8.4,0.3,100,"bu","13:25:06",481500
8.4,0.3,500,"bu","13:25:01",481400
8.4,0.3,1700,"bu","13:24:56",480900
8.4,0.3,5800,"sd","13:24:53",479200
8.4,0.3,300,"sd","13:24:50",473400
8.4,0.3,700,"sd","13:24:38",473100
8.4,0.3,500,"sd","13:24:37",472400
8.4,0.3,500,"sd","13:24:33",471900
8.4,0.3,500,"sd","13:24:32",471400
8.4,0.3,500,"sd","13:24:31",470900
8.4,0.3,1000,"sd","13:24:26",470400
8.4,0.3,10000,"sd","13:23:59",469400
8.4,0.3,1500,"sd","13:23:58",459400
8.42,0.32,200,"bu","13:22:16",457900
8.42,0.32,700,"sd","13:22:15",457700
8.42,0.32,100,"sd","13:22:13",457000
8.42,0.32,200,"sd","13:22:08",456900
8.42,0.32,200,"bu","13:21:59",456700
8.42,0.32,300,"bu","13:21:54",456500
8.43,0.33,300,"bu","13:20:46",456200
8.43,0.33,1000,"bu","13:20:41",455900
8.43,0.33,100,"bu","13:20:37",454900
8.4,0.3,3300,"bu","13:20:36",454800
8.4,0.3,21300,"bu","13:20:35",451500
8.4,0.3,100,"bu","13:20:35",430200
8.39,0.29,3400,"bu","13:20:35",430100
8.38,0.28,2100,"bu","13:20:35",426700
8.36,0.26,100,"bu","13:20:35",424600
8.35,0.25,19800,"bu","13:20:35",424500
8.34,0.24,2200,"bu","13:20:35",404700
8.33,0.23,1000,"bu","13:20:35",402500
8.32,0.22,1000,"bu","13:20:11",401500
8.3,0.2,900,"sd","13:20:08",400500
8.31,0.21,400,"bu","13:19:56",399500
8.3,0.2,6000,"bu","13:18:44",399100
8.3,0.2,100,"bu","13:18:39",393100
8.3,0.2,100,"bu","13:17:58",393000
8.3,0.2,100,"bu","13:17:16",392900
8.3,0.2,600,"bu","13:17:11",392800
8.3,0.2,2100,"bu","13:17:07",392200
8.3,0.2,7100,"sd","13:17:03",390100
8.3,0.2,2000,"sd","13:16:52",383000
8.3,0.2,4000,"sd","13:16:28",381000
8.3,0.2,200,"sd","13:15:29",377000
8.3,0.2,1000,"sd","13:15:22",376800
8.31,0.21,100,"bu","13:15:11",375800
8.31,0.21,500,"bu","13:15:09",375700
8.3,0.2,500,"sd","13:14:59",375200
8.31,0.21,600,"bu","13:14:56",374700
8.31,0.21,2000,"bu","13:14:55",374100
8.31,0.21,100,"bu","13:13:24",372100
8.31,0.21,300,"bu","13:13:13",372000
8.3,0.2,200,"sd","13:12:37",371700
8.3,0.2,5000,"bu","13:10:53",371500
8.3,0.2,100,"bu","13:10:26",366500
8.3,0.2,400,"bu","13:10:21",366400
8.3,0.2,1400,"bu","13:10:16",366000
8.3,0.2,3100,"sd","13:10:13",364600
8.3,0.2,1800,"bu","13:10:11",361500
8.3,0.2,10000,"bu","13:10:07",359700
8.3,0.2,600,"bu","13:10:06",349700
8.3,0.2,2000,"bu","13:10:01",349100
8.29,0.19,1000,"bu","13:09:47",347100
8.28,0.18,100,"sd","13:09:44",346100
8.28,0.18,200,"sd","13:08:47",346000
8.28,0.18,500,"sd","13:07:28",345800
8.27,0.17,100,"sd","13:04:57",345300
8.27,0.17,100,"bu","13:04:36",345200
8.27,0.17,100,"bu","13:03:56",345100
8.27,0.17,600,"bu","13:03:51",345000
8.27,0.17,2300,"bu","13:03:48",344400
8.25,0.15,200,"sd","13:00:17",342100
8.25,0.15,200,"sd","13:00:08",341900
8.25,0.15,900,"sd","11:29:04",341700
8.26,0.16,300,"sd","11:29:04",340800
8.27,0.17,300,"sd","11:29:04",340500
8.28,0.18,300,"sd","11:29:04",340200
8.29,0.19,200,"sd","11:29:04",339900
8.29,0.19,600,"bu","11:28:51",339700
8.29,0.19,1100,"sd","11:28:47",339100
8.29,0.19,1500,"sd","11:28:45",338000
8.29,0.19,1000,"sd","11:28:32",336500
8.29,0.19,3000,"sd","11:28:22",335500
8.3,0.2,300,"bu","11:28:21",332500
8.3,0.2,1000,"sd","11:28:18",332200
8.3,0.2,100,"sd","11:28:10",331200
8.3,0.2,100,"sd","11:28:05",331100
8.3,0.2,100,"sd","11:27:52",331000
8.31,0.21,300,"sd","11:27:37",330900
8.32,0.22,300,"sd","11:26:10",330600
8.32,0.22,1000,"bu","11:25:51",330300
8.31,0.21,100,"bu","11:25:39",329300
8.31,0.21,1000,"bu","11:25:37",329200
8.3,0.2,1000,"bu","11:25:23",328200
8.3,0.2,300,"bu","11:24:41",327200
8.3,0.2,200,"sd","11:24:16",326900
8.3,0.2,900,"sd","11:24:10",326700
8.3,0.2,1000,"sd","11:23:58",325800
8.3,0.2,200,"sd","11:23:57",324800
8.3,0.2,500,"sd","11:23:56",324600
8.3,0.2,1000,"sd","11:23:44",324100
8.3,0.2,500,"sd","11:23:35",323100
8.3,0.2,500,"sd","11:22:59",322600
8.3,0.2,200,"sd","11:22:53",322100
8.3,0.2,100,"sd","11:22:44",321900
8.3,0.2,500,"sd","11:22:44",321800
8.3,0.2,200,"sd","11:22:31",321300
8.3,0.2,600,"bu","11:20:56",321100
8.3,0.2,5300,"bu","11:20:55",320500
8.3,0.2,300,"bu","11:20:50",315200
8.3,0.2,100,"bu","11:20:41",314900
8.3,0.2,600,"bu","11:20:36",314800
8.3,0.2,2000,"bu","11:20:33",314200
8.29,0.19,300,"sd","11:20:22",312200
8.3,0.2,100,"bu","11:20:06",311900
8.3,0.2,500,"bu","11:20:01",311800
8.3,0.2,300,"bu","11:19:40",311300
8.3,0.2,1000,"bu","11:19:38",311000
8.3,0.2,200,"bu","11:19:16",310000
8.3,0.2,400,"bu","11:19:14",309800
8.3,0.2,500,"bu","11:19:14",309400
8.29,0.19,6100,"bu","11:19:07",308900
8.28,0.18,300,"bu","11:19:07",302800
8.28,0.18,200,"sd","11:18:44",302500
8.28,0.18,100,"sd","11:18:39",302300
8.28,0.18,500,"sd","11:18:30",302200
8.28,0.18,1300,"bu","11:18:05",301700
8.28,0.18,100,"sd","11:15:32",300400
8.28,0.18,200,"sd","11:14:53",300300
8.28,0.18,100,"sd","11:14:40",300100
8.28,0.18,100,"sd","11:14:13",300000
8.28,0.18,900,"sd","11:14:08",299900
8.29,0.19,300,"bu","11:14:06",299000
8.29,0.19,400,"bu","11:14:03",298700
8.28,0.18,800,"bu","11:14:03",298300
8.27,0.17,1000,"bu","11:13:16",297500
8.26,0.16,500,"bu","11:12:49",296500
8.26,0.16,300,"bu","11:12:49",296000
8.25,0.15,500,"bu","11:12:23",295700
8.25,0.15,200,"bu","11:12:20",295200
8.25,0.15,800,"bu","11:12:16",295000
8.25,0.15,900,"bu","11:12:11",294200
8.25,0.15,5100,"bu","11:12:10",293300
8.25,0.15,100,"bu","11:11:49",288200
8.24,0.14,100,"sd","11:11:32",288100
8.24,0.14,100,"sd","11:11:15",288000
8.24,0.14,500,"sd","11:08:41",287900
8.24,0.14,1900,"bu","11:07:56",287400
8.24,0.14,100,"bu","11:07:45",285500
8.24,0.14,200,"sd","11:06:44",285400
8.25,0.15,100,"bu","11:05:37",285200
8.24,0.14,100,"bu","11:05:37",285100
8.24,0.14,100,"bu","11:02:30",285000
8.24,0.14,100,"sd","11:02:16",284900
8.24,0.14,100,"sd","11:01:54",284800
8.24,0.14,100,"bu","11:01:41",284700
8.24,0.14,1000,"bu","11:01:40",284600
8.23,0.13,3100,"sd","11:01:02",283600
8.23,0.13,8000,"sd","11:00:36",280500
8.23,0.13,1000,"sd","10:57:26",272500
8.23,0.13,600,"sd","10:56:35",271500
8.23,0.13,1000,"sd","10:55:56",270900
8.23,0.13,1500,"sd","10:55:52",269900
8.23,0.13,1000,"sd","10:55:33",268400
8.23,0.13,500,"sd","10:53:55",267400
8.25,0.15,100,"bu","10:53:15",266900
8.23,0.13,100,"sd","10:53:02",266800
8.23,0.13,1000,"sd","10:50:25",266700
8.23,0.13,200,"bu","10:49:45",265700
8.23,0.13,800,"sd","10:49:44",265500
8.23,0.13,200,"bu","10:49:22",264700
8.23,0.13,300,"sd","10:49:07",264500
8.23,0.13,1000,"bu","10:48:31",264200
8.22,0.12,1300,"bu","10:48:22",263200
8.22,0.12,400,"bu","10:48:21",261900
8.22,0.12,1600,"bu","10:48:16",261500
8.22,0.12,5000,"bu","10:48:13",259900
8.22,0.12,600,"bu","10:48:10",254900
8.22,0.12,2000,"bu","10:48:08",254300
8.22,0.12,100,"bu","10:47:53",252300
8.21,0.11,100,"sd","10:47:44",252200
8.21,0.11,200,"sd","10:47:18",252100
8.21,0.11,100,"sd","10:46:44",251900
8.21,0.11,200,"sd","10:46:43",251800
8.21,0.11,200,"sd","10:45:47",251600
8.21,0.11,3500,"sd","10:45:28",251400
8.21,0.11,700,"bu","10:45:04",247900
8.21,0.11,7800,"bu","10:45:00",247200
8.21,0.11,300,"bu","10:44:41",239400
8.21,0.11,1000,"bu","10:44:36",239100
8.21,0.11,300,"bu","10:44:31",238100
8.21,0.11,1000,"bu","10:44:26",237800
8.21,0.11,3500,"bu","10:44:21",236800
8.2,0.1,1000,"bu","10:43:45",233300
8.2,0.1,300,"bu","10:43:41",232300
8.2,0.1,100,"bu","10:43:40",232000
8.2,0.1,500,"bu","10:43:36",231900
8.2,0.1,1800,"bu","10:43:30",231400
8.2,0.1,6300,"sd","10:43:29",229600
8.21,0.11,300,"bu","10:42:05",223300
8.21,0.11,1000,"bu","10:42:00",223000
8.2,0.1,500,"sd","10:41:38",222000
8.2,0.1,1000,"sd","10:41:24",221500
8.21,0.11,100,"bu","10:38:50",220500
8.2,0.1,100,"sd","10:38:36",220400
8.2,0.1,500,"sd","10:37:47",220300
8.2,0.1,1400,"bu","10:37:47",219800
8.2,0.1,600,"bu","10:37:45",218400
8.2,0.1,500,"bu","10:37:43",217800
8.2,0.1,1700,"bu","10:37:41",217300
8.2,0.1,5800,"sd","10:37:36",215600
8.2,0.1,6600,"bu","10:37:31",209800
8.2,0.1,1700,"bu","10:37:30",203200
8.2,0.1,5900,"bu","10:37:26",201500
8.2,0.1,19900,"bu","10:37:25",195600
8.2,0.1,300,"bu","10:36:50",175700
8.2,0.1,1000,"bu","10:36:46",175400
8.2,0.1,100,"bu","10:36:40",174400
8.2,0.1,200,"bu","10:36:15",174300
8.2,0.1,700,"bu","10:36:10",174100
8.2,0.1,2500,"bu","10:36:09",173400
8.19,0.09,3000,"bu","10:34:41",170900
8.18,0.08,100,"bu","10:34:21",167900
8.17,0.07,200,"bu","10:33:35",167800
8.17,0.07,6500,"bu","10:33:34",167600
8.17,0.07,200,"bu","10:32:51",161100
8.17,0.07,700,"bu","10:32:46",160900
8.17,0.07,1100,"sd","10:32:44",160200
8.18,0.08,1300,"sd","10:32:44",159100
8.18,0.08,400,"sd","10:32:27",157800
8.19,0.09,1300,"bu","10:32:27",157400
8.18,0.08,1400,"bu","10:32:20",156100
8.18,0.08,6400,"bu","10:32:16",154700
8.18,0.08,100,"bu","10:31:50",148300
8.18,0.08,600,"bu","10:31:46",148200
8.18,0.08,2000,"bu","10:31:44",147600
8.17,0.07,100,"bu","10:31:11",145600
8.17,0.07,4000,"bu","10:31:08",145500
8.16,0.06,800,"sd","10:30:34",141500
8.16,0.06,700,"bu","10:28:14",140700
8.16,0.06,300,"bu","10:27:31",140000
8.16,0.06,1200,"sd","10:27:29",139700
8.16,0.06,1400,"bu","10:22:25",138500
8.16,0.06,7400,"sd","10:22:21",137100
8.17,0.07,200,"bu","10:18:30",129700
8.17,0.07,900,"sd","10:18:29",129500
8.17,0.07,100,"bu","10:17:05",128600
8.18,0.08,100,"bu","10:14:41",128500
8.18,0.08,600,"bu","10:14:38",128400
8.17,0.07,300,"sd","10:14:26",127800
8.17,0.07,100,"sd","10:14:11",127500
8.17,0.07,1000,"sd","10:13:26",127400
8.17,0.07,200,"sd","10:13:12",126400
8.18,0.08,100,"bu","10:13:11",126200
8.17,0.07,100,"sd","10:12:55",126100
8.17,0.07,3500,"sd","10:11:59",126000
8.17,0.07,1000,"sd","10:10:57",122500
8.17,0.07,100,"sd","10:10:24",121500
8.17,0.07,200,"sd","10:09:25",121400
8.17,0.07,200,"bu","10:08:51",121200
8.17,0.07,13000,"bu","10:08:50",121000
8.16,0.06,2000,"sd","10:08:39",108000
8.16,0.06,1000,"sd","10:07:49",106000
8.16,0.06,300,"sd","10:00:40",105000
8.16,0.06,1000,"bu","10:00:28",104700
8.15,0.05,600,"bu","09:56:56",103700
8.15,0.05,14000,"bu","09:56:51",103100
8.15,0.05,300,"bu","09:56:17",89100
8.15,0.05,200,"bu","09:54:26",88800
8.15,0.05,600,"sd","09:54:24",88600
8.15,0.05,200,"sd","09:54:22",88000
8.15,0.05,300,"sd","09:53:19",87800
8.16,0.06,200,"sd","09:52:51",87500
8.16,0.06,700,"sd","09:52:23",87300
8.16,0.06,1900,"sd","09:51:52",86600
8.17,0.07,200,"bu","09:50:30",84700
8.17,0.07,900,"bu","09:50:26",84500
8.17,0.07,3000,"bu","09:50:21",83600
8.17,0.07,10000,"bu","09:50:17",80600
8.16,0.06,2000,"sd","09:49:06",70600
8.16,0.06,2500,"bu","09:48:53",68600
8.16,0.06,100,"bu","09:48:40",66100
8.16,0.06,500,"bu","09:48:39",66000
8.16,0.06,100,"bu","09:48:00",65500
8.16,0.06,600,"sd","09:48:00",65400
8.17,0.07,100,"bu","09:46:20",64800
8.17,0.07,500,"sd","09:46:18",64700
8.17,0.07,100,"sd","09:46:14",64200
8.17,0.07,1000,"sd","09:46:12",64100
8.17,0.07,1200,"sd","09:46:01",63100
8.17,0.07,1500,"bu","09:45:20",61900
8.17,0.07,10100,"bu","09:45:19",60400
8.16,0.06,900,"bu","09:45:19",50300
8.16,0.06,100,"bu","09:43:40",49400
8.16,0.06,600,"bu","09:43:36",49300
8.16,0.06,2000,"bu","09:43:33",48700
8.16,0.06,100,"bu","09:43:26",46700
8.16,0.06,600,"bu","09:43:20",46600
8.16,0.06,2000,"bu","09:43:18",46000
8.15,0.05,1500,"sd","09:42:24",44000
8.15,0.05,2000,"bu","09:40:26",42500
8.15,0.05,100,"bu","09:39:18",40500
8.15,0.05,200,"bu","09:38:04",40400
8.15,0.05,100,"bu","09:36:25",40200
8.15,0.05,100,"bu","09:36:22",40100
8.15,0.05,400,"bu","09:36:20",40000
8.15,0.05,1500,"sd","09:36:18",39600
8.15,0.05,5000,"bu","09:35:42",38100
8.15,0.05,100,"sd","09:30:05",33100
8.15,0.05,500,"sd","09:29:50",33000
8.17,0.07,100,"bu","09:21:51",32500
8.17,0.07,500,"bu","09:21:48",32400
8.17,0.07,200,"bu","09:21:20",31900
8.17,0.07,100,"bu","09:19:46",31700
8.1,0,100,"sd","09:19:18",31600
8.1,0,1200,"bu","09:16:35",31500
8.1,0,5000,"bu","09:16:32",30300
8.1,0,100,"bu","09:16:30",25300
8.1,0,500,"bu","09:16:26",25200
8.1,0,1500,"bu","09:16:22",24700
8.1,0,300,"bu","09:16:20",23200
8.1,0,1000,"bu","09:16:17",22900
8.1,0,300,"bu","09:15:56",21900
8.1,0,1300,"bu","09:15:50",21600
8.1,0,4600,"bu","09:15:48",20300
8.1,0,100,"bu","09:15:43",15700
8.1,0,100,"bu","09:15:14",15600
8.09,-0.01,15500,"","09:15:01",15500
