"price","change","match_qtty","side","time","total_vol"
13.75,0.25,503700,"","14:45:00",22415200
13.85,0.35,89300,"bu","14:29:57",21911500
13.8,0.3,10700,"bu","14:29:57",21822200
13.75,0.25,100,"sd","14:29:51",21811500
13.8,0.3,100,"bu","14:29:40",21811400
13.8,0.3,1000,"bu","14:29:37",21811300
13.75,0.25,1500,"sd","14:29:34",21810300
13.8,0.3,66500,"bu","14:29:34",21808800
13.8,0.3,83500,"bu","14:29:33",21742300
13.75,0.25,5000,"sd","14:29:33",21658800
13.75,0.25,5000,"sd","14:29:29",21653800
13.8,0.3,5000,"bu","14:29:24",21648800
13.75,0.25,500,"sd","14:29:23",21643800
13.75,0.25,200,"sd","14:29:18",21643300
13.75,0.25,100,"sd","14:29:17",21643100
13.75,0.25,800,"sd","14:29:16",21643000
13.8,0.3,1000,"bu","14:29:16",21642200
13.8,0.3,500,"bu","14:29:13",21641200
13.75,0.25,400,"sd","14:29:09",21640700
13.75,0.25,100,"sd","14:29:08",21640300
13.75,0.25,100,"sd","14:29:03",21640200
13.75,0.25,5000,"sd","14:29:01",21640100
13.75,0.25,500,"sd","14:28:53",21635100
13.75,0.25,10000,"sd","14:28:50",21634600
13.75,0.25,200,"sd","14:28:46",21624600
13.75,0.25,5000,"sd","14:28:46",21624400
13.75,0.25,500,"sd","14:28:43",21619400
13.75,0.25,2000,"sd","14:28:42",21618900
13.75,0.25,300,"sd","14:28:41",21616900
13.75,0.25,200,"sd","14:28:40",21616600
13.75,0.25,10000,"sd","14:28:39",21616400
13.75,0.25,5000,"sd","14:28:36",21606400
13.75,0.25,200,"sd","14:28:29",21601400
13.75,0.25,1900,"sd","14:28:24",21601200
13.8,0.3,300,"bu","14:28:20",21599300
13.8,0.3,300,"bu","14:28:14",21599000
13.8,0.3,1000,"bu","14:27:58",21598700
13.75,0.25,10000,"sd","14:27:57",21597700
13.75,0.25,24400,"sd","14:27:53",21587400
13.75,0.25,5000,"sd","14:27:46",21563000
13.75,0.25,1000,"sd","14:27:42",21558000
13.75,0.25,500,"sd","14:27:41",21557000
13.8,0.3,200,"bu","14:27:39",21556500
13.75,0.25,1100,"sd","14:27:38",21556300
13.75,0.25,1100,"sd","14:27:37",21555200
13.8,0.3,3000,"bu","14:27:35",21554100
13.8,0.3,300,"bu","14:27:34",21551100
13.8,0.3,200,"bu","14:27:33",21550800
13.8,0.3,300,"bu","14:27:21",21550600
13.8,0.3,600,"bu","14:27:03",21550300
13.75,0.25,10200,"sd","14:27:01",21549700
13.75,0.25,400,"sd","14:27:00",21539500
13.75,0.25,500,"sd","14:27:00",21539100
13.75,0.25,1000,"sd","14:26:59",21538600
13.75,0.25,500,"sd","14:26:57",21537600
13.75,0.25,800,"sd","14:26:56",21537100
13.75,0.25,2000,"sd","14:26:55",21536300
13.75,0.25,600,"sd","14:26:41",21534300
13.75,0.25,1000,"bu","14:26:39",21533700
13.75,0.25,30000,"bu","14:26:38",21532700
13.75,0.25,5000,"bu","14:26:36",21502700
13.75,0.25,5500,"bu","14:26:35",21497700
13.75,0.25,2000,"bu","14:26:31",21492200
13.75,0.25,1500,"sd","14:26:19",21490200
13.75,0.25,500,"sd","14:26:15",21488700
13.75,0.25,7000,"sd","14:26:13",21488200
13.75,0.25,100000,"sd","14:26:08",21481200
13.75,0.25,100,"sd","14:26:03",21381200
13.8,0.3,6300,"bu","14:26:02",21381100
13.75,0.25,1000,"sd","14:25:55",21374800
13.8,0.3,4000,"bu","14:25:52",21373800
13.75,0.25,28800,"sd","14:25:48",21369800
13.8,0.3,10000,"bu","14:25:41",21341000
13.8,0.3,100,"bu","14:25:30",21331000
13.8,0.3,200,"bu","14:25:29",21330900
13.8,0.3,9000,"bu","14:25:23",21330700
13.8,0.3,2000,"bu","14:24:51",21321700
13.8,0.3,32200,"sd","14:24:48",21319700
13.8,0.3,8000,"sd","14:24:46",21287500
13.8,0.3,64400,"sd","14:24:44",21279500
13.85,0.35,2000,"bu","14:24:42",21215100
13.8,0.3,5000,"sd","14:24:39",21212700
13.8,0.3,3000,"sd","14:24:36",21207700
13.8,0.3,50000,"sd","14:24:33",21204700
13.85,0.35,4000,"bu","14:24:30",21154700
13.8,0.3,1000,"sd","14:24:29",21150700
13.8,0.3,6200,"sd","14:24:24",21149700
13.8,0.3,3500,"sd","14:24:18",21143500
13.8,0.3,9000,"sd","14:24:12",21140000
13.8,0.3,900,"sd","14:24:07",21131000
13.8,0.3,1800,"sd","14:24:04",21130100
13.85,0.35,100,"bu","14:23:58",21128300
13.8,0.3,2000,"sd","14:23:57",21128200
13.8,0.3,1800,"sd","14:23:56",21126200
13.8,0.3,1200,"sd","14:23:55",21124400
13.8,0.3,800,"sd","14:23:53",21123200
13.8,0.3,10000,"sd","14:23:53",21122400
13.8,0.3,20100,"sd","14:23:51",21112400
13.8,0.3,30000,"sd","14:23:50",21092300
13.8,0.3,36000,"sd","14:23:45",21062300
13.85,0.35,3000,"bu","14:23:40",21026300
13.8,0.3,200,"sd","14:23:39",21023300
13.8,0.3,10000,"sd","14:23:31",21023100
13.85,0.35,2000,"bu","14:23:21",21013100
13.8,0.3,1000,"sd","14:23:18",21011100
13.85,0.35,1000,"bu","14:23:08",21010100
13.8,0.3,500,"sd","14:22:53",21009100
13.8,0.3,2000,"sd","14:22:41",21008600
13.85,0.35,300,"bu","14:22:37",21006600
13.85,0.35,100,"bu","14:22:28",21006300
13.8,0.3,2000,"sd","14:22:27",21006200
13.8,0.3,100,"sd","14:22:25",21004200
13.8,0.3,500,"sd","14:22:21",21004100
13.8,0.3,100,"sd","14:22:15",21003600
13.8,0.3,13000,"sd","14:21:58",21003500
13.8,0.3,1000,"sd","14:21:46",20990500
13.85,0.35,7400,"bu","14:21:44",20989500
13.85,0.35,100,"bu","14:21:42",20982100
13.85,0.35,300,"bu","14:21:36",20982000
13.85,0.35,500,"bu","14:21:25",20981700
13.85,0.35,100,"bu","14:21:24",20981200
13.85,0.35,2000,"bu","14:21:06",20981100
13.85,0.35,3000,"bu","14:21:04",20979100
13.8,0.3,1200,"sd","14:20:44",20976100
13.8,0.3,10000,"sd","14:20:36",20974900
13.85,0.35,200,"bu","14:20:23",20964900
13.85,0.35,100,"bu","14:20:21",20964700
13.85,0.35,500,"bu","14:20:08",20964600
13.8,0.3,1100,"sd","14:20:07",20964100
13.85,0.35,500,"bu","14:20:06",20963000
13.85,0.35,900,"bu","14:20:05",20962500
13.85,0.35,1000,"bu","14:19:52",20961600
13.85,0.35,2200,"bu","14:19:50",20960600
13.85,0.35,3000,"bu","14:19:47",20958400
13.8,0.3,300,"sd","14:19:42",20955400
13.85,0.35,100,"bu","14:19:40",20955100
13.8,0.3,4800,"sd","14:19:40",20955000
13.85,0.35,100,"bu","14:19:39",20950200
13.85,0.35,1400,"bu","14:19:36",20950100
13.85,0.35,100,"bu","14:19:27",20948700
13.85,0.35,4000,"bu","14:19:26",20948600
13.85,0.35,300,"bu","14:19:07",20944600
13.85,0.35,1600,"bu","14:19:06",20944300
13.85,0.35,700,"bu","14:19:00",20942700
13.85,0.35,6200,"bu","14:18:59",20942000
13.85,0.35,1100,"bu","14:18:58",20935800
13.85,0.35,100,"bu","14:18:53",20934700
13.85,0.35,1400,"bu","14:18:48",20934600
13.85,0.35,3300,"sd","14:18:38",20933200
13.9,0.4,100,"bu","14:18:36",20929900
13.85,0.35,3700,"bu","14:18:35",20929800
13.85,0.35,800,"bu","14:18:34",20926100
13.85,0.35,2000,"bu","14:18:33",20925300
13.85,0.35,29500,"sd","14:18:30",20923300
13.85,0.35,37100,"bu","14:18:27",20893800
13.85,0.35,45400,"bu","14:18:27",20856700
13.85,0.35,12000,"bu","14:18:18",20811300
13.85,0.35,1000,"bu","14:18:14",20799300
13.85,0.35,100,"bu","14:18:11",20798300
13.85,0.35,1600,"bu","14:18:11",20798200
13.85,0.35,4000,"bu","14:18:07",20796600
13.85,0.35,100,"bu","14:17:32",20792600
13.85,0.35,600,"bu","14:17:04",20792500
13.85,0.35,1000,"bu","14:17:00",20791900
13.8,0.3,1800,"sd","14:16:47",20790900
13.85,0.35,5000,"bu","14:16:43",20789100
13.85,0.35,1000,"bu","14:16:23",20784100
13.85,0.35,2500,"bu","14:16:22",20783100
13.85,0.35,2000,"bu","14:16:15",20780600
13.85,0.35,500,"bu","14:16:12",20778600
13.85,0.35,500,"bu","14:16:10",20778100
13.85,0.35,3400,"sd","14:16:07",20777600
13.85,0.35,100,"sd","14:16:02",20774200
13.85,0.35,18600,"bu","14:15:56",20774100
13.85,0.35,200,"bu","14:15:51",20755500
13.85,0.35,1600,"bu","14:15:49",20755300
13.85,0.35,13100,"sd","14:15:48",20753700
13.85,0.35,200,"sd","14:15:46",20740600
13.85,0.35,100000,"sd","14:15:36",20740400
13.9,0.4,100,"bu","14:15:33",20640400
13.85,0.35,20800,"bu","14:15:21",20640300
13.8,0.3,1000,"sd","14:15:19",20619500
13.85,0.35,3000,"bu","14:15:18",20618500
13.85,0.35,18200,"sd","14:15:15",20615500
13.85,0.35,200,"sd","14:15:12",20597300
13.85,0.35,2700,"sd","14:15:08",20597100
13.85,0.35,100,"sd","14:15:03",20594400
13.85,0.35,20000,"sd","14:15:02",20594300
13.85,0.35,1000,"sd","14:15:01",20574300
13.85,0.35,1000,"sd","14:15:00",20573300
13.85,0.35,500,"sd","14:14:59",20572300
13.85,0.35,500,"sd","14:14:54",20571800
13.85,0.35,36500,"bu","14:14:54",20571300
13.8,0.3,1000,"sd","14:14:42",20534800
13.8,0.3,200,"sd","14:14:39",20533800
13.85,0.35,100,"bu","14:14:39",20533600
13.85,0.35,200,"bu","14:14:22",20533500
13.85,0.35,500,"bu","14:14:21",20533300
13.85,0.35,10000,"bu","14:14:20",20532800
13.85,0.35,2000,"bu","14:14:18",20522800
13.85,0.35,300,"bu","14:14:16",20520800
13.8,0.3,200,"sd","14:14:14",20520500
13.85,0.35,100,"bu","14:14:10",20520300
13.85,0.35,1900,"bu","14:14:03",20520200
13.85,0.35,900,"bu","14:14:00",20518300
13.85,0.35,200,"bu","14:13:52",20517400
13.85,0.35,1000,"bu","14:13:51",20517200
13.85,0.35,50000,"bu","14:13:41",20516200
13.85,0.35,300,"bu","14:13:20",20466200
13.8,0.3,3500,"sd","14:13:20",20465900
13.8,0.3,900,"sd","14:13:15",20462400
13.85,0.35,500,"bu","14:13:13",20461500
13.85,0.35,7200,"sd","14:13:02",20461000
13.85,0.35,21800,"bu","14:12:56",20453800
13.85,0.35,100,"bu","14:12:55",20432000
13.85,0.35,300,"bu","14:12:51",20431900
13.8,0.3,100,"sd","14:12:42",20431600
13.85,0.35,300,"bu","14:12:37",20431500
13.85,0.35,100,"bu","14:12:16",20431200
13.85,0.35,10000,"bu","14:12:03",20431100
13.85,0.35,400,"bu","14:11:51",20421100
13.85,0.35,100,"bu","14:11:47",20420700
13.85,0.35,1200,"bu","14:11:41",20420600
13.85,0.35,100,"bu","14:11:39",20419400
13.85,0.35,100,"bu","14:11:36",20419300
13.85,0.35,6700,"sd","14:11:33",20419200
13.85,0.35,3600,"bu","14:11:21",20412500
13.85,0.35,200,"bu","14:11:21",20408900
13.8,0.3,1000,"sd","14:11:20",20408700
13.85,0.35,9100,"bu","14:11:09",20407700
13.85,0.35,200,"sd","14:10:57",20398600
13.85,0.35,400,"sd","14:10:55",20398400
13.85,0.35,400,"bu","14:10:53",20398000
13.85,0.35,500,"bu","14:10:44",20397600
13.9,0.4,8600,"bu","14:10:35",20397100
13.8,0.3,100,"sd","14:10:24",20382100
13.8,0.3,1000,"sd","14:10:22",20382000
13.85,0.35,1000,"bu","14:10:13",20381000
13.85,0.35,1000,"bu","14:10:08",20380000
13.85,0.35,5000,"bu","14:09:49",20379000
13.85,0.35,3400,"bu","14:09:45",20374000
13.85,0.35,12400,"bu","14:09:44",20370600
13.85,0.35,2500,"bu","14:09:43",20358200
13.85,0.35,300,"bu","14:09:42",20355700
13.85,0.35,900,"bu","14:09:41",20355400
13.85,0.35,10000,"bu","14:09:15",20354500
13.85,0.35,1800,"bu","14:09:00",20344500
13.8,0.3,100,"sd","14:08:57",20342700
13.9,0.4,46500,"bu","14:08:53",20342600
13.85,0.35,13500,"bu","14:08:53",20296100
13.85,0.35,4000,"bu","14:08:42",20282600
13.85,0.35,62700,"sd","14:08:41",20278600
13.85,0.35,5300,"sd","14:08:36",20215900
13.85,0.35,3000,"sd","14:08:22",20210600
13.9,0.4,400,"bu","14:07:50",20207600
13.85,0.35,1000,"sd","14:07:49",20207200
13.85,0.35,14000,"bu","14:07:47",20206200
13.85,0.35,300,"bu","14:07:45",20192200
13.85,0.35,2600,"bu","14:07:39",20191900
13.85,0.35,100,"bu","14:07:36",20189300
13.85,0.35,10500,"bu","14:07:35",20189200
13.85,0.35,100,"bu","14:07:34",20178700
13.8,0.3,600,"sd","14:07:15",20178600
13.85,0.35,300,"bu","14:07:05",20178000
13.85,0.35,7100,"sd","14:06:59",20177700
13.85,0.35,500,"sd","14:06:58",20170600
13.85,0.35,3000,"sd","14:06:56",20170100
13.85,0.35,20000,"sd","14:06:49",20167100
13.85,0.35,300,"sd","14:06:47",20147100
13.85,0.35,200,"sd","14:06:37",20146800
13.85,0.35,2000,"sd","14:06:33",20146600
13.85,0.35,11000,"sd","14:06:20",20144600
13.85,0.35,150000,"sd","14:06:18",20133600
13.85,0.35,10000,"sd","14:06:11",19983600
13.85,0.35,10000,"sd","14:06:10",19973600
13.85,0.35,100,"sd","14:05:48",19963600
13.9,0.4,500,"bu","14:05:03",19963500
13.85,0.35,300,"sd","14:04:57",19963000
13.9,0.4,1000,"bu","14:04:54",19962700
13.9,0.4,500,"bu","14:04:44",19961700
13.9,0.4,700,"bu","14:04:35",19961200
13.9,0.4,36700,"sd","14:04:31",19960500
13.9,0.4,500,"sd","14:04:26",19923800
13.9,0.4,100,"sd","14:04:26",19923300
13.9,0.4,500,"sd","14:04:25",19923200
13.9,0.4,300,"sd","14:04:15",19922700
13.9,0.4,100,"sd","14:04:14",19922400
13.9,0.4,1000,"sd","14:04:06",19922300
13.9,0.4,5000,"sd","14:04:04",19921300
13.9,0.4,1000,"sd","14:03:50",19916300
13.9,0.4,500,"sd","14:03:50",19915300
13.9,0.4,5000,"sd","14:03:46",19914800
13.9,0.4,50000,"sd","14:03:24",19909800
13.9,0.4,3000,"sd","14:03:16",19859800
13.9,0.4,100,"sd","14:03:10",19856800
13.9,0.4,1000,"sd","14:03:07",19856700
13.9,0.4,2000,"sd","14:03:01",19855700
13.9,0.4,1900,"sd","14:02:57",19853700
13.9,0.4,1000,"sd","14:02:53",19851800
13.9,0.4,5400,"sd","14:02:52",19850800
13.9,0.4,100,"sd","14:02:46",19845400
13.9,0.4,300,"sd","14:02:39",19845300
13.9,0.4,1100,"sd","14:02:37",19845000
13.9,0.4,1600,"bu","14:02:31",19843900
13.9,0.4,8700,"bu","14:02:30",19842300
13.85,0.35,200,"sd","14:02:24",19833600
13.9,0.4,133100,"bu","14:02:18",19833400
13.85,0.35,1000,"sd","14:02:12",19700300
13.9,0.4,1500,"bu","14:02:12",19699300
13.9,0.4,3000,"bu","14:02:06",19697800
13.9,0.4,200,"bu","14:02:00",19694800
13.85,0.35,500,"sd","14:01:53",19694600
13.9,0.4,100,"bu","14:01:53",19694100
13.85,0.35,400,"sd","14:01:46",19694000
13.85,0.35,2000,"sd","14:01:26",19693600
13.85,0.35,2000,"sd","14:01:19",19691600
13.85,0.35,5000,"sd","14:01:15",19689600
13.85,0.35,1000,"sd","14:01:14",19684600
13.85,0.35,1000,"sd","14:00:35",19683600
13.85,0.35,600,"sd","14:00:26",19682600
13.85,0.35,4000,"sd","14:00:15",19682000
13.85,0.35,20000,"sd","13:59:49",19678000
13.9,0.4,100,"bu","13:59:26",19658000
13.9,0.4,4500,"bu","13:59:22",19657900
13.9,0.4,1000,"bu","13:59:21",19653400
13.9,0.4,6000,"bu","13:59:17",19652400
13.9,0.4,3000,"bu","13:59:15",19646400
13.9,0.4,1700,"bu","13:59:12",19643400
13.9,0.4,1000,"bu","13:58:46",19641700
13.85,0.35,2000,"sd","13:58:37",19640700
13.85,0.35,100,"sd","13:58:24",19638700
13.85,0.35,600,"sd","13:58:21",19638600
13.85,0.35,9300,"sd","13:58:06",19638000
13.85,0.35,2000,"sd","13:57:37",19628700
13.85,0.35,1500,"sd","13:57:33",19626700
13.85,0.35,2000,"sd","13:56:55",19625200
13.85,0.35,1500,"sd","13:56:49",19623200
13.85,0.35,100,"sd","13:56:48",19621700
13.85,0.35,200,"sd","13:56:33",19621600
13.85,0.35,1000,"sd","13:56:20",19621400
13.9,0.4,3000,"bu","13:56:19",19620400
13.9,0.4,5000,"bu","13:56:17",19617400
13.9,0.4,7000,"bu","13:56:10",19612400
13.9,0.4,10000,"bu","13:55:47",19605400
13.9,0.4,2000,"bu","13:55:45",19595400
13.85,0.35,1000,"sd","13:55:20",19593400
13.85,0.35,100,"sd","13:55:17",19592400
13.85,0.35,10000,"sd","13:55:04",19592300
13.85,0.35,1300,"sd","13:54:52",19582300
13.85,0.35,800,"sd","13:54:48",19581000
13.85,0.35,100,"sd","13:54:39",19580200
13.85,0.35,5000,"sd","13:54:38",19580100
13.85,0.35,500,"sd","13:54:04",19575100
13.85,0.35,100,"sd","13:53:56",19574600
13.85,0.35,100,"sd","13:53:54",19574500
13.85,0.35,1000,"sd","13:53:41",19574400
13.85,0.35,71000,"sd","13:53:35",19573400
13.85,0.35,1000,"sd","13:52:54",19502400
13.85,0.35,500,"sd","13:52:53",19501400
13.85,0.35,169600,"bu","13:52:44",19500900
13.85,0.35,12000,"bu","13:52:39",19331300
13.85,0.35,4500,"bu","13:52:12",19319300
13.85,0.35,100,"bu","13:52:06",19314800
13.85,0.35,5000,"bu","13:51:51",19314700
13.85,0.35,10000,"bu","13:51:28",19309700
13.85,0.35,2000,"bu","13:51:17",19299700
13.85,0.35,100,"bu","13:51:15",19297700
13.85,0.35,1000,"bu","13:51:00",19297600
13.8,0.3,400,"sd","13:50:51",19296600
13.85,0.35,100,"bu","13:50:47",19296200
13.85,0.35,3000,"bu","13:50:42",19296100
13.85,0.35,700,"sd","13:50:38",19293100
13.85,0.35,300,"bu","13:50:35",19292400
13.8,0.3,100,"sd","13:50:31",19292100
13.85,0.35,4700,"sd","13:50:29",19292000
13.85,0.35,1700,"sd","13:50:05",19287300
13.85,0.35,4900,"bu","13:50:04",19285600
13.85,0.35,500,"bu","13:49:52",19280700
13.85,0.35,500,"bu","13:49:51",19280200
13.85,0.35,300,"bu","13:49:32",19279700
13.85,0.35,10800,"sd","13:49:31",19279400
13.85,0.35,4600,"sd","13:49:28",19268600
13.85,0.35,200,"sd","13:49:27",19264000
13.85,0.35,1000,"sd","13:49:22",19263800
13.85,0.35,1300,"sd","13:49:19",19262800
13.85,0.35,3000,"sd","13:49:19",19261500
13.85,0.35,3000,"sd","13:49:09",19255500
13.85,0.35,200,"sd","13:49:06",19252500
13.85,0.35,1900,"bu","13:48:50",19252300
13.85,0.35,54000,"sd","13:48:46",19250400
13.85,0.35,5900,"sd","13:48:35",19196400
13.85,0.35,2000,"sd","13:48:11",19190500
13.85,0.35,2000,"sd","13:48:08",19188500
13.85,0.35,5000,"sd","13:48:02",19186500
13.85,0.35,5000,"sd","13:47:52",19181500
13.85,0.35,1300,"sd","13:47:42",19176500
13.85,0.35,4300,"bu","13:47:15",19175200
13.85,0.35,700,"sd","13:47:14",19170900
13.85,0.35,4300,"bu","13:47:09",19170200
13.85,0.35,1700,"sd","13:47:06",19165900
13.85,0.35,5000,"bu","13:47:05",19164200
13.85,0.35,10000,"sd","13:47:01",19159200
13.85,0.35,10000,"sd","13:46:59",19149200
13.9,0.4,10000,"bu","13:46:58",19139000
13.85,0.35,400,"sd","13:46:47",19129000
13.85,0.35,1500,"sd","13:46:45",19128600
13.9,0.4,3000,"bu","13:46:44",19127100
13.85,0.35,2000,"sd","13:46:43",19124100
13.85,0.35,5000,"sd","13:46:38",19122100
13.85,0.35,900,"sd","13:46:37",19117100
13.85,0.35,10900,"sd","13:46:32",19116200
13.85,0.35,39000,"sd","13:46:30",19105300
13.85,0.35,1000,"sd","13:46:29",19066300
13.85,0.35,100000,"sd","13:46:25",19065300
13.85,0.35,100,"sd","13:46:20",18965300
13.85,0.35,1300,"sd","13:46:05",18965200
13.85,0.35,1000,"sd","13:45:59",18963900
13.9,0.4,6000,"bu","13:45:51",18962900
13.9,0.4,100,"bu","13:45:44",18956900
13.9,0.4,100,"bu","13:45:35",18956800
13.9,0.4,1000,"bu","13:45:28",18956700
13.9,0.4,5000,"bu","13:45:05",18955700
13.9,0.4,6500,"bu","13:45:02",18950700
13.9,0.4,300,"bu","13:45:01",18944200
13.9,0.4,300,"bu","13:44:55",18943900
13.9,0.4,5000,"bu","13:44:47",18943600
13.9,0.4,5000,"bu","13:44:44",18938600
13.9,0.4,10000,"bu","13:44:41",18933600
13.85,0.35,1500,"sd","13:44:31",18923600
13.85,0.35,100,"sd","13:44:24",18922100
13.85,0.35,2600,"sd","13:44:11",18922000
13.85,0.35,1800,"sd","13:44:02",18919400
13.9,0.4,2000,"bu","13:43:51",18917600
13.9,0.4,5000,"bu","13:43:39",18915600
13.9,0.4,2000,"bu","13:43:28",18910600
13.9,0.4,10000,"bu","13:43:14",18908600
13.9,0.4,1000,"bu","13:42:45",18898600
13.9,0.4,5000,"bu","13:42:39",18897600
13.9,0.4,12200,"sd","13:42:32",18892600
13.9,0.4,100,"sd","13:42:30",18880400
13.9,0.4,1000,"sd","13:42:22",18880300
13.9,0.4,200,"sd","13:42:19",18879300
13.9,0.4,200,"sd","13:42:04",18879100
13.9,0.4,300,"sd","13:42:04",18878900
13.9,0.4,1100,"bu","13:41:57",18878600
13.9,0.4,300,"sd","13:41:55",18877500
13.9,0.4,3400,"bu","13:41:55",18877200
13.9,0.4,6300,"bu","13:41:54",18873800
13.9,0.4,10000,"bu","13:41:38",18867500
13.9,0.4,5000,"bu","13:41:33",18857500
13.9,0.4,5000,"bu","13:41:04",18852500
13.9,0.4,6000,"bu","13:41:02",18847500
13.9,0.4,10000,"bu","13:40:53",18841500
13.9,0.4,5000,"bu","13:40:47",18831500
13.9,0.4,300,"bu","13:40:41",18826500
13.9,0.4,5000,"bu","13:40:19",18826200
13.9,0.4,2500,"bu","13:40:17",18821200
13.9,0.4,2100,"sd","13:39:52",18818700
13.9,0.4,3000,"sd","13:39:51",18816600
13.9,0.4,300,"sd","13:39:48",18813600
13.9,0.4,2300,"sd","13:39:45",18813300
13.9,0.4,800,"sd","13:39:44",18811000
13.9,0.4,2200,"sd","13:39:41",18810200
13.9,0.4,100,"sd","13:39:37",18808000
13.9,0.4,500,"sd","13:39:35",18807900
13.95,0.45,300,"bu","13:39:21",18807400
13.9,0.4,9900,"sd","13:39:18",18807100
13.9,0.4,2000,"sd","13:39:12",18797200
13.9,0.4,1000,"sd","13:39:09",18795200
13.9,0.4,100,"sd","13:38:54",18794200
13.9,0.4,400,"sd","13:38:52",18794100
13.9,0.4,1000,"sd","13:38:43",18793700
13.9,0.4,32400,"bu","13:38:24",18792700
13.9,0.4,2000,"bu","13:38:22",18760300
13.9,0.4,700,"bu","13:38:16",18758300
13.9,0.4,500,"bu","13:38:09",18757600
13.9,0.4,1300,"bu","13:38:09",18757100
13.9,0.4,100,"bu","13:37:50",18755800
13.9,0.4,1000,"bu","13:37:49",18755700
13.9,0.4,3000,"bu","13:37:46",18754700
13.9,0.4,1000,"bu","13:37:38",18751700
13.9,0.4,700,"sd","13:37:32",18750700
13.9,0.4,100000,"sd","13:37:27",18750000
13.9,0.4,5000,"sd","13:37:26",18650000
13.9,0.4,2000,"sd","13:37:19",18645000
13.9,0.4,3500,"sd","13:37:14",18643000
13.9,0.4,100,"sd","13:37:09",18639500
13.9,0.4,2100,"sd","13:37:07",18639400
13.9,0.4,13000,"sd","13:37:04",18637300
13.9,0.4,5000,"sd","13:36:59",18624300
13.9,0.4,700,"sd","13:36:57",18619300
13.9,0.4,1600,"sd","13:36:53",18618600
13.9,0.4,15200,"sd","13:36:51",18617000
13.9,0.4,2700,"sd","13:36:41",18601800
13.9,0.4,1000,"sd","13:36:31",18599100
13.9,0.4,1000,"sd","13:36:20",18598100
13.95,0.45,1000,"bu","13:36:18",18597100
13.9,0.4,16000,"sd","13:36:13",18596100
13.95,0.45,1000,"bu","13:36:04",18580100
13.95,0.45,100,"bu","13:36:03",18579100
13.9,0.4,9800,"sd","13:35:52",18579000
13.9,0.4,1000,"sd","13:35:48",18569200
13.9,0.4,20000,"sd","13:34:44",18568200
13.95,0.45,300,"bu","13:34:43",18548200
13.95,0.45,150000,"bu","13:34:26",18547900
13.9,0.4,100,"sd","13:34:24",18397900
13.9,0.4,1000,"sd","13:34:17",18397800
13.9,0.4,5000,"sd","13:33:42",18396800
13.9,0.4,50000,"sd","13:33:41",18391800
13.95,0.45,1200,"bu","13:33:31",18341800
13.9,0.4,10000,"sd","13:33:23",18340600
13.95,0.45,100,"bu","13:33:02",18330600
13.95,0.45,1500,"bu","13:32:57",18330500
13.95,0.45,4700,"bu","13:32:22",18329000
13.95,0.45,1000,"bu","13:32:16",18324300
13.9,0.4,50000,"sd","13:32:16",18323300
13.9,0.4,3000,"sd","13:32:09",18273300
13.95,0.45,10000,"bu","13:32:01",18270300
13.9,0.4,200,"sd","13:31:59",18260300
13.95,0.45,30000,"bu","13:31:54",18260100
13.9,0.4,500,"sd","13:31:47",18220100
13.9,0.4,4000,"sd","13:31:45",18219600
13.9,0.4,500,"sd","13:31:34",18215600
13.9,0.4,5000,"sd","13:31:23",18215100
13.95,0.45,500,"bu","13:31:12",18210100
13.9,0.4,400,"sd","13:31:11",18209600
13.9,0.4,200,"sd","13:31:05",18209200
13.9,0.4,2000,"sd","13:31:00",18209000
13.9,0.4,500,"sd","13:30:52",18207000
13.9,0.4,700,"sd","13:30:41",18206500
13.95,0.45,200,"bu","13:30:35",18205800
13.9,0.4,4000,"sd","13:30:28",18205600
13.9,0.4,400,"sd","13:30:16",18201600
13.9,0.4,1000,"sd","13:30:13",18201200
13.9,0.4,100,"sd","13:30:12",18200200
13.9,0.4,6000,"sd","13:30:07",18200100
13.9,0.4,500,"sd","13:30:03",18194100
13.9,0.4,1000,"sd","13:29:58",18193600
13.9,0.4,500,"sd","13:29:51",18192600
13.9,0.4,200,"sd","13:29:47",18192100
13.9,0.4,1300,"sd","13:29:45",18191900
13.9,0.4,500,"sd","13:29:44",18190600
13.9,0.4,400,"sd","13:29:39",18190100
13.9,0.4,100,"sd","13:29:26",18189700
13.9,0.4,100,"sd","13:29:19",18189600
13.95,0.45,700,"bu","13:29:17",18189500
13.9,0.4,3000,"sd","13:29:15",18188800
13.9,0.4,500,"sd","13:29:14",18185800
13.9,0.4,100,"sd","13:29:08",18185300
13.9,0.4,1000,"bu","13:28:49",18185200
13.85,0.35,20600,"sd","13:28:40",18184200
13.9,0.4,9400,"sd","13:28:40",18163600
13.9,0.4,1600,"bu","13:28:35",18154200
13.9,0.4,5000,"bu","13:28:33",18152600
13.9,0.4,100,"bu","13:28:32",18147600
13.85,0.35,600,"sd","13:28:30",18147500
13.9,0.4,500,"bu","13:28:28",18146400
13.9,0.4,1000,"bu","13:28:21",18145900
13.9,0.4,5000,"bu","13:28:03",18144900
13.9,0.4,1000,"bu","13:27:51",18139900
13.9,0.4,27900,"sd","13:27:28",18138900
13.9,0.4,300,"sd","13:27:14",18111000
13.9,0.4,40000,"sd","13:27:13",18110700
13.9,0.4,300,"sd","13:27:12",18070700
13.9,0.4,5000,"sd","13:27:07",18070400
13.9,0.4,600,"sd","13:27:04",18065400
13.9,0.4,1000,"sd","13:27:00",18064800
13.9,0.4,100,"sd","13:26:50",18063800
13.9,0.4,5000,"sd","13:26:32",18063700
13.9,0.4,1100,"sd","13:26:20",18058700
13.95,0.45,3000,"bu","13:26:18",18057600
13.95,0.45,200,"bu","13:26:17",18054600
13.9,0.4,200,"sd","13:26:15",18054400
13.9,0.4,30000,"sd","13:26:09",18054200
13.95,0.45,15000,"bu","13:25:56",18024200
13.9,0.4,200,"sd","13:25:53",18009200
13.95,0.45,1000,"bu","13:25:14",18009000
13.9,0.4,1000,"sd","13:25:10",18008000
13.9,0.4,1000,"sd","13:25:06",18007000
13.9,0.4,6600,"bu","13:25:03",18006000
13.9,0.4,1000,"bu","13:24:56",17999400
13.9,0.4,5000,"bu","13:24:54",17998400
13.85,0.35,6000,"sd","13:24:50",17993400
13.9,0.4,500,"bu","13:24:47",17987400
13.9,0.4,1000,"bu","13:24:40",17986900
13.9,0.4,500,"bu","13:24:28",17985900
13.9,0.4,43400,"sd","13:24:24",17985400
13.95,0.45,4000,"bu","13:24:17",17942000
13.9,0.4,4000,"sd","13:24:06",17938000
13.9,0.4,4000,"sd","13:24:05",17934000
13.95,0.45,4600,"bu","13:24:00",17930000
13.95,0.45,1000,"bu","13:23:43",17925400
13.9,0.4,200,"sd","13:23:38",17924400
13.95,0.45,1000,"bu","13:23:28",17924200
13.95,0.45,500,"bu","13:23:25",17923200
13.9,0.4,500,"sd","13:23:23",17922700
13.9,0.4,5000,"sd","13:23:21",17922200
13.9,0.4,3000,"sd","13:23:17",17917200
13.9,0.4,2000,"sd","13:23:11",17914200
13.95,0.45,1000,"bu","13:23:09",17912200
13.9,0.4,1500,"sd","13:23:07",17911200
13.9,0.4,100,"sd","13:22:44",17909700
13.9,0.4,20600,"sd","13:22:43",17909600
13.9,0.4,300,"sd","13:22:35",17889000
13.95,0.45,20000,"bu","13:22:32",17888700
13.95,0.45,2000,"bu","13:22:21",17868700
13.95,0.45,1000,"bu","13:22:16",17866700
13.95,0.45,200,"bu","13:22:14",17865700
13.95,0.45,10000,"bu","13:22:05",17865500
13.95,0.45,800,"bu","13:21:56",17855500
13.9,0.4,82700,"sd","13:21:52",17854700
13.95,0.45,10000,"bu","13:21:50",17772000
13.95,0.45,36000,"bu","13:21:43",17762000
13.95,0.45,500,"bu","13:21:40",17726000
13.95,0.45,100,"bu","13:21:36",17725500
13.95,0.45,200,"bu","13:21:21",17725400
13.95,0.45,500,"bu","13:21:16",17725200
13.95,0.45,8000,"bu","13:21:06",17724700
13.95,0.45,10000,"bu","13:21:02",17716700
13.95,0.45,500,"bu","13:20:38",17706700
13.9,0.4,200,"sd","13:20:33",17706200
13.95,0.45,200,"bu","13:20:27",17706000
13.95,0.45,1000,"bu","13:20:08",17705800
13.95,0.45,5900,"bu","13:20:02",17704800
13.95,0.45,1200,"bu","13:19:59",17698900
13.95,0.45,500,"bu","13:19:56",17697700
13.95,0.45,1000,"bu","13:19:53",17697200
13.95,0.45,1800,"bu","13:19:49",17696200
13.95,0.45,100,"bu","13:19:45",17694400
13.95,0.45,1000,"bu","13:19:38",17694300
13.95,0.45,700,"bu","13:19:31",17693300
13.95,0.45,11500,"bu","13:19:19",17692600
13.95,0.45,38500,"bu","13:19:19",17681100
13.9,0.4,500,"sd","13:19:16",17642600
13.9,0.4,13300,"sd","13:18:59",17642100
13.9,0.4,300,"sd","13:18:27",17628800
13.9,0.4,100,"sd","13:18:26",17628500
13.95,0.45,700,"bu","13:18:21",17628400
13.9,0.4,200,"sd","13:18:16",17627700
13.9,0.4,2000,"sd","13:18:13",17627500
13.95,0.45,4500,"bu","13:18:00",17625500
13.9,0.4,100,"sd","13:17:50",17621000
13.9,0.4,500,"sd","13:17:48",17620900
13.9,0.4,100,"sd","13:17:47",17620400
13.9,0.4,2200,"sd","13:17:44",17620300
13.9,0.4,1000,"sd","13:17:44",17618100
13.95,0.45,100,"bu","13:17:37",17617100
13.9,0.4,800,"sd","13:17:33",17617000
13.9,0.4,100,"sd","13:17:30",17616200
13.9,0.4,400,"sd","13:17:17",17616100
13.9,0.4,900,"sd","13:17:05",17615700
13.95,0.45,500,"bu","13:17:02",17614800
13.9,0.4,200,"sd","13:16:44",17614300
13.9,0.4,200,"sd","13:16:42",17614100
13.9,0.4,700,"bu","13:16:18",17613900
13.9,0.4,5000,"bu","13:16:12",17613200
13.9,0.4,4500,"bu","13:16:11",17608200
13.9,0.4,2500,"bu","13:16:10",17603700
13.9,0.4,12700,"bu","13:16:06",17601200
13.9,0.4,600,"bu","13:16:02",17588500
13.9,0.4,300,"bu","13:16:00",17587900
13.9,0.4,2400,"bu","13:15:53",17587600
13.9,0.4,3000,"bu","13:15:45",17585200
13.9,0.4,100,"bu","13:15:44",17582200
13.9,0.4,200,"bu","13:15:36",17582100
13.9,0.4,1000,"bu","13:15:25",17581900
13.9,0.4,500,"bu","13:15:24",17580900
13.9,0.4,21600,"sd","13:15:22",17580400
13.9,0.4,1000,"sd","13:15:15",17558800
13.9,0.4,500,"sd","13:15:08",17557800
13.9,0.4,20000,"sd","13:15:03",17557300
13.9,0.4,200,"sd","13:15:02",17537300
13.9,0.4,100,"sd","13:15:01",17537100
13.9,0.4,3600,"bu","13:14:45",17537000
13.9,0.4,4000,"bu","13:14:40",17533400
13.9,0.4,1400,"sd","13:14:39",17529400
13.9,0.4,3000,"sd","13:14:37",17528000
13.9,0.4,3600,"bu","13:14:25",17525000
13.95,0.45,1100,"bu","13:14:22",17521400
13.9,0.4,700,"bu","13:14:18",17514400
13.9,0.4,5000,"bu","13:14:16",17513700
13.9,0.4,200,"bu","13:14:11",17508700
13.9,0.4,2700,"bu","13:14:04",17508500
13.9,0.4,7100,"sd","13:13:58",17505800
13.9,0.4,2000,"sd","13:13:57",17498700
13.9,0.4,30000,"sd","13:13:49",17496700
13.9,0.4,200,"sd","13:13:45",17466700
13.9,0.4,10000,"sd","13:13:45",17466500
13.9,0.4,50000,"sd","13:13:39",17456500
13.95,0.45,1000,"bu","13:13:35",17406500
13.9,0.4,3400,"sd","13:13:30",17405500
13.9,0.4,900,"bu","13:13:25",17402100
13.9,0.4,2300,"bu","13:13:25",17401200
13.9,0.4,100,"bu","13:13:24",17398900
13.9,0.4,4000,"bu","13:13:23",17398800
13.9,0.4,142700,"sd","13:13:17",17394800
13.95,0.45,10000,"bu","13:13:16",17252100
13.9,0.4,1000,"sd","13:13:10",17242100
13.95,0.45,5900,"bu","13:13:09",17241100
13.9,0.4,2000,"sd","13:13:05",17235200
13.9,0.4,4300,"sd","13:13:03",17233200
13.9,0.4,500,"sd","13:12:53",17228900
13.9,0.4,100,"sd","13:12:51",17228400
13.9,0.4,100,"sd","13:12:48",17228300
13.9,0.4,5000,"sd","13:12:47",17228200
13.9,0.4,2000,"sd","13:12:39",17223200
13.9,0.4,300,"sd","13:12:36",17221200
13.9,0.4,50000,"sd","13:12:24",17220900
13.9,0.4,700,"sd","13:12:23",17170900
13.9,0.4,100,"sd","13:12:13",17170200
13.95,0.45,10000,"bu","13:12:07",17170100
13.9,0.4,100,"sd","13:11:57",17160100
13.9,0.4,100,"sd","13:11:54",17160000
13.9,0.4,700,"sd","13:11:53",17159900
13.9,0.4,1000,"bu","13:11:52",17159200
13.9,0.4,49500,"sd","13:11:51",17158200
13.9,0.4,300,"sd","13:11:46",17108700
13.9,0.4,400,"sd","13:11:44",17108400
13.9,0.4,8500,"bu","13:11:33",17108000
13.9,0.4,1000,"bu","13:11:32",17099500
13.9,0.4,20000,"bu","13:11:32",17098500
13.9,0.4,20000,"bu","13:11:29",17078500
13.9,0.4,1000,"bu","13:11:20",17058500
13.9,0.4,500,"bu","13:11:20",17057500
13.9,0.4,4200,"bu","13:11:19",17057000
13.9,0.4,5000,"bu","13:11:12",17052800
13.9,0.4,3300,"bu","13:11:11",17047800
13.85,0.35,100,"sd","13:10:51",17044500
13.9,0.4,3200,"bu","13:10:49",17044400
13.85,0.35,5000,"sd","13:10:35",17041200
13.9,0.4,1000,"bu","13:10:34",17036200
13.9,0.4,1300,"bu","13:10:32",17035200
13.9,0.4,18000,"bu","13:10:28",17033900
13.85,0.35,30000,"sd","13:10:17",17015900
13.9,0.4,100,"bu","13:10:16",16985900
13.9,0.4,200,"bu","13:09:45",16985800
13.9,0.4,500,"bu","13:09:44",16985600
13.9,0.4,100,"bu","13:09:44",16985100
13.9,0.4,1000,"bu","13:09:41",16985000
13.9,0.4,2800,"bu","13:09:23",16984000
13.85,0.35,100,"sd","13:09:21",16981200
13.9,0.4,40000,"bu","13:09:19",16981100
13.9,0.4,100,"bu","13:08:44",16941100
13.85,0.35,300,"sd","13:08:39",16941000
13.85,0.35,300,"sd","13:08:38",16940700
13.85,0.35,1000,"sd","13:08:31",16940400
13.85,0.35,100,"sd","13:08:25",16939400
13.85,0.35,100,"sd","13:08:20",16939300
13.85,0.35,20100,"bu","13:08:19",16939200
13.85,0.35,16000,"bu","13:08:16",16919100
13.85,0.35,2000,"bu","13:08:11",16903100
13.85,0.35,1100,"bu","13:08:10",16901100
13.85,0.35,400,"bu","13:08:06",16900000
13.85,0.35,20000,"bu","13:08:06",16899600
13.8,0.3,2600,"sd","13:07:52",16879600
13.85,0.35,800,"bu","13:07:51",16877000
13.85,0.35,500,"bu","13:07:34",16876200
13.85,0.35,2000,"bu","13:07:25",16875700
13.85,0.35,100,"bu","13:07:20",16873700
13.85,0.35,1000,"bu","13:07:03",16873600
13.85,0.35,400,"bu","13:07:02",16872600
13.85,0.35,1000,"bu","13:06:54",16872200
13.85,0.35,40700,"sd","13:06:52",16871200
13.85,0.35,100,"sd","13:06:47",16830500
13.85,0.35,69200,"bu","13:06:41",16830400
13.85,0.35,500,"bu","13:06:36",16761200
13.8,0.3,600,"sd","13:06:30",16760700
13.8,0.3,5000,"sd","13:06:28",16760100
13.85,0.35,10000,"bu","13:06:28",16755100
13.85,0.35,2000,"bu","13:06:23",16745100
13.8,0.3,500,"sd","13:06:20",16743100
13.8,0.3,500,"sd","13:06:15",16742600
13.85,0.35,50000,"bu","13:06:14",16742100
13.8,0.3,100,"sd","13:06:06",16692100
13.8,0.3,200,"sd","13:06:03",16692000
13.8,0.3,200,"sd","13:05:57",16691800
13.8,0.3,300,"sd","13:05:50",16691600
13.8,0.3,3500,"sd","13:05:48",16691300
13.8,0.3,1000,"sd","13:05:40",16687800
13.8,0.3,1000,"sd","13:05:31",16686800
13.8,0.3,2000,"sd","13:05:26",16685800
13.8,0.3,200,"sd","13:05:21",16683800
13.8,0.3,13000,"sd","13:05:20",16683600
13.8,0.3,300,"sd","13:05:15",16670600
13.8,0.3,5000,"sd","13:05:09",16670300
13.8,0.3,100,"sd","13:05:05",16665300
13.8,0.3,100,"sd","13:04:59",16665200
13.8,0.3,500,"sd","13:04:55",16665100
13.8,0.3,2000,"sd","13:04:52",16664600
13.8,0.3,400,"sd","13:04:39",16662600
13.8,0.3,100,"sd","13:04:31",16662200
13.8,0.3,500,"sd","13:04:14",16662100
13.85,0.35,400,"bu","13:04:11",16661600
13.8,0.3,500,"sd","13:04:06",16661200
13.8,0.3,500,"sd","13:04:04",16660700
13.8,0.3,2000,"sd","13:03:59",16660200
13.8,0.3,1000,"sd","13:03:48",16658200
13.8,0.3,2100,"sd","13:03:38",16657200
13.8,0.3,5000,"sd","13:03:34",16655100
13.8,0.3,400,"sd","13:03:17",16650100
13.8,0.3,2000,"sd","13:03:16",16649700
13.8,0.3,500,"sd","13:03:15",16647700
13.8,0.3,500,"sd","13:03:11",16647200
13.8,0.3,400,"sd","13:03:08",16646700
13.8,0.3,5000,"sd","13:03:01",16646300
13.8,0.3,5000,"sd","13:02:56",16641300
13.8,0.3,5000,"sd","13:02:52",16636300
13.85,0.35,1000,"bu","13:02:51",16631300
13.8,0.3,10000,"sd","13:02:48",16630300
13.8,0.3,200,"sd","13:02:40",16620300
13.8,0.3,1400,"sd","13:02:39",16620100
13.8,0.3,10000,"sd","13:02:26",16618700
13.8,0.3,400,"sd","13:02:22",16608700
13.8,0.3,100,"sd","13:02:19",16608300
13.8,0.3,1500,"sd","13:02:18",16608200
13.8,0.3,5000,"sd","13:02:06",16606700
13.8,0.3,14000,"bu","13:02:01",16601700
13.8,0.3,100,"bu","13:01:59",16587700
13.8,0.3,100,"bu","13:01:56",16587600
13.8,0.3,2000,"bu","13:01:55",16587500
13.8,0.3,187100,"sd","13:01:49",16585500
13.8,0.3,82500,"bu","13:01:32",16398400
13.8,0.3,4800,"bu","13:01:24",16315900
13.8,0.3,1000,"bu","13:01:16",16311100
13.8,0.3,100,"bu","13:01:14",16310100
13.8,0.3,2800,"bu","13:01:02",16310000
13.8,0.3,112300,"sd","13:00:59",16307200
13.8,0.3,50000,"sd","13:00:42",16194900
13.85,0.35,300,"bu","13:00:18",16144900
13.8,0.3,18700,"sd","13:00:15",16144600
13.8,0.3,1000,"sd","13:00:14",16125900
13.8,0.3,4000,"sd","13:00:14",16124900
13.8,0.3,500,"sd","13:00:13",16120900
13.8,0.3,300,"sd","13:00:12",16120400
13.8,0.3,2000,"sd","13:00:11",16120100
13.8,0.3,1000,"sd","13:00:10",16118100
13.8,0.3,100,"sd","13:00:10",16117100
13.85,0.35,100,"bu","13:00:10",16117000
13.8,0.3,200,"sd","13:00:10",16116900
13.85,0.35,100,"bu","13:00:10",16116700
13.8,0.3,2000,"sd","13:00:10",16116600
13.8,0.3,1000,"sd","13:00:09",16114600
13.8,0.3,900,"sd","13:00:09",16113600
13.85,0.35,200,"bu","13:00:09",16112700
13.8,0.3,2300,"sd","13:00:08",16112500
13.8,0.3,1900,"sd","13:00:08",16110200
13.8,0.3,600,"sd","13:00:07",16108300
13.8,0.3,200,"sd","13:00:07",16107700
13.8,0.3,100,"sd","13:00:06",16107500
13.8,0.3,400,"sd","13:00:05",16107400
13.8,0.3,200,"sd","13:00:05",16107000
13.8,0.3,2900,"sd","13:00:04",16106800
13.8,0.3,9900,"sd","13:00:04",16103900
13.8,0.3,200,"sd","13:00:03",16094000
13.8,0.3,500,"sd","13:00:02",16093800
13.85,0.35,300,"bu","13:00:02",16093300
13.8,0.3,100,"sd","13:00:02",16093000
13.8,0.3,37700,"sd","13:00:01",16092900
13.8,0.3,100,"sd","13:00:01",16055200
13.85,0.35,400,"bu","13:00:00",16055100
13.8,0.3,7100,"sd","13:00:00",16054700
13.8,0.3,600,"sd","13:00:00",16047600
13.8,0.3,10000,"sd","11:29:55",16047000
13.8,0.3,500,"sd","11:29:52",16037000
13.8,0.3,2000,"sd","11:29:23",16036500
13.8,0.3,300,"sd","11:29:14",16034500
13.8,0.3,1300,"sd","11:29:05",16034200
13.8,0.3,500,"sd","11:28:25",16032900
13.8,0.3,4200,"bu","11:28:21",16032400
13.8,0.3,3000,"bu","11:28:08",16028200
13.8,0.3,2900,"sd","11:27:54",16025200
13.8,0.3,2400,"bu","11:27:48",16022300
13.8,0.3,300,"bu","11:27:44",16019900
13.8,0.3,300,"bu","11:27:38",16019600
13.8,0.3,1000,"bu","11:27:36",16019300
13.8,0.3,21600,"bu","11:27:34",16018300
13.8,0.3,200,"bu","11:27:32",15996700
13.8,0.3,2000,"bu","11:27:31",15996500
13.8,0.3,600,"bu","11:27:23",15994500
13.8,0.3,4000,"bu","11:27:18",15993900
13.8,0.3,45000,"bu","11:27:17",15989900
13.8,0.3,10000,"bu","11:27:10",15944900
13.8,0.3,500,"bu","11:26:51",15934900
13.8,0.3,3000,"bu","11:26:50",15934400
13.8,0.3,3000,"bu","11:26:37",15931400
13.8,0.3,900,"bu","11:26:22",15928400
13.8,0.3,400,"bu","11:26:12",15927500
13.8,0.3,100,"bu","11:26:05",15927100
13.8,0.3,2000,"bu","11:26:04",15927000
13.75,0.25,1000,"sd","11:25:55",15925000
13.8,0.3,1000,"bu","11:25:44",15924000
13.75,0.25,400,"sd","11:25:40",15923000
13.75,0.25,5000,"sd","11:25:38",15922600
13.75,0.25,300,"sd","11:25:32",15917600
13.75,0.25,300,"sd","11:25:28",15917300
13.75,0.25,900,"sd","11:25:25",15917000
13.75,0.25,1000,"sd","11:25:21",15916100
13.75,0.25,600,"sd","11:25:07",15915100
13.8,0.3,1100,"bu","11:24:58",15914500
13.75,0.25,2200,"sd","11:24:55",15913400
13.75,0.25,17500,"sd","11:24:33",15911200
13.8,0.3,300,"bu","11:24:25",15893700
13.8,0.3,500,"bu","11:24:02",15893400
13.8,0.3,1000,"bu","11:23:36",15892900
13.8,0.3,5000,"bu","11:23:23",15891900
13.8,0.3,500,"bu","11:23:08",15886900
13.8,0.3,100,"bu","11:22:44",15886400
13.75,0.25,5000,"sd","11:22:31",15886300
13.8,0.3,1000,"bu","11:22:27",15881300
13.8,0.3,20000,"bu","11:22:25",15880300
13.75,0.25,3000,"sd","11:22:18",15860300
13.8,0.3,5000,"bu","11:21:59",15857300
13.75,0.25,100,"sd","11:21:55",15852300
13.8,0.3,500,"bu","11:21:35",15852200
13.8,0.3,1700,"bu","11:21:28",15851700
13.75,0.25,100,"sd","11:21:25",15850000
13.75,0.25,200,"sd","11:20:56",15849900
13.8,0.3,100,"bu","11:20:53",15849700
13.75,0.25,100000,"sd","11:20:34",15849600
13.8,0.3,200,"bu","11:20:16",15749600
13.75,0.25,4000,"sd","11:20:03",15749400
13.75,0.25,23400,"sd","11:20:01",15745400
13.75,0.25,6800,"sd","11:20:01",15722000
13.75,0.25,100000,"sd","11:19:43",15715200
13.75,0.25,2200,"sd","11:19:41",15615200
13.8,0.3,100,"bu","11:19:40",15613000
13.75,0.25,100000,"sd","11:19:38",15612900
13.75,0.25,27000,"sd","11:19:25",15512900
13.75,0.25,200,"sd","11:19:16",15485900
13.8,0.3,500,"bu","11:18:17",15485700
13.8,0.3,2000,"bu","11:17:44",15485200
13.8,0.3,100,"bu","11:17:14",15483200
13.8,0.3,3100,"bu","11:17:12",15483100
13.8,0.3,4000,"bu","11:17:06",15480000
13.75,0.25,2500,"sd","11:16:57",15476000
13.8,0.3,200,"bu","11:16:51",15473500
13.8,0.3,1000,"bu","11:16:38",15473300
13.8,0.3,200,"bu","11:16:18",15472300
13.8,0.3,200,"bu","11:16:07",15472100
13.8,0.3,1200,"bu","11:15:54",15471900
13.8,0.3,10000,"bu","11:15:47",15470700
13.8,0.3,100,"bu","11:15:32",15460700
13.8,0.3,500,"bu","11:15:12",15460600
13.8,0.3,5000,"bu","11:15:01",15460100
13.8,0.3,15000,"bu","11:14:40",15455100
13.8,0.3,100,"bu","11:14:37",15440100
13.8,0.3,200,"bu","11:14:23",15440000
13.8,0.3,2000,"bu","11:14:21",15439800
13.8,0.3,14000,"bu","11:14:15",15437800
13.8,0.3,8000,"bu","11:13:32",15423800
13.8,0.3,1000,"bu","11:13:27",15415800
13.8,0.3,2000,"bu","11:13:22",15414800
13.8,0.3,4300,"sd","11:13:17",15412800
13.8,0.3,4400,"bu","11:13:05",15408500
13.8,0.3,200,"bu","11:12:56",15404100
13.8,0.3,100,"bu","11:12:45",15403900
13.8,0.3,5800,"bu","11:12:40",15403800
13.8,0.3,1000,"bu","11:12:17",15398000
13.8,0.3,200,"bu","11:12:05",15397000
13.8,0.3,100,"bu","11:11:55",15396800
13.8,0.3,17400,"sd","11:11:48",15396700
13.8,0.3,100,"sd","11:11:13",15379300
13.8,0.3,700,"bu","11:10:47",15379200
13.8,0.3,500,"bu","11:10:43",15378500
13.8,0.3,1000,"bu","11:10:12",15378000
13.75,0.25,34400,"sd","11:10:06",15377000
13.8,0.3,1200,"bu","11:10:03",15342600
13.8,0.3,2000,"bu","11:09:55",15341400
13.8,0.3,600,"bu","11:09:54",15339400
13.8,0.3,10000,"bu","11:09:53",15338800
13.8,0.3,100,"bu","11:09:48",15328800
13.8,0.3,600,"bu","11:09:46",15328700
13.8,0.3,200,"bu","11:09:45",15328100
13.8,0.3,5000,"bu","11:09:32",15327900
13.8,0.3,5000,"bu","11:09:27",15322900
13.8,0.3,600,"bu","11:09:26",15317900
13.8,0.3,2000,"bu","11:09:18",15317300
13.8,0.3,500,"bu","11:09:07",15315300
13.8,0.3,100,"bu","11:09:03",15314800
13.8,0.3,500,"bu","11:08:49",15314700
13.8,0.3,100,"bu","11:08:42",15314200
13.8,0.3,23300,"sd","11:08:40",15314100
13.8,0.3,100,"sd","11:07:18",15290800
13.8,0.3,1000,"sd","11:07:17",15290700
13.8,0.3,3000,"bu","11:06:59",15289700
13.8,0.3,500,"bu","11:06:51",15286700
13.8,0.3,3000,"bu","11:06:36",15286200
13.8,0.3,5000,"bu","11:06:11",15283200
13.8,0.3,2900,"bu","11:06:00",15278200
13.8,0.3,100,"bu","11:05:55",15275300
13.8,0.3,200,"bu","11:05:35",15275200
13.8,0.3,88100,"sd","11:05:24",15275000
13.8,0.3,200,"sd","11:04:54",15186900
13.8,0.3,5000,"sd","11:04:13",15186700
13.8,0.3,5000,"sd","11:03:26",15181700
13.8,0.3,1000,"sd","11:03:23",15176700
13.85,0.35,3000,"sd","11:03:15",15175700
13.85,0.35,2000,"bu","11:03:13",15172700
13.8,0.3,1000,"sd","11:02:56",15170700
13.9,0.4,200,"bu","11:02:53",15169700
13.85,0.35,1100,"bu","11:02:53",15169500
13.85,0.35,200,"bu","11:02:46",15168400
13.85,0.35,1700,"bu","11:02:39",15168200
13.85,0.35,100,"bu","11:01:46",15166500
13.8,0.3,28500,"sd","11:01:33",15166400
13.85,0.35,4500,"sd","11:01:33",15137900
13.85,0.35,500,"bu","11:01:28",15133400
13.85,0.35,3500,"bu","11:01:27",15132900
13.85,0.35,1000,"bu","11:00:56",15129400
13.8,0.3,78400,"sd","11:00:25",15128400
13.8,0.3,106000,"sd","11:00:24",15050000
13.85,0.35,15600,"sd","11:00:24",14944000
13.9,0.4,500,"bu","11:00:23",14928400
13.85,0.35,1000,"sd","11:00:14",14927900
13.85,0.35,500,"sd","11:00:05",14926900
13.85,0.35,300,"sd","10:59:39",14926400
13.85,0.35,800,"sd","10:59:17",14926100
13.85,0.35,100,"sd","10:58:42",14925300
13.9,0.4,100,"bu","10:58:35",14925200
13.9,0.4,300,"bu","10:58:30",14925100
13.9,0.4,100,"bu","10:58:27",14924800
13.9,0.4,100,"sd","10:57:41",14924700
13.85,0.35,169100,"sd","10:57:30",14924600
13.9,0.4,30900,"sd","10:57:30",14755500
13.95,0.45,1000,"bu","10:57:03",14724600
13.95,0.45,29000,"bu","10:56:58",14723600
14,0.5,300,"bu","10:56:31",14694600
13.9,0.4,141300,"sd","10:56:31",14694300
13.9,0.4,2600,"sd","10:56:31",14553000
13.95,0.45,6100,"sd","10:56:31",14550400
13.95,0.45,2000,"sd","10:56:22",14544300
13.95,0.45,700,"sd","10:56:17",14542300
13.95,0.45,400,"sd","10:56:10",14541600
13.95,0.45,1200,"sd","10:56:06",14541200
13.95,0.45,2200,"sd","10:56:04",14540000
13.95,0.45,1000,"sd","10:56:02",14537800
13.95,0.45,100,"sd","10:56:00",14536800
13.95,0.45,10000,"sd","10:55:48",14536700
13.95,0.45,1000,"sd","10:55:39",14526700
13.95,0.45,1400,"sd","10:55:10",14525700
14,0.5,200,"bu","10:55:09",14524300
14,0.5,3900,"bu","10:54:24",14524100
13.95,0.45,26100,"bu","10:54:24",14520200
13.9,0.4,300,"sd","10:54:02",14494100
13.9,0.4,200,"sd","10:53:44",14493800
13.95,0.45,1000,"bu","10:53:38",14493600
13.95,0.45,10000,"bu","10:53:33",14492600
13.95,0.45,2000,"bu","10:53:28",14482600
13.95,0.45,1000,"bu","10:53:26",14480600
13.95,0.45,30000,"bu","10:53:15",14479600
13.95,0.45,2000,"bu","10:53:10",14449600
13.95,0.45,100,"bu","10:53:02",14447600
13.9,0.4,100,"sd","10:52:58",14447500
13.95,0.45,3200,"sd","10:52:46",14447400
13.95,0.45,300,"bu","10:52:38",14444200
13.95,0.45,4700,"sd","10:52:26",14443900
13.95,0.45,20000,"sd","10:52:15",14439200
13.95,0.45,1000,"sd","10:51:36",14419200
13.95,0.45,5000,"sd","10:51:35",14418200
14,0.5,1300,"bu","10:51:16",14413200
14,0.5,35000,"bu","10:51:05",14411900
13.95,0.45,6000,"sd","10:50:52",14376900
13.95,0.45,3000,"sd","10:50:43",14281200
13.95,0.45,1000,"sd","10:50:41",14278200
13.95,0.45,700,"sd","10:50:21",14277200
13.95,0.45,1000,"sd","10:50:21",14276500
13.95,0.45,10000,"sd","10:50:20",14275500
13.95,0.45,25000,"sd","10:50:16",14265500
13.95,0.45,500,"sd","10:50:11",14240500
13.95,0.45,200,"sd","10:50:07",14240000
13.95,0.45,10000,"sd","10:50:00",14239700
13.95,0.45,10000,"sd","10:49:59",14229700
13.95,0.45,5200,"sd","10:49:59",14219700
13.95,0.45,5400,"sd","10:49:53",14214500
13.95,0.45,10000,"sd","10:49:51",14209100
13.95,0.45,500,"sd","10:49:44",14199100
13.95,0.45,1000,"sd","10:49:37",14198600
14,0.5,500,"bu","10:49:32",14197600
14,0.5,2600,"sd","10:49:28",14197100
14,0.5,24000,"sd","10:49:27",14194500
14,0.5,6500,"sd","10:49:26",14170500
14,0.5,198000,"sd","10:49:23",14164000
14,0.5,364000,"sd","10:49:21",13966000
14.05,0.55,5000,"bu","10:49:21",13602000
14.05,0.55,500,"bu","10:49:20",13597000
14.05,0.55,300,"bu","10:49:13",13596500
14,0.5,100,"sd","10:49:09",13596200
14,0.5,3900,"sd","10:49:09",13596100
14.05,0.55,100,"bu","10:49:00",13592200
14.05,0.55,600,"bu","10:48:49",13592100
14.05,0.55,300,"bu","10:48:42",13591500
14,0.5,10000,"sd","10:48:40",13591200
14.05,0.55,1000,"bu","10:48:39",13581200
14.05,0.55,6300,"bu","10:48:38",13580200
14.05,0.55,100,"bu","10:48:35",13573900
14,0.5,1000,"sd","10:48:29",13573800
14.05,0.55,500,"bu","10:48:28",13572800
14.05,0.55,500,"bu","10:48:27",13572300
14.05,0.55,300,"bu","10:48:24",13571800
14.05,0.55,2000,"bu","10:48:22",13571500
14.05,0.55,2000,"bu","10:48:18",13569500
14.05,0.55,500,"bu","10:48:17",13567500
14.05,0.55,4000,"bu","10:48:15",13567000
14.05,0.55,200,"bu","10:48:07",13563000
14.05,0.55,500,"bu","10:48:05",13562800
14.05,0.55,5000,"bu","10:48:03",13562300
14.05,0.55,100,"bu","10:47:58",13557300
14.05,0.55,100,"bu","10:47:56",13557200
14.05,0.55,700,"bu","10:47:51",13557100
14.05,0.55,200,"bu","10:47:49",13556400
14.05,0.55,4000,"bu","10:47:47",13556200
14.05,0.55,1900,"bu","10:47:42",13552200
14.05,0.55,100,"bu","10:47:37",13550300
14,0.5,2500,"sd","10:47:15",13550200
14.05,0.55,100,"bu","10:47:10",13547700
14.05,0.55,600,"bu","10:47:10",13547600
14.05,0.55,5000,"bu","10:46:57",13546900
14,0.5,100,"sd","10:46:52",13541900
14,0.5,200,"sd","10:46:47",13541800
14.05,0.55,500,"bu","10:46:45",13541600
14,0.5,100,"sd","10:46:30",13541100
14,0.5,17800,"bu","10:46:26",13541000
14,0.5,5000,"bu","10:46:24",13523200
14,0.5,400,"bu","10:46:23",13518200
14,0.5,5000,"bu","10:46:22",13517800
14,0.5,3000,"bu","10:46:21",13512800
14,0.5,14100,"bu","10:46:20",13509800
14,0.5,10700,"bu","10:46:19",13495700
14,0.5,19500,"bu","10:46:18",13485000
14,0.5,32700,"bu","10:46:17",13465500
14,0.5,100,"bu","10:46:16",13432800
14,0.5,100,"bu","10:46:16",13432700
14,0.5,400,"bu","10:46:15",13432600
14,0.5,52200,"bu","10:46:15",13432200
14,0.5,10000,"bu","10:46:14",13380000
14,0.5,1300,"bu","10:46:14",13370000
14,0.5,10000,"bu","10:46:13",13368700
14,0.5,10000,"bu","10:46:13",13358700
14,0.5,5100,"bu","10:46:11",13348700
14,0.5,28000,"bu","10:46:10",13343600
14,0.5,2400,"bu","10:46:09",13315600
14,0.5,2900,"bu","10:46:07",13313200
14,0.5,59300,"bu","10:46:07",13310300
14,0.5,1300,"bu","10:46:05",13251000
14,0.5,8000,"bu","10:46:04",13249700
14,0.5,10000,"bu","10:46:03",13241700
14,0.5,6000,"bu","10:46:01",13231700
14,0.5,3000,"bu","10:46:00",13225700
14,0.5,3200,"bu","10:45:59",13222700
14,0.5,400,"bu","10:45:58",13219500
14,0.5,1200,"bu","10:45:57",13219100
14,0.5,22200,"bu","10:45:55",13217900
14,0.5,2000,"bu","10:45:54",13195700
14,0.5,2000,"bu","10:45:52",13193700
14,0.5,200300,"bu","10:45:50",13191700
14,0.5,1000,"bu","10:45:46",12991400
14,0.5,300,"bu","10:45:41",12990400
14,0.5,600,"bu","10:45:36",12990100
14,0.5,1000,"bu","10:45:35",12989500
14,0.5,1000,"bu","10:45:25",12988500
14,0.5,500,"bu","10:45:16",12987500
14,0.5,10000,"bu","10:45:14",12987000
14,0.5,1000,"bu","10:45:10",12977000
14,0.5,13000,"bu","10:45:06",12976000
14,0.5,100,"bu","10:45:00",12963000
14,0.5,1200,"bu","10:44:59",12962900
14,0.5,6000,"bu","10:44:55",12961700
14,0.5,20000,"bu","10:44:54",12955700
14,0.5,3000,"bu","10:44:53",12935700
14,0.5,500,"bu","10:44:45",12932700
14,0.5,200,"bu","10:44:38",12932200
14,0.5,2800,"bu","10:44:36",12932000
14,0.5,1500,"bu","10:44:34",12929200
14,0.5,700,"bu","10:44:33",12927700
14,0.5,200,"bu","10:44:31",12927000
14,0.5,100,"bu","10:44:30",12926800
14,0.5,300,"bu","10:44:27",12926700
14,0.5,100,"bu","10:44:27",12926400
14,0.5,500,"bu","10:44:25",12926300
14,0.5,1200,"bu","10:44:23",12925800
14,0.5,100,"bu","10:44:22",12924600
14,0.5,1200,"bu","10:44:21",12924500
14,0.5,5000,"bu","10:44:19",12923300
14,0.5,500,"bu","10:44:16",12918300
14,0.5,100000,"bu","10:44:13",12917800
14,0.5,100,"bu","10:44:12",12817800
14,0.5,100,"bu","10:44:08",12817700
14,0.5,3000,"bu","10:44:07",12817600
14,0.5,1600,"bu","10:44:05",12814600
14,0.5,3000,"bu","10:43:55",12813000
14,0.5,200,"bu","10:43:47",12810000
14,0.5,500,"bu","10:43:46",12809800
14,0.5,1000,"bu","10:43:40",12809300
14,0.5,5000,"bu","10:43:38",12808300
13.95,0.45,200,"sd","10:43:37",12803300
14,0.5,1000,"bu","10:43:35",12803100
14,0.5,5000,"bu","10:43:31",12802100
14,0.5,4000,"bu","10:43:29",12797100
14,0.5,1000,"bu","10:43:27",12793100
14,0.5,1000,"bu","10:43:27",12792100
14,0.5,800,"bu","10:43:26",12791100
14,0.5,8000,"bu","10:43:24",12790300
14,0.5,24300,"bu","10:43:22",12782300
14,0.5,6700,"bu","10:43:21",12758000
14,0.5,131000,"bu","10:43:18",12751300
14,0.5,100,"bu","10:43:16",12620300
14,0.5,1800,"bu","10:43:13",12620200
14,0.5,20000,"bu","10:43:12",12618400
14,0.5,2500,"bu","10:43:08",12598400
14,0.5,100,"bu","10:43:06",12595900
14,0.5,2000,"bu","10:43:05",12595800
14,0.5,4000,"bu","10:43:03",12593800
14,0.5,10100,"bu","10:43:01",12589800
14,0.5,254900,"bu","10:43:00",12579700
14,0.5,10500,"bu","10:42:53",12324800
14,0.5,13000,"bu","10:42:51",12314300
14,0.5,15000,"bu","10:42:47",12301300
14,0.5,500,"bu","10:42:41",12286300
14,0.5,25000,"bu","10:42:39",12285800
14,0.5,5000,"bu","10:42:38",12260800
14,0.5,24000,"bu","10:42:37",12255800
14,0.5,5800,"bu","10:42:30",12231800
14,0.5,47200,"bu","10:42:29",12226000
14,0.5,100,"bu","10:42:29",12178800
14,0.5,100000,"bu","10:42:24",12178700
14,0.5,400,"bu","10:42:20",12078700
13.95,0.45,4600,"sd","10:42:18",12078300
14,0.5,1000,"bu","10:42:18",12073700
14,0.5,100000,"bu","10:42:15",12072700
14,0.5,500,"bu","10:42:14",11972700
14,0.5,200,"bu","10:42:10",11972200
14,0.5,1000,"bu","10:42:06",11972000
14,0.5,600,"bu","10:42:05",11971000
14,0.5,5000,"bu","10:42:02",11970400
14,0.5,1000,"bu","10:41:54",11965400
14,0.5,1000,"bu","10:41:53",11964400
14,0.5,300,"bu","10:41:43",11963400
14,0.5,500000,"bu","10:41:27",11963100
13.95,0.45,1000,"sd","10:41:27",11463100
13.95,0.45,100,"sd","10:41:26",11462100
13.95,0.45,500,"sd","10:41:23",11462000
13.95,0.45,500,"sd","10:41:22",11461500
13.95,0.45,10000,"sd","10:41:18",11461000
13.95,0.45,100,"sd","10:41:15",11451000
13.95,0.45,1000,"sd","10:41:12",11450900
13.95,0.45,391100,"bu","10:40:51",11449900
13.95,0.45,200,"bu","10:40:48",11058800
13.95,0.45,467800,"bu","10:40:38",11058600
13.9,0.4,32200,"bu","10:40:38",10590800
13.9,0.4,15800,"bu","10:40:35",10558600
13.9,0.4,500000,"bu","10:40:27",10542800
13.9,0.4,300,"bu","10:39:40",10042800
13.9,0.4,500,"bu","10:39:24",10042500
13.85,0.35,500,"sd","10:39:15",10042000
13.85,0.35,4600,"sd","10:39:04",10041500
13.85,0.35,500,"sd","10:38:38",10036900
13.85,0.35,200,"sd","10:38:14",10036400
13.9,0.4,1000,"bu","10:38:04",10036200
13.85,0.35,200,"sd","10:38:03",10035200
13.9,0.4,3400,"bu","10:37:58",10035000
13.85,0.35,300,"sd","10:37:55",10031600
13.85,0.35,100,"sd","10:37:52",10031300
13.85,0.35,200,"sd","10:37:28",10031200
13.9,0.4,200000,"bu","10:37:23",10031000
13.85,0.35,100,"sd","10:37:04",9831000
13.9,0.4,1000,"bu","10:36:57",9830900
13.9,0.4,1000,"bu","10:36:51",9829900
13.85,0.35,1000,"sd","10:36:42",9828900
13.85,0.35,100,"sd","10:36:13",9827900
13.85,0.35,200,"sd","10:36:04",9827800
13.85,0.35,300,"sd","10:35:47",9827600
13.85,0.35,2000,"bu","10:35:28",9827300
13.85,0.35,200,"bu","10:35:18",9825300
13.85,0.35,300,"sd","10:34:47",9812300
13.85,0.35,86900,"bu","10:34:44",9812000
13.8,0.3,5000,"sd","10:34:33",9725100
13.8,0.3,1000,"sd","10:34:26",9720100
13.85,0.35,2000,"bu","10:34:06",9719100
13.8,0.3,400,"sd","10:33:47",9717100
13.8,0.3,5000,"sd","10:33:38",9716700
13.8,0.3,700,"sd","10:33:33",9711700
13.8,0.3,300,"sd","10:33:31",9711000
13.8,0.3,100,"sd","10:33:25",9710700
13.8,0.3,200,"sd","10:33:23",9710600
13.8,0.3,300,"sd","10:33:19",9710400
13.8,0.3,4000,"sd","10:33:15",9710100
13.8,0.3,5000,"sd","10:33:07",9706100
13.8,0.3,2000,"bu","10:32:45",9701100
13.8,0.3,1000,"bu","10:32:36",9699100
13.8,0.3,97000,"sd","10:32:32",9698100
13.85,0.35,100,"bu","10:32:05",9601100
13.85,0.35,300,"bu","10:31:05",9601000
13.85,0.35,1100,"sd","10:30:52",9600700
13.85,0.35,400,"sd","10:30:37",9599600
13.85,0.35,1100,"bu","10:30:23",9599200
13.85,0.35,400,"sd","10:29:55",9598100
13.85,0.35,1400,"sd","10:29:52",9597700
13.85,0.35,3200,"sd","10:29:43",9596300
13.8,0.3,9000,"sd","10:29:02",9593100
13.85,0.35,1000,"sd","10:29:02",9584100
13.9,0.4,900,"bu","10:28:43",9583100
13.9,0.4,100500,"bu","10:28:33",9582200
13.85,0.35,32100,"bu","10:28:33",9481700
13.85,0.35,71000,"bu","10:28:09",9449600
13.8,0.3,100,"sd","10:27:57",9378600
13.8,0.3,600,"sd","10:27:44",9378500
13.85,0.35,500,"bu","10:27:23",9377900
13.8,0.3,1000,"sd","10:26:57",9377400
13.8,0.3,7000,"sd","10:26:53",9376400
13.8,0.3,100,"sd","10:26:50",9369400
13.8,0.3,1000,"sd","10:26:18",9369300
13.8,0.3,300,"sd","10:25:55",9368300
13.8,0.3,500,"sd","10:25:54",9368000
13.8,0.3,16300,"bu","10:25:49",9367500
13.8,0.3,300,"bu","10:25:44",9351200
13.8,0.3,1000,"bu","10:25:37",9350900
13.8,0.3,900,"sd","10:25:01",9349900
13.8,0.3,500,"sd","10:24:58",9349000
13.8,0.3,100,"sd","10:24:48",9348500
13.8,0.3,8500,"bu","10:24:45",9348400
13.8,0.3,100,"bu","10:24:41",9339900
13.8,0.3,31500,"sd","10:24:39",9339800
13.8,0.3,5300,"sd","10:24:16",9308300
13.8,0.3,100,"sd","10:24:14",9298300
13.8,0.3,500,"sd","10:24:12",9298200
13.8,0.3,2000,"sd","10:24:05",9297700
13.85,0.35,1200,"bu","10:24:03",9295700
13.8,0.3,100,"sd","10:24:02",9294500
13.8,0.3,26200,"sd","10:23:55",9294400
13.8,0.3,94200,"sd","10:23:35",9268200
13.85,0.35,100,"bu","10:23:33",9174000
13.8,0.3,2000,"sd","10:23:31",9173900
13.85,0.35,300,"bu","10:23:18",9171700
13.85,0.35,10000,"bu","10:22:44",9171400
13.8,0.3,300,"sd","10:22:28",9161400
13.8,0.3,5000,"sd","10:22:23",9161100
13.8,0.3,400,"sd","10:22:21",9156100
13.8,0.3,2000,"sd","10:22:08",9155700
13.85,0.35,800,"bu","10:22:05",9153700
13.8,0.3,5000,"sd","10:22:00",9152900
13.8,0.3,4000,"sd","10:21:35",9147900
13.85,0.35,1000,"bu","10:21:33",9143900
13.8,0.3,10000,"sd","10:21:32",9142900
13.8,0.3,100,"sd","10:21:12",9132900
13.85,0.35,400,"bu","10:21:05",9132800
13.85,0.35,100,"bu","10:21:03",9132400
13.85,0.35,100,"bu","10:21:01",9132300
13.85,0.35,13100,"sd","10:21:00",9132200
13.85,0.35,3000,"sd","10:20:48",9118100
13.85,0.35,500,"sd","10:20:44",9115100
13.85,0.35,3600,"sd","10:20:39",9114600
13.85,0.35,5000,"sd","10:20:36",9111000
13.9,0.4,500,"bu","10:20:28",9106000
13.85,0.35,18600,"sd","10:20:25",9105500
13.85,0.35,2000,"sd","10:19:55",9086900
13.9,0.4,10000,"bu","10:19:40",9084900
13.9,0.4,7100,"bu","10:19:29",9074900
13.9,0.4,16100,"bu","10:19:26",9067800
13.85,0.35,5100,"sd","10:19:18",9051700
13.85,0.35,100,"sd","10:19:14",9046600
13.85,0.35,35900,"sd","10:18:53",9046500
13.85,0.35,100,"sd","10:18:41",9010600
13.9,0.4,700,"bu","10:18:19",9010500
13.9,0.4,1000,"bu","10:18:02",9009800
13.85,0.35,200,"sd","10:18:00",9008800
13.9,0.4,1500,"bu","10:17:49",9008600
13.9,0.4,300,"bu","10:17:44",9007100
13.9,0.4,200,"bu","10:17:39",9006800
13.9,0.4,5900,"bu","10:17:29",9006600
13.9,0.4,8000,"bu","10:17:24",9000700
13.9,0.4,1000,"bu","10:17:14",8992700
13.9,0.4,1300,"bu","10:17:08",8991700
13.9,0.4,1000,"bu","10:17:03",8990400
13.9,0.4,5300,"bu","10:17:01",8989400
13.9,0.4,600,"bu","10:16:53",8984100
13.9,0.4,1000,"bu","10:16:51",8983500
13.9,0.4,44300,"sd","10:16:40",8982500
13.9,0.4,1000,"sd","10:16:36",8938200
13.9,0.4,100,"sd","10:16:11",8937200
13.9,0.4,25000,"sd","10:16:11",8937100
13.9,0.4,1300,"sd","10:16:10",8912100
13.9,0.4,500,"sd","10:15:58",8910800
13.95,0.45,400,"bu","10:15:53",8910300
13.9,0.4,500,"sd","10:15:52",8909900
13.95,0.45,500,"bu","10:15:51",8909400
13.9,0.4,300,"sd","10:15:49",8908900
13.9,0.4,10000,"sd","10:15:47",8908600
13.9,0.4,10000,"sd","10:15:20",8898600
13.9,0.4,1000,"sd","10:15:16",8888600
13.9,0.4,3000,"sd","10:15:09",8887600
13.9,0.4,200,"sd","10:14:51",8884600
13.9,0.4,1000,"sd","10:14:50",8884400
13.9,0.4,700,"sd","10:14:45",8883400
13.9,0.4,3000,"sd","10:14:41",8882700
13.9,0.4,31200,"bu","10:14:39",8879700
13.9,0.4,2900,"bu","10:14:38",8848500
13.9,0.4,10000,"bu","10:14:36",8845600
13.85,0.35,100,"sd","10:14:32",8835600
13.9,0.4,37500,"bu","10:14:31",8835500
13.9,0.4,3000,"bu","10:14:28",8798000
13.9,0.4,1700,"bu","10:14:26",8795000
13.9,0.4,1000,"bu","10:14:22",8793300
13.9,0.4,3000,"bu","10:14:22",8792300
13.9,0.4,1200,"bu","10:14:21",8789300
13.9,0.4,100,"bu","10:14:17",8788100
13.9,0.4,200,"bu","10:14:14",8788000
13.9,0.4,31600,"bu","10:14:01",8787800
13.9,0.4,200,"bu","10:14:00",8756200
13.9,0.4,14600,"bu","10:13:56",8756000
13.9,0.4,3000,"bu","10:13:50",8741400
13.9,0.4,100,"bu","10:13:49",8738400
13.9,0.4,100,"bu","10:13:42",8738300
13.9,0.4,10000,"bu","10:13:39",8738200
13.9,0.4,100,"bu","10:13:38",8728200
13.9,0.4,66600,"sd","10:13:37",8728100
13.9,0.4,1000,"sd","10:13:36",8661500
13.9,0.4,2000,"sd","10:13:22",8660500
13.9,0.4,100000,"sd","10:13:21",8658500
13.9,0.4,27700,"bu","10:13:20",8558500
13.9,0.4,5100,"bu","10:13:20",8530800
13.9,0.4,2000,"bu","10:13:19",8525700
13.9,0.4,39600,"bu","10:13:17",8523700
13.9,0.4,110400,"bu","10:13:17",8484100
13.9,0.4,57500,"bu","10:13:14",8373700
13.9,0.4,200,"bu","10:13:12",8316200
13.9,0.4,18000,"bu","10:13:10",8316000
13.9,0.4,300,"bu","10:13:08",8298000
13.9,0.4,2000,"bu","10:13:06",8297700
13.9,0.4,6400,"bu","10:13:04",8295700
13.9,0.4,1000,"bu","10:13:02",8289300
13.9,0.4,13000,"bu","10:13:01",8288300
13.9,0.4,5000,"bu","10:12:57",8275300
13.9,0.4,5000,"bu","10:12:56",8270300
13.9,0.4,5000,"bu","10:12:51",8265300
13.9,0.4,200,"bu","10:12:50",8260300
13.9,0.4,1000,"bu","10:12:48",8260100
13.9,0.4,100,"bu","10:12:46",8259100
13.9,0.4,5000,"bu","10:12:45",8259000
13.9,0.4,72300,"bu","10:12:38",8254000
13.9,0.4,5000,"bu","10:12:38",8181700
13.9,0.4,15000,"bu","10:12:34",8176700
13.9,0.4,20000,"bu","10:11:46",8161700
13.85,0.35,500,"sd","10:11:45",8141700
13.9,0.4,5000,"bu","10:11:24",8141200
13.85,0.35,1000,"sd","10:11:12",8136200
13.9,0.4,200,"bu","10:11:12",8135200
13.85,0.35,400,"sd","10:11:00",8135000
13.85,0.35,4000,"sd","10:10:55",8134600
13.85,0.35,1000,"sd","10:10:35",8130600
13.85,0.35,2000,"sd","10:09:56",8129600
13.85,0.35,2000,"sd","10:09:17",8127600
13.85,0.35,2500,"sd","10:09:08",8125600
13.85,0.35,31400,"bu","10:09:07",8123100
13.85,0.35,5000,"bu","10:09:02",8091700
13.85,0.35,2000,"bu","10:08:53",8086700
13.85,0.35,700,"bu","10:08:50",8084700
13.85,0.35,1000,"bu","10:08:44",8084000
13.85,0.35,1000,"bu","10:08:27",8083000
13.85,0.35,40000,"sd","10:08:20",8082000
13.85,0.35,100,"sd","10:08:18",8042000
13.85,0.35,1100,"sd","10:08:16",8041900
13.85,0.35,10000,"sd","10:08:09",8040800
13.85,0.35,100,"sd","10:08:05",8030800
13.85,0.35,400,"sd","10:07:59",8030700
13.85,0.35,5000,"sd","10:07:55",8030300
13.85,0.35,8200,"bu","10:07:48",8025300
13.85,0.35,500,"bu","10:07:36",8017100
13.85,0.35,10000,"bu","10:07:16",8016600
13.85,0.35,3000,"bu","10:07:14",8006600
13.85,0.35,200,"bu","10:07:13",8003600
13.85,0.35,19200,"bu","10:07:00",8003400
13.85,0.35,7900,"bu","10:06:55",7984200
13.85,0.35,10200,"bu","10:06:46",7976300
13.85,0.35,300,"bu","10:06:33",7966100
13.85,0.35,200,"bu","10:06:28",7965800
13.85,0.35,1000,"bu","10:06:20",7965600
13.85,0.35,100,"bu","10:06:15",7964600
13.85,0.35,400,"bu","10:06:11",7964500
13.85,0.35,400,"bu","10:05:51",7964100
13.85,0.35,100,"bu","10:05:50",7963700
13.85,0.35,200,"bu","10:05:32",7963600
13.85,0.35,300,"bu","10:05:17",7963400
13.85,0.35,400,"bu","10:05:12",7963000
13.85,0.35,2800,"bu","10:05:09",7962600
13.85,0.35,11400,"bu","10:05:06",7959800
13.85,0.35,5000,"bu","10:05:00",7948400
13.85,0.35,12700,"sd","10:04:38",7943400
13.85,0.35,500,"sd","10:04:30",7930700
13.85,0.35,5800,"sd","10:04:27",7930200
13.85,0.35,4000,"sd","10:04:25",7924400
13.85,0.35,200,"sd","10:04:22",7920400
13.85,0.35,4600,"bu","10:03:58",7920200
13.8,0.3,200,"sd","10:03:57",7915600
13.85,0.35,2000,"bu","10:03:46",7915400
13.8,0.3,500,"sd","10:03:27",7913400
13.85,0.35,2000,"bu","10:03:26",7912900
13.85,0.35,3000,"bu","10:03:14",7910900
13.85,0.35,300,"bu","10:03:09",7907900
13.85,0.35,300,"bu","10:03:07",7907600
13.85,0.35,10000,"bu","10:03:05",7907300
13.85,0.35,200,"bu","10:02:56",7897300
13.85,0.35,400,"bu","10:02:52",7897100
13.85,0.35,1700,"bu","10:02:48",7896700
13.85,0.35,1000,"bu","10:02:42",7895000
13.85,0.35,600,"bu","10:02:38",7894000
13.85,0.35,2200,"bu","10:02:23",7893400
13.85,0.35,5600,"bu","10:02:15",7891200
13.85,0.35,100,"bu","10:02:14",7885600
13.8,0.3,1000,"sd","10:02:11",7885500
13.85,0.35,51500,"bu","10:02:01",7884500
13.8,0.3,37900,"sd","10:01:44",7833000
13.8,0.3,500,"sd","10:01:26",7795100
13.8,0.3,100,"sd","10:00:59",7794600
13.8,0.3,100,"sd","10:00:37",7794500
13.8,0.3,100,"sd","10:00:36",7794400
13.85,0.35,200,"bu","10:00:36",7794300
13.85,0.35,277800,"sd","10:00:35",7794100
13.85,0.35,100,"sd","10:00:22",7516300
13.85,0.35,100,"sd","10:00:14",7516200
13.85,0.35,100,"sd","10:00:10",7516100
13.85,0.35,5000,"sd","09:59:30",7516000
13.85,0.35,5000,"sd","09:59:22",7511000
13.85,0.35,200,"sd","09:59:09",7506000
13.85,0.35,200,"sd","09:58:58",7505800
13.9,0.4,18600,"bu","09:58:57",7505600
13.85,0.35,2000,"sd","09:58:57",7487000
13.85,0.35,100,"sd","09:58:39",7485000
13.9,0.4,20000,"bu","09:58:30",7484900
13.85,0.35,600,"sd","09:58:11",7464900
13.85,0.35,100,"sd","09:58:07",7464300
13.85,0.35,500,"sd","09:58:00",7464200
13.85,0.35,400,"sd","09:57:56",7463700
13.85,0.35,200,"sd","09:57:47",7463300
13.85,0.35,21000,"sd","09:57:18",7463100
13.9,0.4,30000,"bu","09:57:12",7442100
13.9,0.4,1000,"bu","09:57:09",7412100
13.9,0.4,900,"bu","09:57:04",7411100
13.9,0.4,2800,"bu","09:56:54",7410200
13.85,0.35,1300,"sd","09:56:53",7407400
13.9,0.4,500,"bu","09:56:49",7406100
13.9,0.4,2000,"bu","09:56:46",7405600
13.85,0.35,200,"sd","09:56:42",7403600
13.9,0.4,800,"bu","09:56:39",7403400
13.9,0.4,100,"bu","09:56:37",7402600
13.9,0.4,500,"bu","09:56:29",7402500
13.9,0.4,100,"bu","09:56:26",7402000
13.9,0.4,100,"bu","09:56:15",7401900
13.9,0.4,1000,"bu","09:56:09",7401800
13.9,0.4,1000,"bu","09:56:06",7400800
13.9,0.4,2000,"bu","09:56:05",7399800
13.85,0.35,5000,"sd","09:56:03",7397800
13.85,0.35,1400,"sd","09:55:56",7392800
13.85,0.35,2000,"sd","09:55:55",7391400
13.9,0.4,2000,"bu","09:55:54",7389400
13.9,0.4,100,"bu","09:55:49",7387400
13.9,0.4,1000,"bu","09:55:45",7387300
13.9,0.4,100,"bu","09:55:42",7386200
13.85,0.35,100,"sd","09:55:40",7386100
13.9,0.4,1400,"sd","09:55:38",7386000
13.9,0.4,300,"sd","09:55:37",7384600
13.9,0.4,200,"sd","09:55:35",7384300
13.95,0.45,8800,"bu","09:55:34",7384100
13.9,0.4,500,"sd","09:55:34",7375300
13.9,0.4,300,"sd","09:55:32",7374800
13.95,0.45,200,"bu","09:55:30",7374500
13.9,0.4,5000,"sd","09:55:28",7374300
13.9,0.4,400,"sd","09:55:25",7369300
13.9,0.4,100,"sd","09:55:24",7368900
13.95,0.45,2500,"bu","09:55:24",7368800
13.95,0.45,12200,"sd","09:55:19",7366300
13.95,0.45,3000,"sd","09:55:18",7354100
13.95,0.45,200,"sd","09:55:18",7351100
13.95,0.45,40000,"sd","09:55:17",7350900
13.95,0.45,10000,"sd","09:55:16",7310900
14,0.5,6000,"bu","09:55:13",7300900
13.95,0.45,200,"sd","09:55:11",7294900
13.95,0.45,2000,"sd","09:55:06",7294700
14,0.5,100,"bu","09:55:04",7292700
13.95,0.45,1000,"sd","09:55:02",7292600
14,0.5,300,"bu","09:54:55",7291600
13.95,0.45,2000,"sd","09:54:53",7286300
14,0.5,17000,"bu","09:54:52",7284300
13.95,0.45,13000,"sd","09:54:49",7267300
14,0.5,1000,"bu","09:54:46",7254300
14,0.5,2000,"bu","09:54:39",7253300
13.95,0.45,4000,"sd","09:54:34",7251300
14,0.5,500,"bu","09:54:29",7247300
14,0.5,600,"bu","09:54:28",7246800
13.95,0.45,10000,"sd","09:54:25",7246200
14,0.5,5000,"bu","09:54:19",7236200
13.95,0.45,200,"sd","09:54:17",7231200
13.95,0.45,100,"sd","09:54:14",7231000
13.95,0.45,3000,"sd","09:54:11",7230900
14,0.5,100,"bu","09:54:04",7227900
13.95,0.45,12000,"sd","09:54:04",7227800
14,0.5,3500,"bu","09:54:02",7215800
14,0.5,10000,"bu","09:54:01",7212300
13.95,0.45,100,"sd","09:53:58",7202300
14,0.5,12000,"bu","09:53:47",7202200
14,0.5,2000,"bu","09:53:43",7190200
14,0.5,200,"bu","09:53:42",7188200
13.95,0.45,1000,"sd","09:53:42",7188000
14,0.5,500,"bu","09:53:42",7187000
14,0.5,500,"bu","09:53:40",7186500
13.95,0.45,2000,"sd","09:53:38",7186000
14,0.5,5000,"bu","09:53:36",7184000
14,0.5,500,"bu","09:53:34",7179000
14,0.5,50000,"bu","09:53:32",7178500
13.95,0.45,2000,"sd","09:53:31",7128500
13.95,0.45,200,"sd","09:53:25",7126500
14,0.5,500,"bu","09:53:25",7126300
14,0.5,100,"bu","09:53:20",7125800
14,0.5,6700,"bu","09:53:16",7125700
14,0.5,400,"bu","09:53:14",7119000
14,0.5,10000,"bu","09:53:12",7118600
13.95,0.45,10000,"sd","09:53:11",7108600
14,0.5,2100,"bu","09:53:08",7098600
14,0.5,15000,"bu","09:53:07",7096500
14,0.5,500,"bu","09:52:54",7081500
14,0.5,400,"bu","09:52:52",7081000
13.95,0.45,900,"sd","09:52:46",7080600
14,0.5,25400,"bu","09:52:44",7079700
14,0.5,600,"bu","09:52:43",7054300
14,0.5,1400,"bu","09:52:42",7053700
14,0.5,5000,"bu","09:52:39",7052300
14,0.5,1400,"bu","09:52:37",7047300
14,0.5,6500,"bu","09:52:34",7045900
14,0.5,100,"bu","09:52:33",7039400
14,0.5,600,"bu","09:52:33",7039300
13.95,0.45,100,"sd","09:52:32",7038700
14,0.5,15300,"bu","09:52:31",7038600
14,0.5,5000,"bu","09:52:30",7023300
13.95,0.45,100,"sd","09:52:28",7018300
14,0.5,500,"bu","09:52:27",7018200
14,0.5,4500,"bu","09:52:26",7017300
14,0.5,28500,"bu","09:52:25",7012800
13.95,0.45,100,"sd","09:52:25",6984300
14,0.5,1300,"bu","09:52:25",6984200
14,0.5,33700,"bu","09:52:24",6982900
13.95,0.45,500,"sd","09:52:23",6949200
14,0.5,2100,"bu","09:52:23",6948700
14,0.5,1000,"bu","09:52:21",6946600
13.95,0.45,100,"sd","09:52:20",6945600
14,0.5,1000,"bu","09:52:19",6945500
14,0.5,30000,"bu","09:52:18",6944500
13.95,0.45,200,"sd","09:52:18",6914500
14,0.5,20000,"bu","09:52:17",6914300
14,0.5,2000,"bu","09:52:15",6894300
14,0.5,2000,"bu","09:52:14",6892300
14,0.5,108000,"bu","09:52:14",6890300
14,0.5,5000,"bu","09:52:10",6782300
13.95,0.45,1000,"sd","09:52:09",6757300
13.95,0.45,1000,"sd","09:52:08",6756300
14,0.5,38500,"bu","09:52:05",6755300
13.95,0.45,300,"sd","09:52:04",6716800
13.95,0.45,1000,"sd","09:52:03",6716500
13.95,0.45,1200,"sd","09:52:02",6715500
13.95,0.45,6200,"sd","09:52:01",6714300
13.95,0.45,500,"sd","09:52:00",6708100
13.95,0.45,1000,"sd","09:51:59",6707600
13.95,0.45,10000,"sd","09:51:58",6706600
13.95,0.45,100,"sd","09:51:57",6696600
13.95,0.45,100,"sd","09:51:57",6696500
13.95,0.45,2600,"sd","09:51:56",6696400
13.95,0.45,25000,"sd","09:51:56",6693800
13.95,0.45,5100,"sd","09:51:55",6668800
13.95,0.45,229000,"sd","09:51:54",6663700
13.95,0.45,10400,"sd","09:51:48",6434700
13.95,0.45,100,"sd","09:51:48",6424300
13.95,0.45,2500,"sd","09:51:47",6424200
13.95,0.45,93900,"bu","09:51:45",6421700
13.9,0.4,6700,"bu","09:51:45",6327800
13.85,0.35,4000,"sd","09:51:36",6321100
13.85,0.35,10000,"sd","09:51:30",6317100
13.9,0.4,3200,"sd","09:51:29",6307100
13.95,0.45,100,"sd","09:51:29",6303900
13.95,0.45,5000,"sd","09:51:28",6303800
13.95,0.45,5700,"sd","09:51:27",6298800
13.95,0.45,1000,"sd","09:51:26",6293100
13.95,0.45,18000,"sd","09:51:24",6291100
13.95,0.45,3000,"sd","09:51:23",6273100
13.95,0.45,10000,"sd","09:51:23",6270100
13.95,0.45,1000,"sd","09:51:22",6260100
13.95,0.45,2600,"sd","09:51:20",6259100
14,0.5,400,"bu","09:51:20",6256500
13.95,0.45,6000,"sd","09:51:19",6256100
13.95,0.45,3500,"sd","09:51:18",6250100
13.95,0.45,100,"sd","09:51:17",6246600
13.95,0.45,3600,"sd","09:51:16",6246500
13.95,0.45,200000,"sd","09:51:12",6242900
13.95,0.45,300,"sd","09:51:10",6042900
13.95,0.45,3100,"sd","09:51:09",6042600
13.95,0.45,1600,"sd","09:51:08",6039500
13.95,0.45,1300,"sd","09:51:06",6037900
13.95,0.45,10000,"sd","09:51:05",6036600
13.95,0.45,5000,"sd","09:51:02",6026600
13.95,0.45,100,"sd","09:51:01",6021600
13.95,0.45,1000,"sd","09:51:00",6021500
13.95,0.45,27100,"sd","09:50:58",6020500
13.95,0.45,1500,"sd","09:50:57",5993400
13.95,0.45,15800,"sd","09:50:56",5991900
13.95,0.45,1000,"sd","09:50:56",5976100
13.95,0.45,1100,"sd","09:50:55",5975100
13.95,0.45,22000,"sd","09:50:54",5974000
13.95,0.45,200,"sd","09:50:53",5952000
13.95,0.45,3100,"sd","09:50:53",5951800
13.95,0.45,1100,"sd","09:50:50",5948700
13.95,0.45,25000,"sd","09:50:49",5947600
13.95,0.45,100000,"sd","09:50:49",5922600
13.95,0.45,64100,"bu","09:50:47",5822600
13.85,0.35,100,"sd","09:50:35",5758500
13.95,0.45,70800,"sd","09:50:33",5758400
13.95,0.45,100,"sd","09:50:31",5687600
13.95,0.45,1000,"sd","09:50:28",5687500
13.95,0.45,3300,"sd","09:50:28",5686500
13.95,0.45,20000,"sd","09:50:27",5683200
13.95,0.45,5200,"sd","09:50:26",5663200
13.95,0.45,600,"sd","09:50:24",5658000
13.95,0.45,500,"sd","09:50:24",5657400
13.95,0.45,10000,"sd","09:50:22",5655900
13.95,0.45,200,"sd","09:50:21",5645900
13.95,0.45,10000,"sd","09:50:21",5645700
13.95,0.45,100,"sd","09:50:20",5635700
13.95,0.45,200,"sd","09:50:18",5635600
13.95,0.45,392600,"bu","09:50:17",5635400
13.9,0.4,8200,"bu","09:50:17",5242800
13.9,0.4,1800,"sd","09:50:16",5234600
13.9,0.4,1000,"sd","09:50:12",5232800
13.9,0.4,300,"sd","09:50:06",5231800
13.8,0.3,20000,"sd","09:50:01",5231500
13.95,0.45,5000,"bu","09:49:52",5211500
13.95,0.45,100,"bu","09:49:47",5206500
13.95,0.45,200,"bu","09:49:46",5206400
13.95,0.45,2000,"bu","09:49:43",5206200
13.95,0.45,119800,"bu","09:49:36",5204200
13.9,0.4,3000,"bu","09:49:35",4712200
13.85,0.35,5000,"bu","09:49:35",4709200
13.8,0.3,300,"sd","09:49:35",4704200
13.95,0.45,36300,"bu","09:49:23",4703900
13.9,0.4,398000,"bu","09:49:23",4667600
13.85,0.35,40100,"bu","09:49:23",4269600
13.8,0.3,25600,"bu","09:49:23",4229500
13.8,0.3,100,"bu","09:49:17",4203900
13.8,0.3,1900,"bu","09:48:56",4203800
13.75,0.25,200,"sd","09:48:46",4201900
13.75,0.25,28800,"bu","09:48:32",4201700
13.75,0.25,12000,"bu","09:48:27",4169900
13.75,0.25,1400,"sd","09:48:26",4157900
13.75,0.25,1700,"bu","09:48:23",4156500
13.75,0.25,3500,"bu","09:48:18",4154800
13.7,0.2,100,"sd","09:48:17",4151300
13.75,0.25,29300,"sd","09:48:16",4151200
13.75,0.25,10000,"sd","09:48:14",4121900
13.8,0.3,200,"bu","09:48:13",4111900
13.75,0.25,10000,"sd","09:48:09",4111700
13.75,0.25,19300,"sd","09:48:06",4101700
13.8,0.3,100,"bu","09:47:59",4082400
13.75,0.25,2400,"sd","09:47:51",4082300
13.8,0.3,700,"bu","09:47:46",4079900
13.8,0.3,900,"bu","09:47:45",4079200
13.8,0.3,15000,"bu","09:47:42",4078300
13.8,0.3,1000,"bu","09:47:38",4063300
13.8,0.3,11000,"bu","09:47:34",4062300
13.8,0.3,200,"bu","09:47:30",4051300
13.8,0.3,100,"bu","09:47:27",4051100
13.8,0.3,500,"sd","09:47:23",4051000
13.8,0.3,500,"sd","09:47:20",4050500
13.8,0.3,700,"sd","09:47:15",4050000
13.8,0.3,3000,"sd","09:47:09",4049300
13.8,0.3,2000,"sd","09:47:06",4046300
13.85,0.35,200,"bu","09:47:04",4044300
13.8,0.3,500,"sd","09:47:01",4044100
13.85,0.35,77200,"sd","09:46:57",4043600
13.9,0.4,6100,"bu","09:46:56",3966400
13.9,0.4,1000,"bu","09:46:54",3960300
13.85,0.35,1000,"sd","09:46:54",3959300
13.85,0.35,1000,"sd","09:46:52",3958300
13.9,0.4,30000,"bu","09:46:50",3957300
13.9,0.4,1200,"bu","09:46:49",3927300
13.9,0.4,13300,"sd","09:46:46",3926100
13.9,0.4,46700,"sd","09:46:46",3912800
13.9,0.4,3000,"sd","09:46:44",3866100
13.95,0.45,2100,"bu","09:46:34",3863100
13.9,0.4,1000,"sd","09:46:32",3861000
13.9,0.4,500,"sd","09:46:31",3860000
13.95,0.45,100,"bu","09:46:28",3859500
13.95,0.45,2000,"bu","09:46:22",3859400
13.9,0.4,1000,"sd","09:46:22",3857400
13.95,0.45,100000,"bu","09:46:18",3856400
13.9,0.4,200,"sd","09:46:18",3756400
13.95,0.45,2000,"bu","09:46:15",3756200
13.95,0.45,28800,"bu","09:46:13",3754200
13.95,0.45,5000,"bu","09:46:10",3725400
13.95,0.45,3600,"bu","09:46:07",3720400
13.95,0.45,1300,"bu","09:46:02",3716800
13.95,0.45,2500,"bu","09:46:00",3715500
13.95,0.45,2000,"bu","09:45:59",3713000
13.95,0.45,3000,"bu","09:45:50",3711000
13.9,0.4,1500,"sd","09:45:47",3708000
13.9,0.4,1000,"sd","09:45:46",3706500
13.95,0.45,100,"bu","09:45:46",3705500
13.95,0.45,500,"bu","09:45:37",3705400
13.95,0.45,200,"bu","09:45:36",3704900
13.9,0.4,100,"sd","09:45:31",3704700
13.9,0.4,7500,"sd","09:45:27",3704600
13.95,0.45,10000,"bu","09:45:27",3697100
13.9,0.4,4000,"sd","09:45:26",3687100
13.95,0.45,5200,"bu","09:45:21",3683100
13.9,0.4,1000,"sd","09:45:20",3677900
13.95,0.45,100,"bu","09:45:20",3676900
13.9,0.4,5000,"sd","09:45:18",3676800
13.9,0.4,14000,"sd","09:45:16",3671800
13.95,0.45,200,"bu","09:45:11",3657800
13.9,0.4,1000,"sd","09:45:09",3657600
13.95,0.45,500,"bu","09:45:05",3656600
13.9,0.4,5000,"sd","09:45:04",3656100
13.9,0.4,100,"sd","09:45:02",3651100
13.9,0.4,200,"sd","09:45:01",3651000
13.9,0.4,10000,"sd","09:44:50",3650800
13.9,0.4,2000,"sd","09:44:45",3640800
13.95,0.45,900,"bu","09:44:42",3638800
13.95,0.45,30000,"bu","09:44:34",3637900
13.9,0.4,10000,"sd","09:44:33",3607900
13.95,0.45,2000,"bu","09:44:28",3597900
13.9,0.4,1000,"sd","09:44:25",3595900
13.95,0.45,2000,"bu","09:44:18",3594900
13.95,0.45,500,"bu","09:44:12",3592900
13.9,0.4,3000,"sd","09:44:10",3592400
13.9,0.4,10000,"sd","09:44:09",3589400
13.9,0.4,100,"sd","09:44:06",3579400
13.9,0.4,500,"sd","09:44:04",3579300
13.9,0.4,1100,"sd","09:44:00",3578800
13.9,0.4,200,"sd","09:43:58",3577700
13.9,0.4,5300,"sd","09:43:56",3577500
13.95,0.45,3000,"bu","09:43:55",3572200
13.9,0.4,1000,"sd","09:43:53",3569200
13.9,0.4,5000,"sd","09:43:48",3568200
13.9,0.4,1000,"sd","09:43:46",3563200
13.9,0.4,165700,"bu","09:43:44",3562200
13.9,0.4,5000,"bu","09:43:44",3396500
13.9,0.4,1000,"bu","09:43:43",3391500
13.9,0.4,3800,"bu","09:43:42",3390500
13.9,0.4,30000,"bu","09:43:41",3386700
13.9,0.4,30000,"bu","09:43:40",3356700
13.9,0.4,2000,"bu","09:43:34",3326700
13.9,0.4,5000,"bu","09:43:32",3324700
13.9,0.4,10000,"bu","09:43:31",3319700
13.9,0.4,2600,"bu","09:43:29",3309700
13.9,0.4,5000,"bu","09:43:28",3307100
13.9,0.4,14600,"bu","09:43:25",3302100
13.9,0.4,37400,"bu","09:43:25",3287500
13.9,0.4,500,"bu","09:43:21",3250100
13.9,0.4,300,"bu","09:43:17",3249600
13.9,0.4,49900,"bu","09:43:09",3249300
13.9,0.4,50100,"bu","09:43:08",3199400
13.9,0.4,300,"bu","09:43:01",3149300
13.9,0.4,1300,"bu","09:43:00",3149000
13.9,0.4,2000,"bu","09:42:55",3147700
13.9,0.4,300,"bu","09:42:53",3145700
13.9,0.4,5000,"bu","09:42:45",3145400
13.9,0.4,200,"bu","09:42:37",3140400
13.85,0.35,200,"sd","09:42:35",3140200
13.85,0.35,300,"sd","09:42:33",3140000
13.9,0.4,20000,"bu","09:42:33",3139700
13.85,0.35,100,"sd","09:42:31",3119700
13.85,0.35,800,"sd","09:42:27",3119600
13.85,0.35,200,"sd","09:42:27",3118800
13.9,0.4,16000,"bu","09:42:21",3118600
13.85,0.35,6000,"sd","09:42:19",3102600
13.9,0.4,4000,"bu","09:42:13",3096600
13.9,0.4,300,"bu","09:42:12",3092600
13.9,0.4,5000,"bu","09:42:11",3092300
13.9,0.4,4000,"bu","09:42:03",3087300
13.9,0.4,100,"bu","09:42:02",3083300
13.85,0.35,16200,"bu","09:42:01",3083200
13.85,0.35,140000,"bu","09:42:00",3067000
13.85,0.35,50000,"bu","09:41:58",2927000
13.85,0.35,2000,"bu","09:41:56",2877000
13.85,0.35,1500,"bu","09:41:53",2875000
13.85,0.35,400,"bu","09:41:50",2873500
13.85,0.35,300,"bu","09:41:49",2873100
13.8,0.3,1200,"sd","09:41:48",2872800
13.85,0.35,10000,"bu","09:41:48",2871600
13.85,0.35,5000,"bu","09:41:47",2861600
13.85,0.35,15400,"bu","09:41:45",2856600
13.8,0.3,100,"sd","09:41:44",2841200
13.85,0.35,60000,"bu","09:41:43",2841100
13.85,0.35,100300,"bu","09:41:40",2781100
13.85,0.35,10000,"bu","09:41:38",2680800
13.85,0.35,100,"bu","09:41:37",2670800
13.85,0.35,200,"bu","09:41:36",2670700
13.85,0.35,200,"bu","09:41:34",2670500
13.85,0.35,100,"bu","09:41:28",2670300
13.85,0.35,10000,"bu","09:41:27",2670200
13.85,0.35,1000,"bu","09:41:25",2660200
13.85,0.35,100,"bu","09:41:24",2659200
13.85,0.35,24400,"bu","09:41:21",2659100
13.85,0.35,1600,"bu","09:41:20",2634700
13.85,0.35,1100,"bu","09:41:19",2633100
13.85,0.35,5000,"bu","09:41:15",2632000
13.8,0.3,200,"sd","09:41:08",2627000
13.8,0.3,1700,"sd","09:40:59",2626800
13.8,0.3,11200,"sd","09:40:55",2624700
13.85,0.35,3000,"bu","09:40:52",2613500
13.85,0.35,800,"bu","09:40:50",2610500
13.8,0.3,100,"sd","09:40:47",2609700
13.8,0.3,5700,"sd","09:40:44",2609600
13.8,0.3,300,"sd","09:40:37",2603900
13.8,0.3,1000,"sd","09:40:36",2603600
13.8,0.3,11300,"bu","09:40:35",2602600
13.8,0.3,200,"bu","09:40:33",2591300
13.8,0.3,20000,"bu","09:40:27",2591100
13.8,0.3,200,"bu","09:40:26",2571100
13.8,0.3,900,"sd","09:40:22",2570900
13.8,0.3,300,"sd","09:40:21",2570000
13.8,0.3,2000,"sd","09:40:20",2569700
13.8,0.3,10000,"sd","09:40:19",2567700
13.8,0.3,1000,"sd","09:40:18",2557700
13.8,0.3,500,"sd","09:40:18",2556700
13.8,0.3,50000,"sd","09:40:17",2556200
13.8,0.3,900,"sd","09:40:13",2506200
13.8,0.3,1500,"sd","09:40:12",2505300
13.8,0.3,100,"sd","09:40:11",2503800
13.8,0.3,5000,"sd","09:40:07",2503700
13.8,0.3,100,"sd","09:40:04",2498700
13.8,0.3,10000,"sd","09:40:04",2498600
13.8,0.3,500,"sd","09:40:03",2488600
13.85,0.35,2000,"bu","09:40:03",2488100
13.8,0.3,6800,"sd","09:40:02",2486100
13.8,0.3,10000,"sd","09:40:00",2479300
13.8,0.3,13000,"sd","09:39:57",2469300
13.8,0.3,3000,"sd","09:39:56",2456300
13.8,0.3,200,"sd","09:39:51",2453300
13.8,0.3,700,"sd","09:39:48",2453100
13.8,0.3,100,"sd","09:39:47",2452400
13.8,0.3,2100,"sd","09:39:45",2452300
13.8,0.3,5000,"sd","09:39:40",2450200
13.8,0.3,10000,"sd","09:39:36",2445200
13.8,0.3,15000,"sd","09:39:35",2435200
13.8,0.3,500,"sd","09:39:33",2420200
13.8,0.3,378700,"bu","09:39:29",2419700
13.8,0.3,22300,"bu","09:39:29",2041000
13.8,0.3,2000,"bu","09:39:26",2018700
13.75,0.25,600,"sd","09:39:19",2016700
13.8,0.3,30000,"bu","09:39:11",2016100
13.8,0.3,3000,"bu","09:38:58",1986100
13.75,0.25,25000,"bu","09:38:58",1983100
13.75,0.25,100,"bu","09:38:57",1958100
13.75,0.25,500,"bu","09:38:56",1958000
13.75,0.25,11200,"bu","09:38:54",1957500
13.75,0.25,10800,"bu","09:38:53",1946300
13.75,0.25,200,"bu","09:38:49",1935500
13.75,0.25,3000,"bu","09:38:48",1935300
13.75,0.25,30000,"bu","09:38:45",1932300
13.75,0.25,20500,"bu","09:38:42",1902300
13.75,0.25,400,"bu","09:38:37",1881800
13.75,0.25,20000,"bu","09:38:35",1881400
13.75,0.25,100,"bu","09:38:34",1861400
13.75,0.25,1000,"bu","09:38:33",1861300
13.75,0.25,20100,"bu","09:38:30",1860300
13.7,0.2,100,"sd","09:38:28",1840200
13.75,0.25,100000,"bu","09:38:24",1840100
13.75,0.25,12100,"bu","09:38:21",1740100
13.75,0.25,10600,"bu","09:38:15",1727900
13.7,0.2,6800,"sd","09:38:06",1717300
13.7,0.2,238500,"bu","09:38:02",1710500
13.7,0.2,200,"bu","09:37:52",1472000
13.7,0.2,3000,"bu","09:37:46",1471800
13.7,0.2,1000,"bu","09:37:39",1468800
13.65,0.15,6000,"sd","09:37:38",1467800
13.65,0.15,61400,"bu","09:37:24",1461800
13.65,0.15,100,"bu","09:37:07",1400400
13.65,0.15,4000,"bu","09:37:00",1400300
13.65,0.15,300,"bu","09:36:32",1396300
13.65,0.15,100,"bu","09:36:27",1396000
13.65,0.15,15000,"bu","09:36:23",1395900
13.65,0.15,5000,"bu","09:36:16",1380900
13.6,0.1,2800,"sd","09:36:12",1375900
13.65,0.15,100,"bu","09:36:12",1373100
13.6,0.1,1000,"sd","09:36:02",1373000
13.65,0.15,100,"bu","09:36:00",1372000
13.6,0.1,1000,"sd","09:35:48",1371900
13.65,0.15,100,"bu","09:35:47",1370900
13.6,0.1,100,"sd","09:35:45",1370800
13.6,0.1,1000,"sd","09:35:26",1370700
13.6,0.1,5100,"bu","09:35:12",1369700
13.6,0.1,900,"bu","09:35:12",1364600
13.6,0.1,300,"bu","09:34:58",1363700
13.6,0.1,1000,"bu","09:34:53",1363400
13.6,0.1,100,"bu","09:34:51",1362400
13.6,0.1,41700,"sd","09:34:50",1362300
13.6,0.1,3000,"sd","09:34:43",1320600
13.65,0.15,2000,"bu","09:34:42",1317600
13.6,0.1,500,"sd","09:34:20",1315600
13.6,0.1,2000,"sd","09:33:38",1315000
13.6,0.1,300,"sd","09:33:25",1313000
13.6,0.1,2000,"sd","09:33:13",1312700
13.6,0.1,6100,"bu","09:32:55",1310700
13.6,0.1,2000,"bu","09:32:54",1304600
13.6,0.1,1000,"bu","09:32:48",1302600
13.6,0.1,1000,"bu","09:32:39",1301600
13.6,0.1,2000,"bu","09:32:37",1300600
13.6,0.1,7100,"sd","09:32:21",1298600
13.6,0.1,1000,"sd","09:32:20",1291500
13.6,0.1,100,"sd","09:32:15",1290500
13.6,0.1,1000,"sd","09:32:09",1290400
13.6,0.1,20000,"sd","09:32:08",1289400
13.6,0.1,4000,"sd","09:32:00",1269400
13.6,0.1,900,"sd","09:31:55",1265400
13.6,0.1,100,"sd","09:31:53",1264500
13.6,0.1,100,"sd","09:31:49",1264400
13.6,0.1,2500,"sd","09:31:45",1264300
13.6,0.1,5000,"sd","09:31:43",1261800
13.6,0.1,100,"sd","09:31:35",1256800
13.6,0.1,75400,"bu","09:31:35",1256700
13.6,0.1,100,"bu","09:31:30",1181300
13.55,0.05,6100,"sd","09:31:22",1181200
13.6,0.1,2000,"bu","09:31:16",1175100
13.55,0.05,5000,"sd","09:31:00",1173100
13.6,0.1,8000,"bu","09:30:55",1168100
13.55,0.05,2000,"sd","09:30:41",1160100
13.6,0.1,300,"bu","09:30:21",1158100
13.55,0.05,5000,"sd","09:30:17",1157800
13.55,0.05,5000,"sd","09:30:16",1152800
13.55,0.05,500,"sd","09:30:00",1147800
13.6,0.1,100,"bu","09:29:35",1147300
13.6,0.1,300,"bu","09:29:35",1147200
13.55,0.05,100,"sd","09:29:28",1146900
13.6,0.1,300,"bu","09:29:24",1146800
13.6,0.1,100,"bu","09:29:20",1146500
13.6,0.1,1000,"bu","09:29:15",1146400
13.6,0.1,12100,"sd","09:29:00",1145400
13.6,0.1,1700,"sd","09:28:57",1133300
13.6,0.1,800,"sd","09:28:55",1131600
13.6,0.1,12400,"sd","09:28:54",1130800
13.6,0.1,800,"sd","09:28:50",1118400
13.6,0.1,200,"sd","09:28:45",1117600
13.6,0.1,2000,"sd","09:28:44",1117400
13.6,0.1,100,"sd","09:28:42",1115400
13.6,0.1,5000,"sd","09:28:36",1115300
13.6,0.1,500,"sd","09:28:33",1110300
13.6,0.1,1000,"sd","09:28:32",1109800
13.6,0.1,2000,"sd","09:28:22",1108800
13.6,0.1,2500,"sd","09:28:11",1106800
13.65,0.15,3000,"bu","09:28:11",1104300
13.6,0.1,5000,"sd","09:28:05",1101300
13.65,0.15,1500,"bu","09:28:02",1096300
13.6,0.1,2000,"sd","09:27:58",1094800
13.6,0.1,3300,"sd","09:27:48",1092800
13.6,0.1,1000,"sd","09:27:45",1089500
13.6,0.1,10000,"sd","09:27:44",1088500
13.6,0.1,500,"sd","09:27:39",1078500
13.6,0.1,5000,"sd","09:27:36",1078000
13.6,0.1,500,"sd","09:27:33",1073000
13.6,0.1,1000,"sd","09:27:20",1072500
13.65,0.15,1000,"bu","09:26:59",1071500
13.65,0.15,100,"bu","09:26:44",1070500
13.65,0.15,200,"bu","09:26:29",1070400
13.65,0.15,1300,"bu","09:26:27",1070200
13.65,0.15,100,"bu","09:26:12",1068900
13.6,0.1,1000,"sd","09:25:56",1068800
13.65,0.15,300,"bu","09:25:51",1067800
13.65,0.15,9000,"bu","09:25:51",1067500
13.65,0.15,2200,"sd","09:25:46",1058500
13.65,0.15,200,"sd","09:25:43",1056300
13.65,0.15,2000,"sd","09:25:40",1056100
13.65,0.15,10600,"bu","09:25:39",1054100
13.6,0.1,30000,"sd","09:25:35",1043500
13.65,0.15,2000,"bu","09:25:31",1013500
13.65,0.15,2500,"bu","09:25:24",1011500
13.65,0.15,18500,"sd","09:25:13",1009000
13.65,0.15,500,"sd","09:25:02",990500
13.65,0.15,100,"sd","09:25:00",990000
13.65,0.15,2000,"sd","09:24:59",989900
13.65,0.15,3000,"sd","09:24:54",987900
13.65,0.15,500,"sd","09:24:53",984900
13.65,0.15,3000,"sd","09:24:40",984400
13.65,0.15,30000,"sd","09:24:37",981400
13.65,0.15,1500,"sd","09:24:36",951400
13.65,0.15,1000,"sd","09:24:31",949900
13.65,0.15,2000,"sd","09:24:31",948900
13.65,0.15,100,"sd","09:24:29",946900
13.65,0.15,200,"sd","09:24:28",946800
13.65,0.15,44300,"bu","09:23:59",946600
13.65,0.15,2000,"bu","09:23:53",902300
13.65,0.15,200,"bu","09:23:35",900300
13.65,0.15,500,"sd","09:23:33",900100
13.65,0.15,5000,"sd","09:23:31",899600
13.65,0.15,500,"sd","09:23:28",894600
13.65,0.15,25200,"sd","09:23:20",894100
13.65,0.15,3000,"sd","09:23:17",868900
13.65,0.15,6600,"sd","09:23:16",865900
13.65,0.15,900,"sd","09:23:14",859300
13.65,0.15,1000,"sd","09:23:08",858400
13.65,0.15,3000,"sd","09:23:05",857400
13.65,0.15,2300,"sd","09:23:01",854400
13.65,0.15,1000,"sd","09:22:58",852100
13.65,0.15,10000,"sd","09:22:56",851100
13.65,0.15,1000,"sd","09:22:49",840900
13.65,0.15,10000,"sd","09:22:26",839900
13.65,0.15,400,"sd","09:22:21",829900
13.65,0.15,2000,"sd","09:22:14",829500
13.65,0.15,100,"sd","09:22:06",827500
13.65,0.15,700,"sd","09:21:59",827400
13.65,0.15,100,"sd","09:21:58",826700
13.65,0.15,100,"sd","09:21:57",826600
13.7,0.2,200,"bu","09:21:56",826500
13.65,0.15,100,"sd","09:21:55",826300
13.65,0.15,600,"sd","09:21:54",826200
13.65,0.15,1000,"sd","09:21:52",825600
13.7,0.2,3900,"bu","09:21:48",824600
13.65,0.15,100,"sd","09:21:47",820700
13.65,0.15,100,"sd","09:21:45",820600
13.65,0.15,3400,"sd","09:21:42",820500
13.65,0.15,100,"sd","09:21:41",817100
13.65,0.15,100,"sd","09:21:36",817000
13.65,0.15,600,"sd","09:21:31",816900
13.7,0.2,100,"bu","09:21:24",816300
13.65,0.15,500,"sd","09:21:24",816200
13.65,0.15,1000,"sd","09:21:22",815700
13.65,0.15,500,"sd","09:21:17",814700
13.7,0.2,300,"bu","09:21:07",814200
13.65,0.15,1000,"sd","09:21:04",813900
13.7,0.2,200,"bu","09:21:04",812900
13.7,0.2,100,"bu","09:21:03",812700
13.65,0.15,1000,"sd","09:20:56",812600
13.65,0.15,400,"sd","09:20:53",811600
13.7,0.2,32800,"sd","09:20:20",811200
13.7,0.2,400,"sd","09:20:15",778400
13.7,0.2,4000,"sd","09:20:15",778000
13.7,0.2,200,"sd","09:20:04",774000
13.75,0.25,500,"bu","09:20:03",773800
13.7,0.2,1000,"sd","09:19:49",773300
13.75,0.25,100,"bu","09:19:38",772300
13.75,0.25,5000,"bu","09:19:32",772200
13.75,0.25,1800,"bu","09:19:27",767200
13.75,0.25,200,"bu","09:19:24",765400
13.75,0.25,500,"bu","09:19:23",765200
13.75,0.25,100,"bu","09:19:18",764700
13.75,0.25,10500,"sd","09:19:10",764600
13.75,0.25,5000,"sd","09:19:06",754100
13.75,0.25,500,"sd","09:19:04",749100
13.75,0.25,300,"sd","09:19:02",748600
13.75,0.25,500,"sd","09:18:57",748300
13.75,0.25,100,"sd","09:18:56",747800
13.75,0.25,1000,"sd","09:18:50",747700
13.75,0.25,200,"sd","09:18:47",746700
13.75,0.25,6600,"bu","09:18:40",746500
13.75,0.25,11000,"bu","09:18:37",739900
13.75,0.25,5000,"bu","09:18:25",728900
13.75,0.25,100,"bu","09:18:23",723900
13.75,0.25,500,"bu","09:18:17",723800
13.75,0.25,800,"sd","09:18:10",723300
13.75,0.25,4000,"sd","09:18:10",722500
13.75,0.25,1200,"sd","09:18:08",718500
13.75,0.25,3900,"sd","09:18:07",717300
13.75,0.25,1000,"sd","09:18:06",713400
13.75,0.25,500,"sd","09:18:05",712400
13.75,0.25,10000,"sd","09:17:59",711900
13.75,0.25,100,"sd","09:17:57",701900
13.75,0.25,100,"sd","09:17:54",701800
13.75,0.25,300,"sd","09:17:47",701700
13.75,0.25,5000,"sd","09:17:43",701400
13.75,0.25,1000,"sd","09:17:40",696400
13.75,0.25,16900,"bu","09:17:35",695400
13.7,0.2,5000,"sd","09:17:33",678500
13.7,0.2,1000,"sd","09:17:31",673500
13.7,0.2,4500,"sd","09:17:30",672500
13.7,0.2,2700,"sd","09:17:28",668000
13.7,0.2,200,"sd","09:17:19",665300
13.7,0.2,10000,"sd","09:17:12",665100
13.7,0.2,100,"sd","09:17:10",655100
13.7,0.2,1100,"bu","09:17:05",655000
13.7,0.2,300,"bu","09:17:04",653900
13.7,0.2,1000,"bu","09:17:04",653600
13.65,0.15,500,"sd","09:17:02",652600
13.7,0.2,10000,"bu","09:16:59",652100
13.65,0.15,2000,"sd","09:16:55",642100
13.7,0.2,4200,"bu","09:16:53",640100
13.65,0.15,3000,"sd","09:16:39",635900
13.65,0.15,800,"sd","09:16:39",632900
13.65,0.15,58900,"bu","09:16:20",632100
13.65,0.15,20000,"bu","09:16:15",573200
13.65,0.15,100,"bu","09:16:03",553200
13.65,0.15,200,"bu","09:15:58",553100
13.65,0.15,200,"bu","09:15:57",552900
13.65,0.15,200,"bu","09:15:57",552700
13.6,0.1,2000,"sd","09:15:55",552500
13.65,0.15,300,"bu","09:15:50",550500
13.6,0.1,100,"sd","09:15:48",550200
13.65,0.15,44200,"sd","09:15:40",550100
13.7,0.2,900,"bu","09:15:37",505900
13.65,0.15,1000,"sd","09:15:36",505000
13.65,0.15,14400,"sd","09:15:32",504000
13.7,0.2,800,"bu","09:15:29",489600
13.65,0.15,300,"sd","09:15:29",488800
13.65,0.15,100,"sd","09:15:17",488500
13.7,0.2,2000,"bu","09:15:16",488400
13.8,0.3,200,"sd","09:15:02",486400
13.85,0.35,486200,"","09:15:00",486200
