"price","change","match_qtty","side","time","total_vol"
32.7,0.4,89000,"","14:45:01",1560000
32.65,0.35,10000,"sd","14:29:53",1471000
32.75,0.45,1600,"sd","14:29:38",1461000
32.75,0.45,21400,"bu","14:29:37",1459400
32.7,0.4,2000,"bu","14:29:37",1438000
32.7,0.4,18300,"sd","14:29:35",1436000
32.7,0.4,3000,"sd","14:29:34",1417700
32.7,0.4,100,"sd","14:29:19",1414700
32.75,0.45,100,"bu","14:28:06",1414600
32.75,0.45,100,"bu","14:28:03",1414500
32.75,0.45,500,"bu","14:28:01",1414400
32.75,0.45,300,"bu","14:27:55",1413900
32.75,0.45,500,"bu","14:27:46",1413600
32.75,0.45,1000,"bu","14:27:41",1413100
32.75,0.45,500,"bu","14:27:32",1412100
32.75,0.45,100,"bu","14:27:26",1411600
32.75,0.45,1000,"bu","14:27:23",1411500
32.75,0.45,1000,"bu","14:27:13",1410500
32.75,0.45,1000,"bu","14:27:07",1409500
32.75,0.45,4700,"sd","14:26:58",1408500
32.75,0.45,3000,"sd","14:26:52",1403800
32.75,0.45,200,"sd","14:26:51",1400800
32.75,0.45,500,"sd","14:26:48",1400600
32.75,0.45,200,"sd","14:26:45",1400100
32.75,0.45,1000,"sd","14:26:40",1399900
32.8,0.5,300,"bu","14:26:39",1398900
32.75,0.45,5000,"sd","14:26:34",1398600
32.75,0.45,100,"sd","14:26:27",1393600
32.8,0.5,2500,"bu","14:26:25",1393500
32.75,0.45,37400,"sd","14:26:18",1391000
32.75,0.45,100,"sd","14:26:16",1353600
32.75,0.45,400,"sd","14:26:07",1353500
32.8,0.5,400,"bu","14:26:04",1353100
32.75,0.45,400,"sd","14:25:58",1352700
32.8,0.5,400,"bu","14:25:56",1352300
32.8,0.5,1000,"bu","14:25:48",1351900
32.75,0.45,500,"sd","14:25:45",1350900
32.8,0.5,3600,"bu","14:25:34",1350400
32.8,0.5,1500,"bu","14:25:24",1346800
32.75,0.45,100,"sd","14:25:10",1345300
32.8,0.5,300,"bu","14:25:05",1345200
32.8,0.5,2000,"bu","14:25:03",1344900
32.8,0.5,300,"bu","14:24:57",1342900
32.8,0.5,3200,"bu","14:24:41",1342600
32.8,0.5,400,"bu","14:24:31",1339400
32.8,0.5,200,"bu","14:24:30",1339000
32.8,0.5,500,"bu","14:24:22",1338800
32.8,0.5,28200,"sd","14:24:16",1338300
32.8,0.5,6500,"sd","14:24:12",1310100
32.8,0.5,100,"sd","14:24:09",1303600
32.8,0.5,100,"sd","14:24:04",1303500
32.8,0.5,1000,"sd","14:23:50",1303400
32.8,0.5,400,"sd","14:23:47",1302400
32.8,0.5,2000,"sd","14:23:37",1302000
32.8,0.5,1000,"sd","14:23:32",1300000
32.8,0.5,200,"sd","14:23:27",1299000
32.85,0.55,15000,"bu","14:23:23",1298800
32.8,0.5,2300,"bu","14:23:18",1283800
32.8,0.5,5800,"sd","14:23:16",1281500
32.8,0.5,1200,"bu","14:23:02",1275700
32.8,0.5,100,"bu","14:22:48",1274500
32.8,0.5,10000,"bu","14:22:47",1274400
32.8,0.5,1000,"bu","14:22:39",1264400
32.8,0.5,2100,"bu","14:22:36",1263400
32.8,0.5,1000,"bu","14:22:33",1261300
32.8,0.5,300,"bu","14:22:32",1260300
32.8,0.5,1300,"bu","14:22:24",1260000
32.8,0.5,2000,"bu","14:22:18",1258700
32.8,0.5,200,"bu","14:22:11",1256700
32.8,0.5,1000,"bu","14:22:09",1256500
32.8,0.5,5000,"bu","14:22:05",1255500
32.8,0.5,5000,"bu","14:22:04",1250500
32.8,0.5,500,"bu","14:21:57",1245500
32.75,0.45,100,"sd","14:21:53",1245000
32.75,0.45,500,"sd","14:21:44",1244900
32.8,0.5,400,"bu","14:21:42",1244400
32.75,0.45,600,"sd","14:21:31",1244000
32.8,0.5,4000,"bu","14:21:16",1243400
32.75,0.45,1000,"sd","14:21:14",1239400
32.75,0.45,500,"bu","14:21:12",1238400
32.75,0.45,1000,"bu","14:21:11",1237900
32.75,0.45,800,"bu","14:21:10",1236900
32.75,0.45,20000,"bu","14:21:06",1236100
32.7,0.4,300,"sd","14:20:58",1216100
32.75,0.45,200,"bu","14:20:57",1215800
32.75,0.45,400,"bu","14:20:55",1215600
32.7,0.4,13300,"bu","14:20:22",1215200
32.7,0.4,1000,"bu","14:20:06",1201900
32.7,0.4,4000,"bu","14:20:03",1200900
32.7,0.4,2000,"bu","14:20:02",1196900
32.7,0.4,1000,"bu","14:19:50",1194900
32.7,0.4,2000,"bu","14:19:45",1193900
32.7,0.4,3000,"bu","14:19:43",1191900
32.7,0.4,700,"bu","14:19:23",1188900
32.7,0.4,24500,"sd","14:19:22",1188200
32.75,0.45,1000,"bu","14:19:21",1163700
32.7,0.4,3000,"sd","14:19:04",1162700
32.75,0.45,1000,"bu","14:18:43",1159700
32.75,0.45,1000,"bu","14:18:35",1158700
32.7,0.4,900,"sd","14:17:22",1157700
32.7,0.4,13000,"sd","14:16:56",1156800
32.7,0.4,500,"sd","14:16:24",1143800
32.7,0.4,500,"sd","14:16:09",1143300
32.7,0.4,1000,"sd","14:15:56",1142800
32.7,0.4,600,"sd","14:15:29",1141800
32.7,0.4,100,"sd","14:15:19",1141200
32.7,0.4,100,"bu","14:14:51",1141100
32.7,0.4,2000,"bu","14:14:46",1141000
32.7,0.4,2500,"bu","14:14:44",1139000
32.7,0.4,3000,"bu","14:14:39",1136500
32.7,0.4,200,"bu","14:14:24",1133500
32.7,0.4,300,"bu","14:14:10",1133300
32.7,0.4,500,"bu","14:13:57",1133000
32.7,0.4,300,"bu","14:13:26",1132500
32.7,0.4,100,"sd","14:13:23",1132200
32.7,0.4,1400,"bu","14:13:13",1132100
32.7,0.4,600,"sd","14:12:55",1130700
32.7,0.4,300,"sd","14:12:47",1130100
32.7,0.4,100,"bu","14:12:43",1129800
32.7,0.4,700,"bu","14:12:28",1129700
32.7,0.4,300,"bu","14:12:28",1129000
32.7,0.4,200,"sd","14:12:06",1128700
32.7,0.4,300,"sd","14:12:01",1128500
32.7,0.4,2000,"sd","14:11:51",1128200
32.7,0.4,600,"sd","14:11:49",1126200
32.7,0.4,200,"sd","14:11:38",1125600
32.7,0.4,100,"sd","14:11:27",1125400
32.7,0.4,400,"sd","14:11:18",1125300
32.7,0.4,500,"sd","14:11:03",1124900
32.7,0.4,500,"sd","14:10:48",1124400
32.75,0.45,300,"bu","14:10:34",1123900
32.75,0.45,2600,"bu","14:10:26",1123600
32.75,0.45,1200,"bu","14:09:44",1121000
32.65,0.35,500,"sd","14:09:41",1119800
32.65,0.35,1400,"sd","14:09:37",1119300
32.7,0.4,4700,"bu","14:09:36",1117900
32.7,0.4,1000,"bu","14:09:33",1113200
32.7,0.4,200,"bu","14:09:23",1112200
32.7,0.4,5000,"bu","14:09:05",1112000
32.7,0.4,100,"bu","14:08:38",1107000
32.65,0.35,500,"sd","14:08:15",1106900
32.65,0.35,3400,"sd","14:07:19",1106400
32.65,0.35,10000,"sd","14:06:52",1103000
32.7,0.4,100,"bu","14:06:47",1093000
32.65,0.35,1000,"sd","14:06:36",1092900
32.7,0.4,700,"sd","14:06:36",1091900
32.7,0.4,1500,"sd","14:06:35",1091200
32.7,0.4,8000,"sd","14:06:20",1089700
32.7,0.4,500,"sd","14:05:25",1081700
32.7,0.4,3000,"sd","14:05:24",1081200
32.7,0.4,100,"sd","14:05:01",1078200
32.75,0.45,100,"bu","14:04:16",1078100
32.75,0.45,2700,"sd","14:04:06",1078000
32.75,0.45,300,"bu","14:04:03",1075300
32.75,0.45,100,"bu","14:04:01",1075000
32.75,0.45,700,"sd","14:03:43",1074900
32.75,0.45,100,"sd","14:03:40",1074200
32.75,0.45,100,"sd","14:03:29",1074100
32.75,0.45,200,"sd","14:03:25",1074000
32.75,0.45,800,"bu","14:03:15",1073800
32.75,0.45,2000,"bu","14:03:10",1073000
32.75,0.45,3000,"bu","14:02:57",1071000
32.75,0.45,200,"bu","14:02:50",1068000
32.75,0.45,2300,"bu","14:02:48",1067800
32.75,0.45,200,"bu","14:02:47",1065500
32.75,0.45,22700,"sd","14:02:33",1065300
32.8,0.5,900,"bu","14:02:28",1042600
32.75,0.45,500,"sd","14:02:17",1041700
32.75,0.45,100,"sd","14:02:09",1041200
32.75,0.45,100,"bu","14:02:03",1041100
32.75,0.45,2400,"sd","14:02:03",1041000
32.8,0.5,1000,"bu","14:01:50",1038600
32.75,0.45,500,"bu","14:01:33",1037600
32.8,0.5,47900,"bu","14:01:29",1037100
32.75,0.45,2100,"bu","14:01:29",989200
32.75,0.45,7000,"bu","14:01:27",987100
32.75,0.45,2000,"bu","14:01:22",980100
32.75,0.45,5000,"sd","14:01:07",978100
32.75,0.45,100,"sd","14:00:21",973100
32.75,0.45,300,"sd","14:00:08",973000
32.75,0.45,600,"bu","14:00:07",972700
32.75,0.45,700,"bu","14:00:05",972100
32.75,0.45,1000,"bu","14:00:04",971400
32.75,0.45,1000,"bu","14:00:03",970400
32.75,0.45,10000,"bu","14:00:02",969400
32.75,0.45,3000,"bu","13:59:53",959400
32.75,0.45,200,"bu","13:59:47",956400
32.75,0.45,5000,"bu","13:59:37",956200
32.75,0.45,1200,"bu","13:59:32",951200
32.75,0.45,5300,"bu","13:59:10",950000
32.7,0.4,5500,"bu","13:59:01",944700
32.7,0.4,600,"bu","13:58:58",939200
32.7,0.4,1000,"bu","13:58:57",938600
32.7,0.4,1000,"bu","13:58:55",937600
32.7,0.4,1900,"sd","13:58:50",936600
32.75,0.45,1300,"bu","13:58:50",934700
32.75,0.45,800,"bu","13:58:43",933400
32.7,0.4,300,"bu","13:58:30",932600
32.7,0.4,4000,"bu","13:58:28",932300
32.7,0.4,10000,"bu","13:58:24",928300
32.7,0.4,2200,"bu","13:58:21",918300
32.65,0.35,1000,"bu","13:57:54",916100
32.65,0.35,12800,"bu","13:57:52",915100
32.65,0.35,1000,"bu","13:57:50",902300
32.6,0.3,400,"sd","13:57:44",901300
32.6,0.3,1000,"sd","13:57:32",900900
32.6,0.3,10300,"bu","13:57:30",899900
32.6,0.3,10000,"bu","13:57:27",889600
32.6,0.3,1500,"bu","13:57:24",879600
32.6,0.3,1000,"bu","13:57:13",878100
32.6,0.3,1400,"bu","13:57:09",877100
32.6,0.3,100,"bu","13:56:55",875700
32.6,0.3,500,"bu","13:56:47",875600
32.6,0.3,500,"bu","13:56:44",875100
32.6,0.3,3000,"bu","13:56:37",874600
32.6,0.3,1000,"bu","13:56:23",871600
32.55,0.25,200,"sd","13:56:14",870600
32.55,0.25,7000,"bu","13:55:40",870400
32.55,0.25,3000,"bu","13:55:26",863400
32.55,0.25,1500,"bu","13:52:38",860400
32.55,0.25,200,"bu","13:52:35",858900
32.55,0.25,100,"bu","13:52:30",858700
32.55,0.25,3200,"sd","13:52:17",858600
32.55,0.25,100,"sd","13:52:00",855400
32.55,0.25,23300,"sd","13:51:42",855300
32.6,0.3,500,"bu","13:51:13",832000
32.55,0.25,100,"sd","13:51:06",831500
32.55,0.25,3000,"sd","13:51:00",831400
32.55,0.25,1000,"sd","13:50:44",828400
32.6,0.3,700,"bu","13:47:35",827400
32.6,0.3,2800,"bu","13:46:09",826700
32.6,0.3,100,"bu","13:45:24",823700
32.6,0.3,100,"bu","13:44:52",823600
32.6,0.3,1600,"bu","13:44:36",823500
32.6,0.3,300,"bu","13:44:33",821900
32.6,0.3,300,"bu","13:43:57",821600
32.6,0.3,3500,"sd","13:43:39",821300
32.6,0.3,1000,"sd","13:43:37",817800
32.6,0.3,200,"sd","13:43:26",816800
32.6,0.3,100,"sd","13:43:24",816600
32.6,0.3,500,"sd","13:43:07",816500
32.6,0.3,2000,"sd","13:42:33",816000
32.6,0.3,2000,"sd","13:42:22",814000
32.6,0.3,100,"sd","13:41:48",812000
32.6,0.3,5000,"sd","13:41:10",811900
32.6,0.3,300,"sd","13:41:00",806900
32.6,0.3,10500,"sd","13:40:57",806600
32.6,0.3,400,"sd","13:40:07",796100
32.6,0.3,2500,"sd","13:39:39",795700
32.65,0.35,100,"bu","13:38:13",793200
32.65,0.35,1200,"bu","13:37:55",793100
32.6,0.3,3000,"sd","13:37:54",791900
32.6,0.3,100,"sd","13:37:39",788900
32.65,0.35,1200,"sd","13:37:25",788800
32.65,0.35,300,"sd","13:37:23",787600
32.65,0.35,2000,"sd","13:37:14",787300
32.65,0.35,2000,"sd","13:36:55",785300
32.7,0.4,300,"bu","13:36:50",783300
32.7,0.4,300,"bu","13:36:30",783000
32.7,0.4,1500,"bu","13:36:26",782700
32.7,0.4,400,"sd","13:36:03",781200
32.7,0.4,100,"sd","13:36:01",780800
32.7,0.4,100,"sd","13:35:56",780700
32.7,0.4,100,"sd","13:35:51",780600
32.7,0.4,100,"sd","13:35:46",780500
32.7,0.4,4300,"sd","13:35:44",780400
32.7,0.4,500,"sd","13:35:42",776100
32.7,0.4,100,"sd","13:35:37",775600
32.7,0.4,1000,"sd","13:35:36",775500
32.7,0.4,100,"sd","13:35:26",774500
32.7,0.4,100,"sd","13:34:55",774400
32.75,0.45,900,"bu","13:34:53",774300
32.75,0.45,2500,"bu","13:34:48",773400
32.7,0.4,100,"sd","13:34:34",770900
32.7,0.4,500,"sd","13:33:55",770800
32.7,0.4,2000,"sd","13:33:35",770300
32.7,0.4,100,"sd","13:33:19",768300
32.7,0.4,9700,"bu","13:33:15",768200
32.7,0.4,2000,"sd","13:32:18",758500
32.7,0.4,5800,"sd","13:31:51",756500
32.7,0.4,100,"sd","13:31:35",750700
32.7,0.4,100,"sd","13:31:31",750600
32.7,0.4,500,"sd","13:31:30",750500
32.65,0.35,5300,"bu","13:31:09",750000
32.65,0.35,2400,"sd","13:31:04",744700
32.7,0.4,3200,"sd","13:31:04",742300
32.7,0.4,400,"sd","13:31:00",739100
32.7,0.4,16400,"bu","13:30:58",738700
32.65,0.35,4000,"sd","13:30:52",722300
32.65,0.35,9000,"sd","13:30:40",718300
32.65,0.35,8400,"bu","13:30:34",709300
32.65,0.35,1000,"bu","13:30:24",700900
32.6,0.3,500,"sd","13:30:21",699900
32.65,0.35,1000,"bu","13:30:17",699400
32.65,0.35,100,"bu","13:30:16",698400
32.65,0.35,200,"bu","13:30:10",698300
32.65,0.35,8300,"sd","13:29:54",698100
32.7,0.4,1800,"bu","13:29:50",689800
32.65,0.35,4700,"sd","13:29:46",688000
32.65,0.35,3300,"sd","13:29:17",683300
32.65,0.35,500,"bu","13:28:19",680000
32.65,0.35,2300,"bu","13:28:07",679500
32.6,0.3,1000,"sd","13:27:53",677200
32.6,0.3,5000,"sd","13:27:29",676200
32.65,0.35,1100,"bu","13:27:29",671200
32.6,0.3,3000,"sd","13:27:17",670100
32.6,0.3,100,"sd","13:27:16",667100
32.6,0.3,500,"sd","13:26:52",667000
32.65,0.35,29500,"sd","13:26:33",665000
32.7,0.4,6400,"sd","13:26:05",635500
32.7,0.4,100,"sd","13:26:02",629100
32.7,0.4,3000,"sd","13:25:54",629000
32.7,0.4,14000,"sd","13:25:49",626000
32.7,0.4,1000,"sd","13:25:36",612000
32.75,0.45,200,"bu","13:25:16",611000
32.75,0.45,3000,"bu","13:25:09",610800
32.75,0.45,500,"bu","13:24:52",607800
32.75,0.45,1000,"bu","13:24:39",607300
32.75,0.45,2000,"bu","13:24:34",606300
32.75,0.45,3000,"bu","13:24:16",604300
32.75,0.45,300,"bu","13:24:07",601300
32.75,0.45,10000,"bu","13:24:04",601000
32.75,0.45,1500,"bu","13:24:01",591000
32.75,0.45,2000,"bu","13:23:51",589500
32.7,0.4,100,"sd","13:23:43",587500
32.7,0.4,6300,"sd","13:23:38",587400
32.7,0.4,1000,"sd","13:23:34",581100
32.7,0.4,2000,"bu","13:23:27",580100
32.65,0.35,200,"sd","13:23:23",578100
32.7,0.4,1000,"sd","13:23:22",577900
32.7,0.4,1000,"sd","13:23:19",576900
32.7,0.4,500,"sd","13:23:15",575900
32.7,0.4,200,"sd","13:23:09",575400
32.7,0.4,1000,"bu","13:22:55",575200
32.7,0.4,200,"bu","13:22:53",574200
32.7,0.4,600,"bu","13:22:32",574000
32.7,0.4,3100,"bu","13:22:22",573400
32.7,0.4,15000,"bu","13:21:59",570300
32.65,0.35,15000,"sd","13:21:55",555300
32.65,0.35,100,"sd","13:21:44",540300
32.65,0.35,700,"bu","13:21:43",540200
32.65,0.35,300,"bu","13:21:42",539500
32.65,0.35,100,"sd","13:21:33",539200
32.65,0.35,5000,"sd","13:21:26",539100
32.65,0.35,500,"sd","13:20:57",534100
32.65,0.35,100,"sd","13:20:39",533600
32.65,0.35,500,"sd","13:20:30",533500
32.65,0.35,200,"sd","13:20:16",533000
32.65,0.35,9300,"bu","13:20:05",532800
32.6,0.3,6900,"bu","13:19:30",523500
32.6,0.3,5400,"bu","13:19:30",516600
32.6,0.3,500,"bu","13:19:23",511200
32.55,0.25,2000,"sd","13:18:13",510700
32.55,0.25,100,"sd","13:17:54",508700
32.6,0.3,2000,"bu","13:17:53",508600
32.55,0.25,1000,"sd","13:17:12",506600
32.55,0.25,3000,"sd","13:17:04",505600
32.55,0.25,600,"sd","13:16:29",502600
32.6,0.3,400,"bu","13:15:39",502000
32.6,0.3,6000,"bu","13:15:25",501600
32.55,0.25,1500,"bu","13:15:20",495600
32.55,0.25,5000,"bu","13:15:17",494100
32.55,0.25,2000,"bu","13:15:04",489100
32.55,0.25,1000,"bu","13:15:00",487100
32.55,0.25,1000,"bu","13:14:58",486100
32.55,0.25,1900,"bu","13:14:50",485100
32.5,0.2,9200,"bu","13:14:23",483200
32.5,0.2,100,"bu","13:14:11",474000
32.5,0.2,3000,"bu","13:14:09",473900
32.5,0.2,100,"bu","13:14:06",470900
32.5,0.2,16900,"bu","13:14:04",470800
32.5,0.2,1000,"bu","13:14:00",453900
32.5,0.2,20000,"bu","13:13:47",452900
32.45,0.15,600,"sd","13:12:59",432900
32.45,0.15,400,"sd","13:12:47",432300
32.5,0.2,2000,"bu","13:12:24",431900
32.45,0.15,1000,"sd","13:11:43",429900
32.5,0.2,5000,"bu","13:11:21",428900
32.5,0.2,500,"bu","13:10:54",423900
32.5,0.2,300,"bu","13:10:50",423400
32.5,0.2,5000,"bu","13:10:49",423100
32.5,0.2,700,"bu","13:10:20",418100
32.45,0.15,5000,"sd","13:10:10",417400
32.45,0.15,100,"sd","13:10:04",412400
32.45,0.15,200,"bu","13:09:54",412300
32.45,0.15,300,"bu","13:09:48",412100
32.45,0.15,500,"sd","13:09:12",411800
32.45,0.15,300,"bu","13:08:55",411300
32.45,0.15,3700,"sd","13:08:19",411000
32.45,0.15,14300,"bu","13:06:53",407300
32.4,0.1,100,"sd","13:06:48",393000
32.4,0.1,600,"bu","13:06:36",392900
32.4,0.1,1000,"bu","13:06:33",392300
32.4,0.1,500,"bu","13:05:58",391300
32.35,0.05,200,"sd","13:05:57",390800
32.4,0.1,400,"bu","13:05:56",390600
32.4,0.1,1100,"sd","13:04:55",390200
32.4,0.1,200,"sd","13:03:34",389100
32.4,0.1,200,"sd","13:03:32",388900
32.4,0.1,1900,"bu","13:03:15",388700
32.4,0.1,200,"bu","13:01:42",386800
32.4,0.1,300,"bu","13:01:41",386600
32.4,0.1,500,"bu","13:00:00",386300
32.4,0.1,100,"bu","13:00:00",385800
32.4,0.1,500,"bu","11:26:55",385700
32.4,0.1,800,"bu","11:26:42",385200
32.4,0.1,3000,"bu","11:25:00",384400
32.4,0.1,3000,"bu","11:24:53",381400
32.4,0.1,1000,"bu","11:24:35",378400
32.4,0.1,1000,"sd","11:23:02",377400
32.4,0.1,5000,"sd","11:22:33",376400
32.4,0.1,1000,"sd","11:22:09",371400
32.45,0.15,1000,"bu","11:18:47",370400
32.4,0.1,3000,"sd","11:18:41",369400
32.45,0.15,100,"bu","11:16:03",366400
32.4,0.1,600,"sd","11:15:30",366300
32.4,0.1,5000,"sd","11:13:35",365700
32.4,0.1,300,"sd","11:13:32",360700
32.45,0.15,500,"bu","11:13:23",360400
32.45,0.15,6300,"bu","11:12:15",359900
32.45,0.15,500,"bu","11:11:48",353600
32.4,0.1,100,"bu","11:11:47",353100
32.4,0.1,1100,"sd","11:11:32",353000
32.4,0.1,1000,"sd","11:11:28",351900
32.4,0.1,1000,"sd","11:11:12",350900
32.4,0.1,500,"sd","11:11:08",349900
32.4,0.1,1500,"sd","11:09:20",349400
32.45,0.15,100,"bu","11:08:53",347900
32.4,0.1,5000,"sd","11:08:25",347800
32.45,0.15,100,"bu","11:07:44",342800
32.45,0.15,300,"bu","11:07:06",342700
32.4,0.1,100,"sd","11:06:56",342400
32.45,0.15,300,"bu","11:02:44",342300
32.45,0.15,2000,"bu","11:00:38",342000
32.45,0.15,2000,"bu","11:00:24",340000
32.45,0.15,6000,"bu","11:00:08",338000
32.45,0.15,1500,"bu","10:59:19",332000
32.35,0.05,1100,"sd","10:59:06",330500
32.4,0.1,17700,"sd","10:59:06",329400
32.4,0.1,5000,"sd","10:59:01",311700
32.4,0.1,1500,"sd","10:58:45",306700
32.4,0.1,200,"sd","10:58:17",305200
32.4,0.1,900,"sd","10:56:51",305000
32.4,0.1,100,"sd","10:54:33",304100
32.4,0.1,300,"sd","10:53:46",304000
32.4,0.1,500,"sd","10:53:45",303700
32.4,0.1,2000,"sd","10:53:37",303200
32.45,0.15,300,"bu","10:52:35",301200
32.45,0.15,20000,"bu","10:52:04",300900
32.4,0.1,1500,"sd","10:51:31",280900
32.45,0.15,400,"bu","10:51:27",279400
32.4,0.1,1700,"sd","10:51:16",279000
32.45,0.15,1000,"bu","10:51:10",277300
32.45,0.15,1000,"bu","10:51:01",276300
32.4,0.1,1000,"sd","10:49:50",275300
32.4,0.1,500,"sd","10:49:45",274300
32.4,0.1,500,"sd","10:49:31",273800
32.4,0.1,100,"sd","10:49:28",273300
32.4,0.1,3000,"sd","10:48:31",273200
32.4,0.1,1000,"sd","10:47:56",270200
32.5,0.3,200,"bu","09:25:34",172300
32.4,0.2,200,"sd","09:25:34",172100
32.5,0.3,100,"sd","09:25:30",171900
32.5,0.3,700,"sd","09:25:22",171800
32.5,0.3,100,"sd","09:25:20",171100
32.5,0.3,100,"sd","09:25:04",171000
32.6,0.4,100,"bu","09:25:03",170900
32.5,0.3,200,"sd","09:25:00",170800
32.5,0.3,300,"sd","09:24:51",170600
32.5,0.3,300,"bu","09:24:45",170300
32.85,0.65,10100,"bu","09:24:38",170000
32.8,0.6,20200,"bu","09:24:38",159900
32.75,0.55,1000,"bu","09:24:38",139700
32.7,0.5,1000,"bu","09:24:38",138700
32.65,0.45,5700,"bu","09:24:38",137700
32.6,0.4,13400,"bu","09:24:38",132000
32.55,0.35,5600,"bu","09:24:38",118600
32.5,0.3,13000,"bu","09:24:38",113000
32.5,0.3,1000,"bu","09:23:53",100000
32.35,0.15,5000,"sd","09:23:48",99000
32.4,0.1,600,"sd","10:39:51",226900
32.4,0.1,600,"bu","10:39:20",226300
32.4,0.1,2600,"sd","10:38:57",225700
32.4,0.1,900,"sd","10:38:14",223100
32.45,0.15,100,"bu","10:37:31",222200
32.45,0.15,100,"bu","10:37:02",222100
32.4,0.1,2000,"sd","10:36:24",222000
32.4,0.1,1000,"sd","10:35:54",220000
32.4,0.1,1800,"bu","10:35:02",219000
32.4,0.1,1000,"bu","10:34:57",217200
32.4,0.1,1000,"bu","10:34:56",216200
32.4,0.1,300,"bu","10:34:38",215200
32.4,0.1,9100,"sd","10:33:23",214900
32.4,0.1,200,"sd","10:33:10",205800
32.4,0.1,1500,"sd","10:33:09",205600
32.4,0.1,500,"sd","10:32:57",204100
32.4,0.1,300,"sd","10:32:52",203600
32.45,0.15,2000,"bu","10:31:52",203300
32.45,0.15,1000,"bu","10:29:21",201300
32.45,0.15,500,"bu","10:29:08",200300
32.45,0.15,2500,"bu","10:28:58",199800
32.4,0.1,5000,"sd","10:28:39",197300
32.4,0.1,500,"sd","10:28:07",192300
32.4,0.1,4600,"bu","10:27:30",191800
32.4,0.1,800,"bu","10:27:00",187200
32.4,0.1,10000,"bu","10:26:14",186400
32.4,0.1,100,"bu","10:24:57",176400
32.4,0.1,1500,"bu","10:24:15",176300
32.4,0.1,200,"bu","10:24:10",174800
32.4,0.1,100,"bu","10:23:40",174600
32.35,0.05,4900,"bu","10:22:39",174500
32.35,0.05,500,"bu","10:22:12",169600
32.35,0.05,500,"bu","10:21:32",169100
32.35,0.05,2500,"bu","10:21:16",168600
32.3,0,100,"sd","10:19:57",166100
32.3,0,200,"sd","10:19:06",166000
32.35,0.05,200,"bu","10:18:55",165800
32.3,0,4200,"sd","10:18:44",165600
32.3,0,1000,"sd","10:18:35",161400
32.3,0,500,"sd","10:18:12",160400
32.35,0.05,300,"bu","10:17:27",159900
32.35,0.05,1000,"bu","10:16:25",159600
32.35,0.05,2000,"bu","10:16:11",158600
32.35,0.05,1000,"bu","10:14:58",156600
32.35,0.05,100,"bu","10:14:34",155600
32.3,0,2000,"sd","10:14:24",155500
32.35,0.05,2700,"sd","10:13:45",153500
32.35,0.05,2000,"sd","10:12:57",150800
32.4,0.1,1000,"bu","10:12:46",148800
32.35,0.05,800,"sd","10:12:20",147800
32.35,0.05,800,"sd","10:11:54",147000
32.35,0.05,1500,"sd","10:11:29",146200
32.35,0.05,500,"sd","10:11:17",144700
32.35,0.05,1400,"sd","10:11:14",144200
32.35,0.05,500,"sd","10:11:07",142800
32.4,0.1,5000,"bu","10:11:07",142300
32.4,0.1,5000,"bu","10:10:22",137300
32.4,0.1,1000,"bu","10:10:15",132300
32.35,0.05,200,"sd","10:09:38",131300
32.4,0.1,500,"bu","10:08:19",131100
32.35,0.05,400,"sd","10:07:54",130600
32.4,0.1,900,"bu","10:07:07",130200
32.4,0.1,100,"bu","10:06:55",129300
32.4,0.1,100,"bu","10:06:43",129200
32.4,0.1,6000,"bu","10:06:21",129100
32.4,0.1,6000,"bu","10:05:14",123100
32.4,0.1,3000,"bu","10:05:07",117100
32.4,0.1,200,"bu","10:04:22",114100
32.35,0.05,100,"sd","10:02:57",113900
32.35,0.05,300,"bu","10:01:56",113800
32.3,0,2000,"sd","10:01:25",113500
32.3,0,1000,"sd","09:58:18",111500
32.3,0,200,"bu","09:58:03",110500
32.25,-0.05,100,"sd","09:57:50",110300
32.3,0,400,"bu","09:57:32",110200
32.25,-0.05,3200,"sd","09:56:24",109800
32.3,0,600,"bu","09:56:19",106600
32.3,0,500,"bu","09:56:12",106000
32.3,0,100,"bu","09:55:57",105500
32.3,0,1100,"bu","09:55:51",105400
32.3,0,100,"bu","09:55:44",104300
32.3,0,300,"bu","09:55:35",104200
32.3,0,400,"bu","09:55:34",103900
32.3,0,300,"bu","09:55:10",103500
32.3,0,1000,"bu","09:55:04",103200
32.3,0,100,"bu","09:54:46",102200
32.3,0,600,"bu","09:54:43",102100
32.3,0,2000,"bu","09:54:39",101500
32.3,0,1500,"bu","09:54:17",99500
32.3,0,100,"bu","09:54:04",98000
32.3,0,400,"bu","09:53:42",97900
32.25,-0.05,1000,"sd","09:51:59",97500
32.25,-0.05,300,"sd","09:50:56",96500
32.3,0,2100,"sd","09:50:36",96200
32.3,0,3000,"sd","09:49:48",94100
32.35,0.05,100,"sd","09:49:35",91100
32.35,0.05,100,"bu","09:49:01",91000
32.35,0.05,500,"sd","09:48:38",90900
32.35,0.05,100,"bu","09:48:11",90400
32.35,0.05,400,"sd","09:47:44",90300
32.35,0.05,1600,"sd","09:46:42",89900
32.35,0.05,1000,"sd","09:46:28",88300
32.4,0.1,1000,"bu","09:45:56",87300
32.4,0.1,2400,"sd","09:45:19",86300
32.4,0.1,1100,"sd","09:45:16",83900
32.4,0.1,600,"sd","09:45:12",82800
32.45,0.15,2000,"bu","09:43:44",82200
32.45,0.15,2000,"bu","09:43:01",80200
32.4,0.1,5000,"sd","09:42:52",78200
32.4,0.1,500,"sd","09:42:01",73200
32.4,0.1,200,"sd","09:41:29",72700
32.4,0.1,1000,"sd","09:41:26",72500
32.4,0.1,1700,"sd","09:41:14",71500
32.45,0.15,300,"bu","09:41:13",69800
32.4,0.1,600,"sd","09:41:06",69500
32.4,0.1,4500,"sd","09:41:00",68900
32.4,0.1,1600,"bu","09:40:06",64400
32.4,0.1,1000,"bu","09:40:06",62800
32.4,0.1,2400,"sd","09:39:57",61800
32.45,0.15,1400,"bu","09:39:56",59400
32.45,0.15,400,"bu","09:39:49",58000
32.45,0.15,100,"bu","09:39:39",57600
32.45,0.15,1900,"bu","09:38:30",57500
32.45,0.15,500,"bu","09:38:18",55600
32.45,0.15,200,"bu","09:38:17",55100
32.45,0.15,500,"bu","09:38:07",54900
32.4,0.1,700,"sd","09:38:06",54400
32.4,0.1,100,"bu","09:37:33",53700
32.4,0.1,2000,"bu","09:37:09",53600
32.4,0.1,200,"bu","09:37:03",51600
32.4,0.1,200,"bu","09:36:57",51400
32.4,0.1,200,"bu","09:36:43",51200
32.4,0.1,600,"bu","09:36:31",51000
32.3,0,100,"sd","09:34:40",50400
32.3,0,300,"sd","09:33:40",50300
32.3,0,600,"sd","09:32:59",50000
32.3,0,3200,"bu","09:31:45",49400
32.3,0,1900,"bu","09:31:27",46200
32.25,-0.05,100,"bu","09:31:27",44300
32.25,-0.05,500,"bu","09:31:18",44200
32.25,-0.05,400,"bu","09:30:55",43700
32.2,-0.1,1000,"sd","09:30:37",43300
32.2,-0.1,200,"sd","09:29:36",42300
32.2,-0.1,300,"bu","09:29:17",42100
32.2,-0.1,400,"bu","09:29:14",41800
32.2,-0.1,500,"bu","09:29:09",41400
32.2,-0.1,100,"bu","09:29:07",40900
32.2,-0.1,500,"bu","09:29:05",40800
32.2,-0.1,1000,"bu","09:28:53",40300
32.2,-0.1,1000,"bu","09:28:31",39300
32.15,-0.15,5500,"sd","09:27:55",38300
32.15,-0.15,300,"sd","09:27:42",32800
32.2,-0.1,400,"bu","09:27:39",32500
32.15,-0.15,6000,"sd","09:27:39",32100
32.15,-0.15,100,"sd","09:27:37",26100
32.2,-0.1,800,"sd","09:27:01",26000
32.2,-0.1,3700,"sd","09:24:34",25200
32.25,-0.05,6300,"sd","09:24:34",21500
32.3,0,3000,"bu","09:24:27",15200
32.3,0,2800,"sd","09:24:07",12200
32.3,0,500,"sd","09:22:50",9400
32.3,0,100,"sd","09:22:03",8900
32.3,0,1900,"sd","09:21:42",8800
32.45,0.15,1000,"sd","09:21:00",6900
32.5,0.2,1200,"bu","09:20:47",5900
32.5,0.2,900,"bu","09:18:57",4700
32.45,0.15,1100,"bu","09:18:56",3800
32.45,0.15,500,"sd","09:18:51",2700
32.45,0.15,100,"bu","09:17:48",2200
32.4,0.1,100,"bu","09:16:02",2100
32.3,0,200,"sd","09:15:02",2000
32.3,0,1800,"","09:15:00",1800
