"price","change","match_qtty","side","time","total_vol"
23.9,0.45,42700,"","14:45:02",708700
23.75,0.3,700,"bu","14:29:57",666000
23.75,0.3,3300,"sd","14:29:20",665300
23.75,0.3,1000,"sd","14:29:14",662000
23.7,0.25,400,"sd","14:26:06",661000
23.7,0.25,400,"sd","14:25:58",660600
23.7,0.25,200,"sd","14:25:09",660200
23.7,0.25,700,"sd","14:25:03",660000
23.7,0.25,400,"sd","14:24:53",659300
23.75,0.3,300,"sd","14:24:53",658900
23.75,0.3,200,"sd","14:24:40",658600
23.75,0.3,1000,"sd","14:24:38",658400
23.75,0.3,700,"sd","14:24:23",657400
23.75,0.3,200,"sd","14:24:18",656700
23.75,0.3,1000,"sd","14:23:54",656500
23.75,0.3,700,"sd","14:23:53",655500
23.75,0.3,400,"sd","14:23:47",654800
23.75,0.3,1000,"sd","14:23:35",654400
23.75,0.3,700,"sd","14:23:23",653400
23.75,0.3,700,"sd","14:22:53",652700
24,0.55,500,"bu","14:22:49",652000
24,0.55,4400,"sd","14:22:46",651500
24,0.55,100,"sd","14:22:42",647100
24,0.55,1000,"sd","14:22:35",647000
24,0.55,1500,"sd","14:22:27",646000
24,0.55,700,"sd","14:22:23",644500
24,0.55,200,"sd","14:22:16",643800
24,0.55,2000,"sd","14:22:01",643600
24,0.55,1000,"sd","14:22:00",641600
24,0.55,100,"sd","14:21:55",640600
24,0.55,3500,"sd","14:21:54",640500
24,0.55,700,"sd","14:21:53",637000
24,0.55,2000,"sd","14:21:52",636300
24,0.55,200,"sd","14:21:45",634300
24,0.55,1000,"sd","14:21:40",634100
24,0.55,18100,"bu","14:21:31",633100
23.95,0.5,3200,"bu","14:21:31",615000
23.9,0.45,16600,"bu","14:21:31",611800
23.85,0.4,1800,"bu","14:21:31",595200
23.8,0.35,1200,"bu","14:21:31",593400
23.7,0.25,500,"sd","14:21:20",592200
23.75,0.3,200,"sd","14:21:20",591700
23.85,0.4,8500,"bu","14:21:06",591500
23.8,0.35,1500,"bu","14:21:06",583000
23.75,0.3,300,"bu","14:21:03",581500
23.7,0.25,700,"sd","14:20:50",581200
23.8,0.35,100,"sd","14:20:50",580500
23.8,0.35,1000,"sd","14:20:38",580400
23.8,0.35,100,"sd","14:20:29",579400
23.8,0.35,8800,"bu","14:20:28",579300
23.7,0.25,700,"sd","14:20:20",570500
23.8,0.35,4100,"bu","14:20:11",569800
23.75,0.3,900,"bu","14:20:11",565700
23.7,0.25,1000,"sd","14:19:50",564800
23.7,0.25,700,"sd","14:19:50",563800
23.8,0.35,300,"bu","14:19:49",563100
23.8,0.35,3000,"bu","14:19:26",562800
23.7,0.25,600,"sd","14:19:20",559800
23.75,0.3,100,"sd","14:19:20",559200
23.8,0.35,4000,"bu","14:19:14",559100
23.75,0.3,100,"bu","14:19:10",555100
23.8,0.35,500,"bu","14:19:06",555000
23.75,0.3,4500,"bu","14:19:06",554500
23.75,0.3,10000,"bu","14:18:58",550000
23.7,0.25,1000,"sd","14:18:56",540000
23.7,0.25,700,"sd","14:18:47",539000
23.7,0.25,100,"sd","14:18:41",538300
23.7,0.25,7900,"bu","14:18:36",538200
23.6,0.15,1000,"sd","14:18:34",530300
23.6,0.15,700,"sd","14:18:17",529300
23.7,0.25,500,"bu","14:18:07",528600
23.6,0.15,1500,"sd","14:18:02",528100
23.65,0.2,500,"sd","14:18:02",526600
23.65,0.2,2500,"bu","14:17:58",526100
23.6,0.15,700,"sd","14:17:47",523600
23.65,0.2,2000,"bu","14:17:42",522900
23.65,0.2,100,"bu","14:17:34",520900
23.6,0.15,1000,"sd","14:17:23",520800
23.6,0.15,700,"sd","14:17:17",519800
23.65,0.2,100,"bu","14:17:04",519100
23.6,0.15,100,"sd","14:16:51",519000
23.6,0.15,2500,"bu","14:16:50",518900
23.55,0.1,700,"sd","14:16:47",516400
23.55,0.1,1000,"sd","14:16:40",515700
23.55,0.1,100,"bu","14:16:28",514700
23.4,-0.05,600,"sd","14:16:17",514600
23.45,0,100,"sd","14:16:17",514000
23.4,-0.05,700,"sd","14:15:47",513900
23.4,-0.05,1000,"sd","14:15:43",513200
23.4,-0.05,700,"sd","14:15:17",512200
23.4,-0.05,700,"sd","14:14:46",511500
23.55,0.1,100,"bu","14:14:36",510800
23.4,-0.05,17700,"sd","14:14:36",510700
23.45,0,2300,"sd","14:14:36",493000
23.45,0,700,"sd","14:14:16",490700
23.55,0.1,800,"sd","14:13:51",490000
23.6,0.15,1000,"bu","14:13:46",489200
23.55,0.1,700,"sd","14:13:46",488200
23.6,0.15,3000,"bu","14:13:30",487500
23.55,0.1,700,"sd","14:13:16",484500
23.55,0.1,1000,"sd","14:13:03",483800
23.55,0.1,1000,"sd","14:12:52",482800
23.6,0.15,3000,"bu","14:12:52",481800
23.55,0.1,1000,"sd","14:12:52",478800
23.55,0.1,1900,"bu","14:12:46",477800
23.55,0.1,3000,"bu","14:12:30",475900
23.5,0.05,600,"bu","14:12:19",472900
23.5,0.05,300,"bu","14:12:18",472300
23.45,0,700,"sd","14:12:16",472000
23.45,0,700,"sd","14:11:46",471300
23.45,0,1000,"sd","14:11:34",470600
23.45,0,1000,"sd","14:11:32",469600
23.45,0,700,"sd","14:11:16",468600
23.45,0,1000,"sd","14:10:53",467900
23.45,0,700,"sd","14:10:46",466900
23.45,0,2000,"sd","14:10:43",466200
23.5,0.05,100,"bu","14:10:20",464200
23.45,0,700,"sd","14:10:16",464100
23.5,0.05,600,"sd","14:10:07",463400
23.5,0.05,1000,"sd","14:09:56",462800
23.5,0.05,700,"sd","14:09:45",461800
23.5,0.05,700,"sd","14:09:15",461100
23.5,0.05,1000,"sd","14:09:09",460400
23.5,0.05,1000,"bu","14:08:55",459400
23.45,0,700,"sd","14:08:45",458400
23.55,0.1,3000,"bu","14:08:41",457700
23.5,0.05,2000,"bu","14:08:39",454700
23.45,0,1000,"sd","14:08:19",452700
23.45,0,700,"sd","14:08:15",451700
23.45,0,1000,"sd","14:08:03",451000
23.45,0,1000,"bu","14:07:53",450000
23.4,-0.05,700,"sd","14:07:45",449000
23.4,-0.05,20000,"sd","14:07:38",448300
23.4,-0.05,700,"sd","14:07:15",428300
23.45,0,2600,"sd","14:06:54",427600
23.45,0,700,"sd","14:06:45",425000
23.45,0,700,"sd","14:06:15",424300
23.45,0,800,"bu","14:05:47",423600
23.4,-0.05,700,"sd","14:05:45",422800
23.4,-0.05,700,"sd","14:05:15",422100
23.45,0,100,"bu","14:04:46",421400
23.4,-0.05,700,"sd","14:04:44",421300
23.45,0,100,"bu","14:04:33",420600
23.4,-0.05,700,"sd","14:04:14",420500
23.45,0,1600,"sd","14:04:12",419800
23.45,0,700,"sd","14:03:44",418200
23.45,0,1000,"sd","14:03:34",417500
23.45,0,1000,"sd","14:03:33",416500
23.45,0,700,"sd","14:03:14",415500
23.45,0,1000,"sd","14:03:00",414800
23.45,0,700,"sd","14:02:44",413800
23.45,0,300,"bu","14:02:42",413100
23.4,-0.05,700,"sd","14:02:14",412800
23.45,0,100,"bu","14:02:13",412100
23.4,-0.05,700,"sd","14:01:42",412000
23.45,0,200,"bu","14:01:18",411300
23.45,0,200,"bu","14:01:17",411100
23.45,0,100,"bu","14:01:15",410900
23.4,-0.05,700,"sd","14:01:12",410800
23.4,-0.05,300,"sd","14:01:02",410100
23.45,0,100,"sd","14:00:53",409800
23.4,-0.05,500,"sd","14:00:42",409700
23.45,0,200,"sd","14:00:42",409200
23.4,-0.05,700,"sd","14:00:12",409000
23.4,-0.05,700,"sd","13:59:42",408300
23.4,-0.05,700,"sd","13:59:11",407600
23.55,0.1,300,"bu","13:59:03",406900
23.5,0.05,4700,"bu","13:59:03",406600
23.45,0,3000,"bu","13:59:02",401900
23.4,-0.05,700,"sd","13:58:41",398900
23.35,-0.1,400,"sd","13:58:11",398200
23.4,-0.05,300,"sd","13:58:11",397800
23.4,-0.05,1000,"sd","13:57:50",397500
23.4,-0.05,700,"sd","13:57:41",396500
23.4,-0.05,700,"sd","13:57:11",395800
23.45,0,100,"bu","13:57:03",395100
23.4,-0.05,1000,"sd","13:56:56",395000
23.4,-0.05,6300,"sd","13:56:47",394000
23.4,-0.05,700,"sd","13:56:41",387700
23.4,-0.05,700,"sd","13:56:11",387000
23.4,-0.05,4000,"sd","13:56:02",386300
23.4,-0.05,700,"sd","13:55:41",382300
23.4,-0.05,700,"sd","13:55:11",381600
23.4,-0.05,200,"sd","13:54:41",380900
23.45,0,500,"sd","13:54:41",380700
23.45,0,800,"sd","13:54:35",380200
23.45,0,700,"sd","13:54:11",379400
23.45,0,2100,"sd","13:53:57",378700
23.45,0,700,"sd","13:53:41",376600
23.45,0,1000,"sd","13:53:28",375900
23.45,0,700,"sd","13:53:10",374900
23.45,0,700,"sd","13:52:40",374200
23.45,0,1000,"sd","13:52:25",373500
23.45,0,700,"sd","13:52:10",372500
23.45,0,1000,"bu","13:51:49",371800
23.4,-0.05,700,"sd","13:51:40",370800
23.45,0,2000,"bu","13:51:28",370100
23.4,-0.05,700,"sd","13:51:10",368100
23.45,0,700,"sd","13:50:40",367400
23.45,0,1000,"sd","13:50:33",366700
23.45,0,700,"sd","13:50:10",365700
23.45,0,700,"sd","13:49:40",365000
23.45,0,700,"sd","13:49:10",364300
23.45,0,700,"sd","13:48:40",363600
23.45,0,700,"sd","13:48:10",362900
23.5,0.05,1000,"bu","13:47:59",362200
23.4,-0.05,400,"sd","13:47:39",361200
23.45,0,300,"sd","13:47:39",360800
23.45,0,2700,"bu","13:47:37",360500
23.4,-0.05,700,"sd","13:47:09",357800
23.45,0,1000,"bu","13:46:45",357100
23.4,-0.05,700,"sd","13:46:39",356100
23.4,-0.05,700,"sd","13:46:09",355400
23.4,-0.05,700,"sd","13:45:39",354700
23.4,-0.05,700,"sd","13:45:09",354000
23.4,-0.05,700,"sd","13:44:39",353300
23.45,0,800,"sd","13:44:36",352600
23.45,0,700,"sd","13:44:09",351800
23.5,0.05,100,"sd","13:43:41",351100
23.5,0.05,700,"sd","13:43:39",351000
23.5,0.05,1500,"sd","13:43:29",350300
23.5,0.05,700,"sd","13:43:09",348800
23.5,0.05,7000,"bu","13:43:08",348100
23.5,0.05,10000,"bu","13:43:00",341100
23.4,-0.05,300,"sd","13:42:39",331100
23.45,0,200,"sd","13:42:39",330800
23.45,0,200,"sd","13:42:39",330600
23.4,-0.05,500,"sd","13:42:09",330400
23.45,0,200,"sd","13:42:09",329900
23.45,0,1300,"bu","13:42:06",329700
23.45,0,200,"bu","13:41:53",328400
23.45,0,2000,"bu","13:41:52",328200
23.4,-0.05,700,"sd","13:41:39",326200
23.4,-0.05,700,"sd","13:41:09",325500
23.45,0,300,"bu","13:40:46",324800
23.4,-0.05,700,"sd","13:40:38",324500
23.4,-0.05,700,"sd","13:40:08",323800
23.4,-0.05,700,"sd","13:39:38",323100
23.4,-0.05,700,"sd","13:39:08",322400
23.45,0,500,"bu","13:38:54",321700
23.4,-0.05,700,"sd","13:38:38",321200
23.4,-0.05,1300,"sd","13:38:33",320500
23.4,-0.05,700,"sd","13:38:08",319200
23.4,-0.05,700,"sd","13:37:38",318500
23.45,0,500,"bu","13:37:27",317800
23.4,-0.05,700,"sd","13:37:08",317300
23.45,0,200,"bu","13:36:57",316600
23.45,0,100,"bu","13:36:39",316400
23.4,-0.05,700,"sd","13:36:37",316300
23.45,0,1000,"bu","13:36:09",315600
23.4,-0.05,600,"sd","13:36:07",314600
23.45,0,600,"bu","13:35:52",314000
23.45,0,500,"bu","13:35:42",313400
23.4,-0.05,600,"sd","13:35:37",312900
23.45,0,500,"bu","13:35:13",312300
23.4,-0.05,600,"sd","13:35:07",311800
23.4,-0.05,600,"sd","13:34:37",311200
23.4,-0.05,1000,"sd","13:34:18",310600
23.4,-0.05,600,"sd","13:34:07",309600
23.4,-0.05,600,"sd","13:33:37",309000
23.4,-0.05,200,"sd","13:33:32",308400
23.45,0,2000,"bu","13:33:24",308200
23.45,0,400,"sd","13:33:22",306200
23.45,0,1600,"bu","13:33:17",305800
23.45,0,900,"bu","13:33:10",304200
23.4,-0.05,1000,"sd","13:33:09",303300
23.4,-0.05,600,"sd","13:33:07",302300
23.4,-0.05,600,"sd","13:32:37",301700
23.4,-0.05,600,"sd","13:32:07",301100
23.4,-0.05,1000,"sd","13:32:05",300500
23.4,-0.05,600,"sd","13:31:36",299500
23.45,0,1000,"bu","13:31:35",298900
23.4,-0.05,600,"sd","13:31:06",297900
23.4,-0.05,600,"sd","13:30:36",297300
23.4,-0.05,500,"sd","13:30:06",296700
23.45,0,100,"sd","13:30:06",296200
23.45,0,600,"sd","13:29:36",296100
23.45,0,1000,"sd","13:29:27",295500
23.45,0,500,"sd","13:29:26",294500
23.45,0,500,"sd","13:29:17",294000
23.45,0,600,"sd","13:29:06",293500
23.45,0,600,"sd","13:28:36",292900
23.45,0,600,"sd","13:28:06",292300
23.45,0,1000,"sd","13:27:41",291700
23.45,0,600,"sd","13:27:36",290700
23.45,0,600,"sd","13:27:06",290100
23.45,0,600,"sd","13:26:36",289500
23.45,0,600,"sd","13:26:08",288900
23.45,0,600,"sd","13:25:24",288300
23.45,0,600,"sd","13:24:54",287700
23.45,0,600,"sd","13:24:22",287100
23.45,0,1700,"sd","13:24:00",286500
23.45,0,600,"sd","13:23:51",284800
23.45,0,800,"bu","13:23:45",284200
23.4,-0.05,600,"sd","13:23:21",283400
23.4,-0.05,15800,"sd","13:23:21",282800
23.4,-0.05,600,"sd","13:22:51",267000
23.45,0,8600,"sd","13:22:48",266400
23.45,0,1500,"sd","13:22:35",257800
23.45,0,1000,"sd","13:22:29",256300
23.45,0,600,"sd","13:22:21",255300
23.45,0,600,"sd","13:21:51",254700
23.45,0,600,"sd","13:21:21",254100
23.45,0,600,"sd","13:20:53",253500
23.5,0.05,3000,"bu","13:20:44",252900
23.45,0,1000,"sd","13:20:36",249900
23.5,0.05,3000,"bu","13:20:35",248900
23.45,0,600,"sd","13:20:11",245900
23.45,0,600,"sd","13:19:41",245300
23.45,0,600,"sd","13:19:11",244700
23.5,0.05,100,"bu","13:18:56",244100
23.5,0.05,500,"bu","13:18:48",244000
23.45,0,600,"sd","13:18:40",243500
23.45,0,600,"sd","13:18:10",242900
23.45,0,600,"sd","13:17:40",242300
23.45,0,600,"sd","13:17:11",241700
23.45,0,1000,"sd","13:16:44",241100
23.45,0,600,"sd","13:16:42",240100
23.45,0,600,"sd","13:16:01",239500
23.5,0.05,1000,"bu","13:15:40",238900
23.45,0,200,"sd","13:15:31",237900
23.45,0,400,"sd","13:15:31",237700
23.45,0,600,"sd","13:15:01",237300
23.45,0,600,"sd","13:14:31",236700
23.5,0.05,1000,"bu","13:14:19",236100
23.45,0,600,"sd","13:14:00",235100
23.45,0,1000,"sd","13:13:58",234500
23.45,0,1000,"bu","13:13:46",233500
23.4,-0.05,600,"sd","13:13:30",232500
23.4,-0.05,600,"sd","13:13:01",231900
23.4,-0.05,1600,"sd","13:12:31",231300
23.4,-0.05,600,"sd","13:12:30",229700
23.4,-0.05,200,"sd","13:12:00",229100
23.45,0,400,"sd","13:12:00",228900
23.45,0,600,"bu","13:11:52",228500
23.4,-0.05,600,"sd","13:11:30",227900
23.45,0,3000,"bu","13:11:29",227300
23.4,-0.05,600,"sd","13:11:00",224300
23.4,-0.05,100,"sd","13:10:34",223700
23.4,-0.05,600,"sd","13:10:30",223600
23.4,-0.05,600,"sd","13:10:00",223000
23.4,-0.05,1000,"sd","13:09:52",222400
23.4,-0.05,500,"sd","13:09:37",221400
23.35,-0.1,600,"sd","13:09:30",220900
23.4,-0.05,600,"sd","13:09:00",220300
23.35,-0.1,600,"sd","13:08:30",219700
23.45,0,1500,"bu","13:08:24",219100
23.4,-0.05,1600,"bu","13:08:24",217600
23.4,-0.05,22300,"sd","13:08:16",216000
23.4,-0.05,600,"sd","13:08:00",193700
23.4,-0.05,600,"sd","13:07:30",193100
23.4,-0.05,600,"sd","13:07:00",192500
23.4,-0.05,1000,"sd","13:06:59",191900
23.4,-0.05,600,"sd","13:06:30",190900
23.45,0,100,"bu","13:06:19",190300
23.4,-0.05,600,"sd","13:06:00",190200
23.4,-0.05,1800,"sd","13:05:57",189600
23.4,-0.05,1000,"sd","13:05:44",187800
23.4,-0.05,600,"sd","13:05:29",186800
23.4,-0.05,600,"sd","13:04:59",186200
23.45,0,1000,"bu","13:04:45",185600
23.4,-0.05,600,"sd","13:04:29",184600
23.4,-0.05,600,"sd","13:03:59",184000
23.4,-0.05,600,"sd","13:03:29",183400
23.4,-0.05,600,"sd","13:02:59",182800
23.4,-0.05,1000,"sd","13:02:57",182200
23.4,-0.05,600,"sd","13:02:29",181200
23.45,0,600,"bu","13:02:23",180600
23.4,-0.05,900,"sd","13:02:23",180000
23.4,-0.05,600,"sd","13:01:59",179100
23.45,0,300,"bu","13:01:39",178500
23.4,-0.05,600,"sd","13:01:29",178200
23.4,-0.05,700,"sd","13:00:59",177600
23.4,-0.05,1000,"sd","13:00:17",176900
23.4,-0.05,1000,"sd","13:00:10",175900
23.45,0,200,"bu","13:00:06",174900
23.45,0,2000,"bu","13:00:01",174700
23.45,0,100,"bu","13:00:00",172700
23.45,0,500,"bu","11:28:43",172600
23.4,-0.05,1000,"sd","11:28:34",172100
23.45,0,100,"bu","11:27:47",171100
23.4,-0.05,100,"sd","11:27:39",171000
23.4,-0.05,1000,"sd","11:27:32",170900
23.4,-0.05,100,"sd","11:27:03",169900
23.4,-0.05,1000,"sd","11:27:02",169800
23.4,-0.05,300,"sd","11:26:26",168800
23.45,0,300,"bu","11:25:55",168500
23.4,-0.05,1000,"sd","11:25:30",168200
23.4,-0.05,1000,"sd","11:25:11",167200
23.45,0,100,"bu","11:24:13",166200
23.45,0,100,"bu","11:23:57",166100
23.4,-0.05,1000,"sd","11:23:53",166000
23.4,-0.05,1000,"sd","11:23:43",165000
23.45,0,500,"sd","11:21:51",164000
23.45,0,3000,"sd","11:21:43",163500
23.45,0,1000,"sd","11:21:24",160500
23.45,0,1000,"sd","11:21:02",159500
23.45,0,2000,"sd","11:20:12",158500
23.45,0,3000,"sd","11:20:04",156500
23.45,0,5000,"bu","11:19:39",153500
23.4,-0.05,1000,"sd","11:19:37",148500
23.45,0,1000,"bu","11:19:12",147500
23.45,0,500,"bu","11:18:31",146500
23.45,0,100,"bu","11:16:16",146000
23.45,0,100,"bu","11:15:59",145900
23.4,-0.05,1000,"sd","11:15:13",145800
23.4,-0.05,1000,"sd","11:15:01",144800
23.4,-0.05,1000,"sd","11:14:15",143800
23.4,-0.05,1000,"sd","11:13:24",142800
23.4,-0.05,1000,"sd","11:12:34",141800
23.45,0,100,"bu","11:09:45",140800
23.4,-0.05,1000,"sd","11:09:21",140700
23.4,-0.05,1000,"sd","11:08:41",139700
23.4,-0.05,1000,"sd","11:08:07",138700
23.4,-0.05,1000,"sd","11:07:37",137700
23.45,0,100,"bu","11:07:30",136700
23.45,0,3400,"bu","11:07:12",136600
23.45,0,100,"bu","11:05:52",133200
23.4,-0.05,1000,"sd","11:04:36",133100
23.45,0,1000,"bu","11:04:31",132100
23.4,-0.05,1000,"sd","11:04:21",131100
23.4,-0.05,5000,"sd","11:03:50",130100
23.45,0,100,"bu","11:03:44",125100
23.4,-0.05,300,"sd","11:02:54",125000
23.4,-0.05,1000,"sd","11:02:49",124700
23.4,-0.05,1000,"sd","11:02:03",123700
23.45,0,100,"bu","11:01:41",122700
23.45,0,100,"bu","11:01:11",122600
23.45,0,100,"bu","11:01:08",122500
23.45,0,600,"bu","11:00:26",122400
23.45,0,1000,"bu","10:57:41",121800
23.45,0,500,"bu","10:57:39",120800
23.4,-0.05,6700,"sd","10:57:31",120300
23.45,0,600,"bu","10:56:41",113600
23.4,-0.05,300,"sd","10:56:35",113000
23.45,0,300,"bu","10:56:31",112700
23.45,0,300,"bu","10:56:26",112400
23.45,0,100,"bu","10:55:31",112100
23.45,0,100,"bu","10:55:27",112000
23.45,0,400,"bu","10:55:07",111900
23.45,0,300,"sd","10:54:36",111500
23.45,0,2700,"bu","10:54:07",111200
23.45,0,100,"bu","10:54:05",108500
23.45,0,100,"bu","10:53:56",108400
23.45,0,100,"bu","10:53:37",108300
23.45,0,100,"bu","10:52:22",108200
23.45,0,100,"sd","10:51:32",108100
23.45,0,100,"sd","10:51:29",108000
23.45,0,1000,"sd","10:51:10",107900
23.45,0,900,"sd","10:50:18",106900
23.5,0.05,500,"bu","10:50:16",106000
23.45,0,1000,"sd","10:49:44",105500
23.45,0,1800,"sd","10:49:41",104500
23.45,0,2000,"sd","10:49:27",102700
23.45,0,100,"sd","10:49:16",100700
23.45,0,1000,"sd","10:48:25",100600
23.45,0,1000,"sd","10:48:01",99600
23.45,0,300,"bu","10:47:00",98600
23.45,0,700,"sd","10:46:37",98300
23.45,0,1100,"sd","10:46:20",97600
23.45,0,1000,"sd","10:46:17",96500
23.45,0,100,"bu","10:45:02",95500
23.45,0,900,"sd","10:44:39",95400
23.45,0,300,"bu","10:44:11",94500
23.45,0,700,"sd","10:43:59",94200
23.45,0,1000,"sd","10:43:40",93500
23.45,0,2500,"bu","10:43:27",92500
23.45,0,500,"bu","10:43:23",90000
23.45,0,2000,"bu","10:43:17",89500
23.45,0,500,"bu","10:43:16",87500
23.45,0,2000,"bu","10:43:08",87000
23.45,0,2000,"bu","10:43:07",85000
23.45,0,2000,"bu","10:43:06",83000
23.45,0,500,"bu","10:42:59",81000
23.4,-0.05,1100,"sd","10:42:53",80500
23.45,0,200,"bu","10:42:10",79400
23.45,0,500,"bu","10:40:56",79200
23.45,0,200,"bu","10:40:21",78700
23.45,0,100,"bu","10:40:06",78500
23.45,0,1000,"bu","10:39:23",78400
23.4,-0.05,2000,"sd","10:39:17",77400
23.45,0,200,"sd","10:38:43",75400
23.45,0,1400,"sd","10:38:22",75200
23.45,0,1000,"sd","10:38:09",73800
23.45,0,2000,"sd","10:37:56",72800
23.5,0.05,200,"bu","10:37:36",70800
23.5,0.05,100,"bu","10:36:45",70600
23.5,0.05,2000,"bu","10:36:10",70500
23.5,0.05,100,"sd","10:34:30",68500
23.5,0.05,2000,"sd","10:31:46",68400
23.5,0.05,2900,"sd","10:31:31",66400
23.5,0.05,1000,"sd","10:30:39",63500
23.5,0.05,2200,"sd","10:30:35",62500
23.5,0.05,1000,"sd","10:29:13",60300
23.5,0.05,1000,"sd","10:28:56",59300
23.55,0.1,200,"bu","10:25:19",58300
23.55,0.1,100,"bu","10:25:18",58100
23.5,0.05,100,"sd","10:25:17",58000
23.55,0.1,100,"bu","10:24:38",57900
23.55,0.1,600,"bu","10:24:01",57800
23.55,0.1,300,"bu","10:21:29",57200
23.55,0.1,1100,"sd","10:20:37",56900
23.55,0.1,1000,"sd","10:20:09",55800
23.55,0.1,1000,"sd","10:18:01",54800
23.6,0.15,500,"bu","10:15:23",53800
23.55,0.1,1800,"sd","10:09:00",53300
23.55,0.1,2300,"bu","10:08:21",51500
23.55,0.1,500,"bu","10:07:22",49200
23.55,0.1,200,"bu","10:05:41",48700
23.6,0.15,100,"bu","10:05:01",48500
23.6,0.15,100,"bu","10:04:37",48400
23.6,0.15,100,"bu","10:04:36",48300
23.5,0.05,2000,"sd","10:01:49",48200
23.55,0.1,2000,"sd","10:01:13",46200
23.6,0.15,1300,"sd","09:57:51",44200
23.65,0.2,400,"bu","09:55:35",42900
23.6,0.15,200,"sd","09:54:36",42500
23.65,0.2,200,"bu","09:53:59",42300
23.6,0.15,1000,"sd","09:53:55",42100
23.65,0.2,100,"bu","09:53:55",41100
23.6,0.15,4000,"sd","09:53:46",41000
23.65,0.2,300,"bu","09:50:29",37000
23.65,0.2,500,"bu","09:49:23",36700
23.65,0.2,100,"bu","09:48:59",36200
23.6,0.15,100,"sd","09:48:33",36100
23.6,0.15,3600,"bu","09:45:06",36000
23.55,0.1,100,"bu","09:44:30",32400
23.55,0.1,1400,"sd","09:44:17",32300
23.6,0.15,100,"bu","09:44:08",30900
23.6,0.15,900,"bu","09:43:05",30800
23.55,0.1,3600,"bu","09:42:30",29900
23.55,0.1,200,"bu","09:40:12",26300
23.55,0.1,2000,"bu","09:39:50",26100
23.55,0.1,400,"bu","09:39:48",24100
23.55,0.1,400,"bu","09:38:18",23700
23.5,0.05,300,"bu","09:38:18",23300
23.5,0.05,500,"sd","09:38:06",23000
23.55,0.1,400,"bu","09:37:58",22500
23.5,0.05,1500,"sd","09:37:46",22100
23.55,0.1,1000,"sd","09:34:54",20600
23.55,0.1,100,"sd","09:34:53",19600
23.55,0.1,1300,"sd","09:34:37",19500
23.6,0.15,600,"sd","09:34:06",18200
23.65,0.2,100,"bu","09:33:59",17600
23.65,0.2,100,"bu","09:31:46",17500
23.65,0.2,400,"bu","09:30:55",17400
23.6,0.15,200,"sd","09:28:55",17000
23.7,0.25,100,"bu","09:26:44",16800
23.65,0.2,100,"sd","09:25:22",16700
23.7,0.25,100,"bu","09:20:59",16600
23.7,0.25,1000,"bu","09:20:02",16500
23.7,0.25,1700,"bu","09:18:08",15500
23.45,0,300,"bu","09:15:43",13800
23.3,-0.15,100,"sd","09:15:03",13500
23.3,-0.15,13400,"","09:15:01",13400
