"price","change","match_qtty","side","time","total_vol"
16.9,0.3,695600,"","14:45:01",14521200
16.95,0.35,600,"sd","14:29:59",13825600
16.95,0.35,3000,"sd","14:29:45",13825000
16.95,0.35,100,"sd","14:29:42",13822000
17,0.4,500,"bu","14:29:41",13821900
16.95,0.35,200,"sd","14:29:38",13821400
16.95,0.35,600,"sd","14:29:35",13821200
16.95,0.35,10000,"sd","14:29:33",13820600
16.95,0.35,500,"sd","14:29:32",13810600
16.95,0.35,41000,"sd","14:29:30",13810100
16.95,0.35,37000,"sd","14:29:29",13769100
16.95,0.35,55200,"sd","14:29:22",13732100
16.95,0.35,600,"sd","14:29:20",13676900
16.95,0.35,100,"sd","14:29:12",13676300
16.95,0.35,500,"sd","14:29:10",13676200
16.95,0.35,1200,"sd","14:29:08",13675700
17,0.4,50000,"bu","14:29:06",13674500
16.95,0.35,5000,"sd","14:28:59",13624500
17,0.4,100,"bu","14:28:56",13619500
17,0.4,200,"bu","14:28:53",13619400
17,0.4,200,"bu","14:28:52",13619200
17,0.4,100,"bu","14:28:51",13619000
17,0.4,1400,"bu","14:28:47",13618900
17,0.4,500,"bu","14:28:46",13617500
16.95,0.35,10000,"sd","14:28:46",13617000
16.95,0.35,5000,"sd","14:28:45",13607000
17,0.4,100,"bu","14:28:39",13602000
16.95,0.35,200,"sd","14:28:38",13601900
17,0.4,500,"bu","14:28:35",13601700
17,0.4,1000,"bu","14:28:25",13601200
17,0.4,1000,"bu","14:28:19",13600200
16.95,0.35,100,"sd","14:28:06",13599200
16.95,0.35,1000,"sd","14:28:04",13599100
17,0.4,500,"bu","14:27:58",13598100
17,0.4,2600,"bu","14:27:52",13597600
17,0.4,500,"bu","14:27:48",13595000
17,0.4,1000,"bu","14:27:47",13594500
16.95,0.35,4400,"sd","14:27:46",13593500
17,0.4,600,"bu","14:27:42",13589100
17,0.4,20000,"bu","14:27:41",13588500
17,0.4,4900,"bu","14:27:28",13568500
17,0.4,200,"bu","14:27:27",13563600
17,0.4,100,"bu","14:27:25",13563400
17,0.4,1000,"bu","14:27:21",13563300
17,0.4,400,"bu","14:27:18",13562300
17,0.4,500,"bu","14:27:11",13561900
17,0.4,100,"bu","14:27:10",13561400
17,0.4,1000,"bu","14:27:03",13561300
17,0.4,2000,"bu","14:27:01",13560300
17,0.4,700,"bu","14:26:56",13558300
17,0.4,400,"bu","14:26:48",13557600
17,0.4,1000,"bu","14:26:48",13557200
17,0.4,5000,"bu","14:26:46",13556200
17,0.4,19000,"bu","14:26:36",13551200
17,0.4,1000,"bu","14:26:35",13532200
17,0.4,1000,"bu","14:26:33",13531200
17,0.4,2000,"bu","14:26:15",13530200
17,0.4,30000,"bu","14:26:13",13528200
17,0.4,2000,"bu","14:26:12",13498200
17,0.4,10000,"bu","14:26:09",13496200
17,0.4,3000,"bu","14:26:03",13486200
17,0.4,400,"bu","14:25:59",13483200
16.95,0.35,10000,"sd","14:25:59",13482800
17,0.4,1300,"bu","14:25:55",13472800
17,0.4,5000,"bu","14:25:54",13471500
17,0.4,800,"bu","14:25:51",13466500
17,0.4,2000,"bu","14:25:50",13465700
17,0.4,2000,"bu","14:25:47",13463700
17,0.4,900,"bu","14:25:42",13461700
17,0.4,2000,"bu","14:25:40",13460800
17,0.4,50000,"bu","14:25:39",13458800
17,0.4,7000,"bu","14:25:37",13408800
17,0.4,200,"bu","14:25:33",13401800
17,0.4,7700,"sd","14:25:32",13401600
17,0.4,8000,"sd","14:25:31",13393900
17,0.4,34400,"bu","14:25:29",13385900
17,0.4,10000,"bu","14:25:21",13351500
17,0.4,100,"bu","14:25:20",13341500
17,0.4,8000,"sd","14:25:14",13341400
17,0.4,6900,"sd","14:25:13",13333400
17,0.4,3100,"sd","14:25:13",13326500
17,0.4,6200,"sd","14:25:10",13323400
17,0.4,12000,"sd","14:25:09",13317200
17,0.4,800,"sd","14:25:08",13305200
17,0.4,3900,"sd","14:25:07",13304400
17,0.4,1000,"sd","14:25:07",13300500
17,0.4,1000,"sd","14:25:06",13299500
17,0.4,2000,"sd","14:25:06",13298500
17,0.4,5100,"bu","14:25:05",13296500
17,0.4,95100,"sd","14:25:04",13291400
17,0.4,200,"sd","14:25:00",13196300
17,0.4,5700,"sd","14:24:57",13196100
17,0.4,2000,"sd","14:24:55",13190400
17,0.4,1700,"sd","14:24:53",13188400
17,0.4,2700,"sd","14:24:51",13186700
17,0.4,3100,"sd","14:24:49",13184000
17,0.4,3000,"sd","14:24:47",13180900
17,0.4,5200,"sd","14:24:38",13177900
17,0.4,5000,"sd","14:24:37",13172700
17,0.4,10000,"sd","14:24:35",13167700
17,0.4,200,"sd","14:24:33",13157700
17,0.4,15500,"sd","14:24:32",13157500
17,0.4,500,"sd","14:24:27",13142000
17,0.4,500,"sd","14:24:26",13141500
17,0.4,200,"sd","14:24:25",13141000
17,0.4,5000,"sd","14:24:22",13140800
17,0.4,10000,"sd","14:24:22",13135800
17,0.4,5000,"sd","14:24:19",13125800
17,0.4,3000,"sd","14:24:19",13120800
17,0.4,500,"sd","14:24:18",13117800
17,0.4,500,"sd","14:24:15",13117300
17,0.4,29500,"sd","14:24:14",13116800
17,0.4,100,"sd","14:24:02",13087300
17.05,0.45,200,"bu","14:24:00",13087200
17,0.4,10500,"sd","14:23:55",13087000
17,0.4,7000,"sd","14:23:53",13076500
17,0.4,20000,"sd","14:23:52",13069500
17,0.4,200,"sd","14:23:51",13049500
17,0.4,18000,"sd","14:23:46",13049300
17,0.4,6000,"sd","14:23:43",13031300
17,0.4,400,"sd","14:23:41",13025300
17,0.4,500,"sd","14:23:31",13024900
17,0.4,5000,"sd","14:23:27",13024400
17,0.4,1000,"sd","14:23:24",13019400
17,0.4,20000,"sd","14:23:10",13018400
17,0.4,200,"sd","14:23:05",12998400
17,0.4,300,"sd","14:23:03",12998200
17,0.4,2000,"sd","14:23:00",12997900
17,0.4,600,"sd","14:22:56",12995900
17,0.4,10000,"sd","14:22:52",12995300
17,0.4,500,"sd","14:22:51",12985300
17,0.4,45800,"sd","14:22:44",12984800
17.05,0.45,200,"bu","14:22:44",12939000
17,0.4,200,"sd","14:22:36",12938800
17,0.4,100,"sd","14:22:35",12938600
17,0.4,1000,"sd","14:22:32",12938500
17,0.4,5000,"sd","14:22:32",12937500
17,0.4,2000,"sd","14:22:29",12932500
17.05,0.45,1000,"bu","14:22:28",12930500
17,0.4,4500,"sd","14:22:23",12929500
17,0.4,1000,"sd","14:22:21",12925000
17,0.4,200,"sd","14:22:15",12924000
17,0.4,2000,"sd","14:22:14",12923800
17.05,0.45,100,"bu","14:22:07",12921800
17,0.4,100,"sd","14:22:04",12921700
17,0.4,100,"sd","14:21:55",12921600
17,0.4,9000,"sd","14:21:55",12921500
17,0.4,100,"sd","14:21:53",12912500
17,0.4,400,"sd","14:21:53",12912400
17,0.4,300,"sd","14:21:51",12912000
17,0.4,200,"sd","14:21:50",12911700
17,0.4,1000,"sd","14:21:47",12911500
17,0.4,900,"sd","14:21:46",12910500
17,0.4,2500,"sd","14:21:46",12909600
17,0.4,400,"sd","14:21:42",12907100
17,0.4,8800,"sd","14:21:36",12906700
17,0.4,500,"sd","14:21:31",12897900
17.05,0.45,3100,"bu","14:21:31",12897400
17,0.4,100,"sd","14:21:28",12894300
17,0.4,10000,"sd","14:21:15",12894200
17,0.4,5000,"sd","14:21:08",12884200
17,0.4,50000,"sd","14:21:07",12879200
17,0.4,3600,"sd","14:21:02",12829200
17,0.4,2000,"sd","14:20:56",12825600
17,0.4,1000,"sd","14:20:52",12823600
17.05,0.45,500,"bu","14:20:51",12822600
17,0.4,1000,"sd","14:20:50",12822100
17,0.4,300,"sd","14:20:48",12821100
17,0.4,500,"sd","14:20:33",12820800
17,0.4,1000,"sd","14:20:29",12820300
17,0.4,300,"sd","14:20:26",12819300
17,0.4,1000,"sd","14:20:22",12819000
17,0.4,3000,"sd","14:20:22",12818000
17,0.4,1000,"sd","14:20:21",12815000
17,0.4,500,"sd","14:20:18",12814000
17,0.4,1000,"sd","14:20:15",12813500
17,0.4,8000,"sd","14:20:10",12812500
17,0.4,15300,"bu","14:20:08",12804500
17,0.4,300,"bu","14:20:06",12789200
17,0.4,3500,"bu","14:20:04",12788900
17,0.4,5000,"bu","14:20:02",12785400
17,0.4,10000,"bu","14:20:01",12780400
17,0.4,300,"bu","14:20:00",12770400
17,0.4,15000,"bu","14:19:57",12770100
17,0.4,500,"bu","14:19:55",12755100
17,0.4,500,"bu","14:19:54",12754600
17,0.4,3000,"bu","14:19:51",12754100
17,0.4,10000,"bu","14:19:49",12751100
17,0.4,7500,"bu","14:19:46",12741100
17,0.4,1000,"bu","14:19:41",12733600
17,0.4,2000,"bu","14:19:40",12732600
17,0.4,100,"bu","14:19:39",12730600
17,0.4,600,"bu","14:19:39",12730500
17,0.4,500,"bu","14:19:32",12729900
17,0.4,37100,"sd","14:19:30",12729400
17,0.4,5000,"sd","14:19:26",12692300
17,0.4,19600,"bu","14:19:23",12687300
17,0.4,300,"bu","14:19:23",12667700
17,0.4,3000,"bu","14:19:21",12667400
17,0.4,3000,"bu","14:19:19",12664400
17,0.4,5000,"bu","14:19:19",12661400
17,0.4,500,"bu","14:19:14",12656400
17,0.4,50000,"bu","14:19:12",12655900
17,0.4,500,"bu","14:19:10",12605900
17,0.4,800,"bu","14:19:08",12605400
17,0.4,500,"bu","14:19:07",12604600
17,0.4,1000,"bu","14:19:05",12604100
17,0.4,100,"bu","14:19:00",12603100
17,0.4,200,"bu","14:18:57",12603000
17,0.4,100,"bu","14:18:56",12602800
17,0.4,900,"sd","14:18:54",12602700
17,0.4,1000,"sd","14:18:50",12601800
17,0.4,10100,"sd","14:18:46",12600800
17,0.4,100,"sd","14:18:44",12590700
17,0.4,11500,"sd","14:18:40",12590600
17,0.4,1000,"sd","14:18:36",12579100
17,0.4,1000,"sd","14:18:36",12578100
17,0.4,200,"sd","14:18:35",12577100
17,0.4,100,"sd","14:18:33",12576900
17,0.4,15000,"sd","14:18:31",12576800
17,0.4,5000,"sd","14:18:28",12561800
17,0.4,100,"sd","14:18:26",12556800
17,0.4,1600,"sd","14:18:24",12556700
17,0.4,5000,"sd","14:18:24",12555100
17.05,0.45,100,"bu","14:18:24",12550100
17.05,0.45,1800,"bu","14:18:23",12550000
17,0.4,10000,"sd","14:18:22",12548200
17,0.4,200,"sd","14:18:20",12538200
17,0.4,200,"sd","14:18:17",12538000
17,0.4,1000,"sd","14:18:13",12537800
17,0.4,500,"sd","14:18:12",12536800
17,0.4,10000,"sd","14:18:07",12536300
17,0.4,100,"sd","14:17:59",12526300
17,0.4,200,"sd","14:17:58",12526200
17,0.4,1500,"sd","14:17:56",12526000
17,0.4,200,"sd","14:17:55",12524500
17,0.4,5000,"sd","14:17:48",12524300
17,0.4,100,"sd","14:17:43",12519300
17,0.4,2000,"sd","14:17:32",12519200
17,0.4,5000,"sd","14:17:31",12517200
17,0.4,400,"sd","14:17:21",12512200
17.05,0.45,30000,"bu","14:17:20",12511800
17,0.4,100,"sd","14:17:19",12481800
17,0.4,100,"sd","14:17:16",12481700
17,0.4,11000,"sd","14:17:15",12481600
17,0.4,2800,"sd","14:17:13",12470600
17,0.4,300,"sd","14:17:12",12467800
17,0.4,1000,"sd","14:17:09",12467500
17,0.4,100,"sd","14:17:07",12466500
17,0.4,300,"bu","14:17:01",12466400
17,0.4,300,"sd","14:16:59",12466100
17,0.4,500,"sd","14:16:57",12464000
17,0.4,8200,"bu","14:16:56",12463500
17,0.4,400,"bu","14:16:55",12455300
17,0.4,4400,"sd","14:16:55",12454900
17,0.4,100,"sd","14:16:52",12450500
17,0.4,700,"sd","14:16:51",12450400
17,0.4,100,"sd","14:16:49",12449700
17,0.4,2000,"sd","14:16:48",12449600
17,0.4,2000,"sd","14:16:46",12447600
17,0.4,2500,"sd","14:16:44",12445600
17,0.4,20000,"sd","14:16:40",12443100
17,0.4,4000,"sd","14:16:39",12423100
17,0.4,6000,"sd","14:16:37",12419100
17,0.4,500,"sd","14:16:35",12413100
17,0.4,3000,"sd","14:16:32",12412600
17,0.4,500,"sd","14:16:27",12409600
17,0.4,7000,"sd","14:16:18",12409100
17,0.4,1000,"sd","14:16:17",12402100
17,0.4,500,"sd","14:16:13",12401100
17,0.4,2000,"sd","14:16:13",12400600
17,0.4,9500,"bu","14:16:09",12398600
17,0.4,2000,"bu","14:16:08",12389100
17,0.4,5000,"bu","14:16:07",12387100
17,0.4,300,"bu","14:16:07",12382100
17,0.4,1500,"bu","14:16:06",12381800
17,0.4,200500,"bu","14:16:05",12380300
17,0.4,4000,"bu","14:15:59",12179800
17,0.4,100,"bu","14:15:55",12175800
17,0.4,10000,"bu","14:15:51",12175700
17,0.4,7000,"bu","14:15:47",12165700
17,0.4,1000,"bu","14:15:41",12158700
17,0.4,2000,"bu","14:15:36",12157700
16.95,0.35,800,"sd","14:15:24",12155700
16.95,0.35,200,"sd","14:14:45",12154900
17,0.4,400,"bu","14:14:37",12154700
17,0.4,500,"bu","14:14:31",12154300
17,0.4,2000,"bu","14:14:30",12153800
17,0.4,1300,"bu","14:14:15",12151800
17,0.4,300,"bu","14:14:12",12150500
17,0.4,500,"bu","14:14:09",12150200
17,0.4,3600,"bu","14:14:03",12149700
17,0.4,5000,"bu","14:14:02",12146100
17,0.4,14000,"bu","14:14:00",12141100
17,0.4,100,"bu","14:13:59",12127100
17,0.4,21000,"bu","14:13:58",12127000
16.95,0.35,1000,"sd","14:13:57",12106000
17,0.4,2000,"bu","14:13:54",12105000
17,0.4,500,"bu","14:13:52",12103000
17,0.4,700,"bu","14:13:51",12102500
17,0.4,1000,"bu","14:13:50",12101800
17,0.4,100,"bu","14:13:49",12100800
17,0.4,6000,"bu","14:13:49",12100700
17,0.4,1000,"bu","14:13:48",12094700
17,0.4,100,"bu","14:13:47",12093700
17,0.4,300,"bu","14:13:47",12093600
17,0.4,28700,"bu","14:13:45",12093300
17,0.4,200,"bu","14:13:44",12064600
17,0.4,100,"bu","14:13:43",12064400
17,0.4,1000,"bu","14:13:40",12064300
17,0.4,1000,"bu","14:13:39",12063300
17,0.4,200,"bu","14:13:29",12062300
17,0.4,50000,"bu","14:13:29",12062100
17,0.4,25000,"bu","14:13:28",12012100
17,0.4,800,"bu","14:13:27",11987100
17,0.4,5000,"bu","14:13:19",11986300
17,0.4,133800,"bu","14:13:16",11981300
17,0.4,100,"bu","14:13:14",11847500
17,0.4,20000,"bu","14:13:11",11847400
17,0.4,1000,"bu","14:13:09",11827400
17,0.4,2000,"bu","14:13:06",11826400
17,0.4,500,"bu","14:13:05",11824400
17,0.4,7100,"bu","14:12:57",11823900
17,0.4,3600,"bu","14:12:56",11816800
17,0.4,900,"bu","14:12:50",11813200
16.95,0.35,2000,"sd","14:12:45",11812300
17,0.4,5500,"bu","14:12:44",11810300
17,0.4,1000,"bu","14:12:41",11804800
17,0.4,300,"bu","14:12:08",11803800
17,0.4,5000,"bu","14:12:06",11803500
17,0.4,400,"bu","14:12:05",11798500
16.95,0.35,1300,"sd","14:12:03",11798100
17,0.4,5000,"bu","14:11:52",11796800
17,0.4,1000,"bu","14:11:51",11791800
17,0.4,100,"bu","14:11:48",11790800
17,0.4,1400,"bu","14:11:48",11790700
17,0.4,100,"bu","14:11:47",11789300
17,0.4,1500,"bu","14:11:46",11789200
17,0.4,100,"bu","14:11:45",11787700
17,0.4,1900,"bu","14:11:43",11787600
17,0.4,100,"bu","14:11:42",11785700
17,0.4,6000,"bu","14:11:41",11785600
17,0.4,10000,"bu","14:11:40",11779600
17,0.4,1000,"bu","14:11:38",11769600
17,0.4,7500,"bu","14:11:36",11768600
17,0.4,300,"bu","14:11:34",11761100
17,0.4,500,"bu","14:11:31",11760800
17,0.4,100,"bu","14:11:27",11760300
17,0.4,100,"bu","14:11:25",11760200
17,0.4,1000,"bu","14:11:24",11760100
17,0.4,100,"bu","14:11:23",11759100
17,0.4,500,"bu","14:11:20",11759000
17,0.4,2800,"bu","14:11:10",11758500
17,0.4,100,"bu","14:11:09",11755700
17,0.4,10000,"bu","14:11:05",11755600
17,0.4,1000,"bu","14:11:04",11745600
17,0.4,500,"bu","14:11:01",11744600
17,0.4,100,"bu","14:10:58",11744100
17,0.4,200,"bu","14:10:57",11744000
17,0.4,200,"sd","14:10:56",11743800
17,0.4,50000,"sd","14:10:55",11743600
17,0.4,2100,"sd","14:10:55",11693600
17,0.4,5000,"sd","14:10:54",11691500
17,0.4,5300,"sd","14:10:53",11686500
17,0.4,4200,"sd","14:10:52",11681200
17,0.4,900,"sd","14:10:51",11677000
17,0.4,17600,"sd","14:10:51",11676100
17,0.4,6000,"sd","14:10:50",11658500
17,0.4,100,"sd","14:10:48",11652500
17,0.4,2500,"sd","14:10:48",11652400
17,0.4,2000,"sd","14:10:47",11649900
17,0.4,300,"sd","14:10:46",11647900
17,0.4,1000,"sd","14:10:44",11647600
17,0.4,1000,"sd","14:10:43",11646600
17,0.4,26600,"sd","14:10:41",11645600
17,0.4,4500,"sd","14:10:39",11619000
17,0.4,5000,"sd","14:10:39",11614500
17,0.4,26000,"sd","14:10:36",11609500
17,0.4,200,"sd","14:10:34",11583500
17,0.4,500,"sd","14:10:34",11583300
17,0.4,100,"sd","14:10:32",11582800
17,0.4,2000,"sd","14:10:31",11582700
17,0.4,1000,"sd","14:10:30",11580700
17,0.4,5100,"sd","14:10:27",11579700
17,0.4,4600,"sd","14:10:26",11574600
17,0.4,10000,"sd","14:10:25",11570000
17,0.4,500,"sd","14:10:23",11560000
17,0.4,500,"sd","14:10:22",11559500
17,0.4,100,"sd","14:10:18",11559000
17,0.4,2200,"sd","14:10:17",11558900
17,0.4,2000,"sd","14:10:15",11556700
17,0.4,22000,"sd","14:10:13",11554700
17,0.4,1000,"sd","14:10:12",11532700
17,0.4,1500,"sd","14:10:11",11531700
17,0.4,1400,"sd","14:10:10",11530200
17,0.4,100,"sd","14:10:09",11528800
17,0.4,200,"sd","14:10:08",11528700
17,0.4,1000,"sd","14:10:07",11528500
17,0.4,4900,"sd","14:10:06",11527500
17,0.4,100,"sd","14:10:03",11522600
17,0.4,1000,"sd","14:10:00",11522500
17,0.4,500,"sd","14:09:57",11521500
17,0.4,600,"sd","14:09:55",11521000
17,0.4,2000,"sd","14:09:54",11520400
17,0.4,400,"sd","14:09:53",11518400
17,0.4,100,"sd","14:09:45",11518000
17,0.4,1500,"sd","14:09:43",11517900
17,0.4,500,"sd","14:09:42",11516400
17,0.4,10100,"sd","14:09:40",11515900
17,0.4,5500,"sd","14:09:39",11505800
17,0.4,100,"sd","14:09:33",11500300
17,0.4,3000,"sd","14:09:28",11500200
17,0.4,3000,"sd","14:09:19",11497200
17,0.4,500,"sd","14:09:19",11494200
17,0.4,3000,"sd","14:09:18",11493700
17,0.4,1000,"sd","14:09:17",11490700
17,0.4,100,"sd","14:09:04",11489700
17,0.4,100,"sd","14:08:58",11489600
17,0.4,200,"sd","14:08:55",11489500
17,0.4,3500,"sd","14:08:53",11489300
17,0.4,100,"sd","14:08:52",11485800
17,0.4,100,"sd","14:08:49",11485700
17,0.4,200,"sd","14:08:45",11485600
17,0.4,500,"sd","14:08:41",11485400
17,0.4,400,"sd","14:08:41",11484900
17,0.4,300,"sd","14:08:40",11484500
17,0.4,600,"sd","14:08:39",11484200
17,0.4,1000,"sd","14:08:36",11483600
17,0.4,300,"sd","14:08:32",11482600
17.05,0.45,100,"bu","14:08:31",11482300
17,0.4,1100,"sd","14:08:30",11482200
17,0.4,1100,"sd","14:08:28",11481100
17,0.4,100,"sd","14:08:27",11480000
17,0.4,100,"sd","14:08:22",11479900
17,0.4,100,"sd","14:08:19",11479800
17,0.4,500,"sd","14:08:17",11479700
17,0.4,1600,"sd","14:08:16",11479200
17,0.4,500,"sd","14:08:14",11477600
17,0.4,200,"sd","14:08:13",11477100
17,0.4,283100,"bu","14:08:12",11476900
16.95,0.35,39000,"bu","14:08:12",11193800
16.95,0.35,700,"bu","14:08:02",11154800
16.95,0.35,10000,"bu","14:08:02",11154100
16.95,0.35,1300,"bu","14:07:58",11144100
16.95,0.35,1000,"bu","14:07:56",11142800
16.95,0.35,400,"bu","14:07:51",11141800
16.95,0.35,1000,"bu","14:07:50",11141400
16.95,0.35,100,"bu","14:07:44",11140400
16.95,0.35,100,"bu","14:07:43",11140300
16.95,0.35,500,"bu","14:07:38",11140200
16.95,0.35,100,"bu","14:07:30",11139700
16.95,0.35,1000,"bu","14:07:28",11139600
16.95,0.35,500,"bu","14:07:27",11138600
16.95,0.35,100,"bu","14:07:23",11138100
16.95,0.35,2500,"sd","14:07:22",11138000
16.95,0.35,1300,"sd","14:07:21",11135500
16.95,0.35,5100,"sd","14:07:19",11134200
16.95,0.35,1700,"sd","14:07:18",11129100
16.95,0.35,1000,"sd","14:07:16",11127400
16.95,0.35,500,"sd","14:07:15",11126400
16.95,0.35,100,"sd","14:07:14",11125900
16.95,0.35,300,"sd","14:07:12",11125800
16.95,0.35,8000,"sd","14:07:08",11125500
16.95,0.35,3000,"sd","14:07:06",11117500
16.95,0.35,4000,"sd","14:07:05",11114500
16.95,0.35,1000,"sd","14:07:04",11110500
16.95,0.35,700,"sd","14:07:01",11109500
16.95,0.35,100,"sd","14:06:58",11108800
16.95,0.35,200,"sd","14:06:57",11108700
16.95,0.35,5000,"sd","14:06:56",11108500
17,0.4,400,"bu","14:06:56",11103500
16.95,0.35,300,"sd","14:06:54",11103100
16.95,0.35,200,"sd","14:06:52",11102800
16.95,0.35,800,"sd","14:06:51",11102600
16.95,0.35,100,"sd","14:06:48",11101800
16.95,0.35,2100,"sd","14:06:48",11101700
16.95,0.35,2100,"sd","14:06:46",11099600
16.95,0.35,1000,"sd","14:06:45",11097500
16.95,0.35,7500,"sd","14:06:44",11096500
16.95,0.35,100,"sd","14:06:42",11089000
16.95,0.35,500,"sd","14:06:41",11088900
17,0.4,500,"bu","14:06:41",11088400
16.95,0.35,5000,"sd","14:06:41",11087900
16.95,0.35,200,"sd","14:06:40",11082900
16.95,0.35,10000,"sd","14:06:39",11082700
16.95,0.35,1300,"sd","14:06:37",11072700
16.95,0.35,100,"sd","14:06:36",11071400
16.95,0.35,300,"sd","14:06:34",11071300
17,0.4,100,"bu","14:06:31",11071000
16.95,0.35,1000,"sd","14:06:31",11070900
16.95,0.35,100,"sd","14:06:29",11069900
16.95,0.35,5000,"sd","14:06:28",11069800
17,0.4,5000,"bu","14:06:25",11064800
16.95,0.35,1000,"sd","14:06:24",11059800
16.95,0.35,1000,"sd","14:06:23",11058800
17,0.4,12300,"bu","14:06:23",11057800
17,0.4,800,"bu","14:06:23",11045500
16.95,0.35,700,"sd","14:06:22",11044700
16.95,0.35,1000,"sd","14:06:21",11044000
16.95,0.35,1000,"sd","14:06:20",11043000
16.95,0.35,3600,"sd","14:06:19",11042000
16.95,0.35,2000,"sd","14:06:15",11038400
16.95,0.35,400,"sd","14:06:13",11036400
16.95,0.35,11100,"sd","14:06:13",11036000
16.95,0.35,400,"sd","14:06:12",11024900
16.95,0.35,500,"sd","14:06:11",11024500
16.95,0.35,5000,"sd","14:06:10",11024000
16.95,0.35,1000,"sd","14:06:05",11019000
17,0.4,5000,"bu","14:06:03",11018000
16.95,0.35,200,"sd","14:06:01",11013000
16.95,0.35,10000,"sd","14:05:52",11012800
17,0.4,2000,"bu","14:05:52",11002800
17,0.4,2900,"bu","14:05:49",11000800
17,0.4,1500,"bu","14:05:45",10997900
16.95,0.35,1000,"sd","14:05:44",10996400
17,0.4,200,"bu","14:05:41",10995400
17,0.4,20000,"bu","14:05:40",10995200
17,0.4,300,"bu","14:05:39",10975200
17,0.4,100,"bu","14:05:38",10974900
17,0.4,17600,"bu","14:05:30",10974800
16.95,0.35,100,"sd","14:05:26",10957200
17,0.4,200,"bu","14:05:24",10957100
17,0.4,4000,"bu","14:05:23",10956900
17,0.4,1000,"bu","14:05:13",10952900
16.95,0.35,10000,"sd","14:05:09",10951900
17,0.4,500,"bu","14:05:08",10941900
16.95,0.35,2000,"sd","14:05:05",10941400
17,0.4,800,"bu","14:05:03",10939400
16.95,0.35,1000,"sd","14:05:03",10938600
16.95,0.35,200,"sd","14:05:00",10937600
17,0.4,700,"bu","14:05:00",10937400
17,0.4,3500,"bu","14:04:55",10936700
17,0.4,5000,"bu","14:04:52",10933200
17,0.4,200,"bu","14:04:49",10928200
17,0.4,300,"bu","14:04:47",10928000
16.95,0.35,2000,"sd","14:04:46",10927700
17,0.4,10000,"bu","14:04:45",10925700
17,0.4,100,"bu","14:04:40",10915700
16.95,0.35,1000,"sd","14:04:37",10915600
16.95,0.35,100,"sd","14:04:37",10914600
17,0.4,200,"bu","14:04:32",10914500
17,0.4,2000,"bu","14:04:28",10914300
17,0.4,100,"bu","14:04:27",10912300
16.95,0.35,1500,"sd","14:04:24",10912200
17,0.4,200,"bu","14:04:24",10910700
17,0.4,4000,"bu","14:04:19",10910500
16.95,0.35,2000,"sd","14:04:19",10906500
16.95,0.35,1000,"sd","14:04:14",10904500
17,0.4,1000,"bu","14:04:08",10903500
17,0.4,3000,"bu","14:04:07",10902500
16.95,0.35,1500,"sd","14:03:52",10899500
17,0.4,5000,"bu","14:03:50",10898000
17,0.4,2000,"bu","14:03:47",10893000
16.95,0.35,100,"sd","14:03:47",10891000
17,0.4,200,"bu","14:03:47",10890900
17,0.4,8400,"sd","14:03:33",10890700
17,0.4,7100,"sd","14:03:32",10882300
17,0.4,14900,"sd","14:03:31",10875200
17,0.4,2100,"sd","14:03:31",10860300
17,0.4,4900,"sd","14:03:30",10858200
17,0.4,200,"sd","14:03:28",10853300
17.05,0.45,20000,"bu","14:03:27",10853100
17,0.4,1000,"sd","14:03:27",10833100
17,0.4,1200,"sd","14:03:26",10832100
17,0.4,3000,"sd","14:03:25",10830900
17,0.4,16400,"sd","14:03:24",10827900
17,0.4,500,"sd","14:03:23",10811500
17,0.4,11600,"sd","14:03:22",10811000
17,0.4,10200,"sd","14:03:21",10799400
17,0.4,9900,"sd","14:03:20",10789200
17,0.4,20500,"sd","14:03:19",10779300
17,0.4,100,"sd","14:03:18",10758800
17,0.4,200,"sd","14:03:15",10758700
17,0.4,1100,"sd","14:03:13",10758500
17,0.4,4000,"sd","14:03:10",10757400
17,0.4,500,"sd","14:03:09",10753400
17,0.4,5100,"sd","14:03:07",10752900
17.05,0.45,14700,"bu","14:03:07",10747800
17,0.4,8000,"sd","14:03:06",10733100
17,0.4,1000,"sd","14:03:04",10725100
17,0.4,6400,"sd","14:03:02",10724100
17,0.4,10000,"sd","14:03:00",10717700
17.05,0.45,1000,"bu","14:02:58",10707700
17,0.4,200,"sd","14:02:55",10706700
17.05,0.45,1100,"bu","14:02:52",10706500
17,0.4,600,"sd","14:02:52",10705400
17.05,0.45,800,"bu","14:02:51",10704800
17,0.4,500,"sd","14:02:45",10704000
17.05,0.45,500,"bu","14:02:44",10703500
17.05,0.45,1000,"bu","14:02:43",10703000
17.05,0.45,5000,"bu","14:02:42",10702000
17.05,0.45,2900,"sd","14:02:41",10697000
17.05,0.45,100,"sd","14:02:40",10694100
17.05,0.45,2000,"sd","14:02:40",10694000
17.05,0.45,300,"sd","14:02:39",10692000
17.05,0.45,20100,"sd","14:02:39",10691700
17.05,0.45,12000,"sd","14:02:38",10671600
17.05,0.45,3500,"sd","14:02:38",10659600
17.05,0.45,200,"sd","14:02:37",10656100
17.05,0.45,10000,"sd","14:02:36",10655900
17.05,0.45,25700,"sd","14:02:36",10645900
17.05,0.45,4000,"sd","14:02:35",10620200
17.05,0.45,5100,"sd","14:02:35",10616200
17.05,0.45,8800,"sd","14:02:34",10611100
17.05,0.45,1100,"sd","14:02:33",10602300
17.05,0.45,7000,"sd","14:02:33",10601200
17.05,0.45,5000,"sd","14:02:32",10594200
17.05,0.45,9000,"sd","14:02:31",10589200
17.05,0.45,5000,"sd","14:02:29",10580200
17.05,0.45,1000,"sd","14:02:29",10575200
17.05,0.45,15000,"sd","14:02:28",10574200
17.1,0.5,100,"bu","14:02:27",10559200
17.05,0.45,100,"sd","14:02:26",10559100
17.05,0.45,52200,"sd","14:02:26",10559000
17.1,0.5,400,"bu","14:02:21",10506800
17.05,0.45,1100,"sd","14:02:18",10506400
17.1,0.5,500,"bu","14:02:17",10505300
17.1,0.5,3800,"bu","14:02:16",10504800
17.1,0.5,2000,"bu","14:02:16",10501000
17.1,0.5,1500,"bu","14:02:14",10499000
17.1,0.5,3300,"bu","14:02:12",10497500
17.1,0.5,1000,"bu","14:02:09",10494200
17.05,0.45,35000,"sd","14:02:09",10493200
17.1,0.5,1500,"bu","14:02:07",10458200
17.1,0.5,5000,"bu","14:02:03",10456700
17.1,0.5,500,"bu","14:01:57",10451700
17.05,0.45,200,"sd","14:01:57",10451200
17.05,0.45,200,"sd","14:01:54",10451000
17.1,0.5,500,"bu","14:01:52",10450800
17.05,0.45,200,"sd","14:01:49",10450300
17.1,0.5,2000,"bu","14:01:48",10450100
17.1,0.5,3900,"bu","14:01:47",10448100
17.05,0.45,2000,"sd","14:01:45",10444200
17.1,0.5,2900,"bu","14:01:45",10442200
17.1,0.5,100,"bu","14:01:45",10439300
17.1,0.5,1000,"bu","14:01:42",10439200
17.1,0.5,100,"bu","14:01:41",10438200
17.1,0.5,400,"bu","14:01:38",10438100
17.1,0.5,10000,"bu","14:01:37",10437700
17.1,0.5,7000,"bu","14:01:35",10427700
17.1,0.5,20000,"bu","14:01:34",10420700
17.05,0.45,100,"sd","14:01:34",10400700
17.05,0.45,1800,"sd","14:01:33",10400600
17.1,0.5,1200,"bu","14:01:33",10398800
17.1,0.5,15400,"bu","14:01:33",10397600
17.1,0.5,1500,"bu","14:01:29",10382200
17.1,0.5,400,"bu","14:01:25",10380700
17.05,0.45,500,"sd","14:01:23",10380300
17.05,0.45,600,"sd","14:01:20",10379800
17.1,0.5,5000,"bu","14:01:19",10379200
17.05,0.45,500,"sd","14:01:19",10374200
17.05,0.45,100,"sd","14:01:18",10373700
17.1,0.5,3000,"bu","14:01:16",10373600
17.05,0.45,1000,"sd","14:01:15",10370600
17.1,0.5,900,"bu","14:01:14",10369600
17.05,0.45,100,"sd","14:01:12",10368700
17.05,0.45,100,"sd","14:01:10",10368600
17.05,0.45,5100,"sd","14:01:09",10368500
17.05,0.45,27500,"bu","14:01:07",10363400
17.05,0.45,100,"bu","14:01:06",10335900
17,0.4,100,"sd","14:01:06",10335800
17.05,0.45,2500,"bu","14:01:06",10335700
17.05,0.45,1000,"bu","14:01:05",10333200
17.05,0.45,100,"bu","14:01:04",10332200
17.05,0.45,500,"bu","14:01:03",10332100
17,0.4,100,"sd","14:01:02",10331600
17.05,0.45,4500,"bu","14:01:01",10331500
17,0.4,1000,"sd","14:01:00",10327000
17.05,0.45,1800,"bu","14:00:58",10326000
17,0.4,100,"sd","14:00:57",10324200
17.05,0.45,2000,"bu","14:00:56",10324100
17,0.4,100,"sd","14:00:55",10322100
17.05,0.45,10000,"bu","14:00:55",10322000
17,0.4,1500,"sd","14:00:55",10312000
17.05,0.45,12100,"bu","14:00:55",10310500
17.05,0.45,17900,"bu","14:00:54",10298400
17,0.4,4500,"sd","14:00:53",10280500
17,0.4,10000,"sd","14:00:52",10276000
17,0.4,100,"sd","14:00:51",10266000
17,0.4,6800,"bu","14:00:50",10265900
17,0.4,64600,"bu","14:00:50",10259100
17,0.4,3500,"bu","14:00:49",10194500
16.95,0.35,300,"sd","14:00:49",10191000
17,0.4,100,"bu","14:00:48",10190700
17,0.4,200,"bu","14:00:47",10190600
17,0.4,150000,"bu","14:00:46",10190400
17,0.4,4000,"bu","14:00:46",10040400
17,0.4,3400,"bu","14:00:45",10036400
17,0.4,1700,"bu","14:00:43",10033000
17,0.4,3000,"bu","14:00:42",10031300
17,0.4,500000,"bu","14:00:38",10028300
16.95,0.35,500,"sd","14:00:36",9528300
17,0.4,8000,"bu","14:00:34",9527800
16.95,0.35,500,"sd","14:00:34",9519800
17,0.4,6000,"bu","14:00:33",9519300
16.95,0.35,200,"sd","14:00:33",9513300
17,0.4,100,"bu","14:00:32",9513100
16.95,0.35,10000,"sd","14:00:32",9513000
17,0.4,500,"bu","14:00:31",9503000
17,0.4,1900,"bu","14:00:26",9502500
17,0.4,1000,"bu","14:00:26",9500600
16.95,0.35,5200,"sd","14:00:23",9499600
16.95,0.35,100,"sd","14:00:17",9494400
16.95,0.35,500,"sd","14:00:13",9494300
16.95,0.35,1000,"sd","14:00:09",9493800
17,0.4,5000,"bu","14:00:08",9492800
16.95,0.35,2600,"sd","14:00:05",9487800
17,0.4,1000,"bu","14:00:04",9485200
16.95,0.35,14700,"bu","14:00:03",9484200
16.95,0.35,1500,"bu","14:00:02",9469500
16.95,0.35,1100,"bu","14:00:01",9468000
16.95,0.35,1000,"bu","14:00:00",9466900
16.95,0.35,7000,"bu","14:00:00",9465900
16.95,0.35,54300,"bu","13:59:59",9458900
16.95,0.35,5000,"bu","13:59:59",9404600
16.95,0.35,3400,"bu","13:59:58",9399600
16.95,0.35,11300,"bu","13:59:57",9396200
16.95,0.35,2100,"bu","13:59:56",9384900
16.95,0.35,12000,"bu","13:59:55",9382800
16.95,0.35,4900,"bu","13:59:53",9370700
16.9,0.3,17000,"sd","13:59:53",9365800
16.95,0.35,3500,"bu","13:59:53",9348800
16.95,0.35,139000,"bu","13:59:52",9345300
16.95,0.35,4100,"bu","13:59:51",9206300
16.95,0.35,100,"bu","13:59:50",9202200
16.95,0.35,63000,"bu","13:59:48",9202100
16.95,0.35,2500,"bu","13:59:48",9139100
16.95,0.35,6900,"bu","13:59:47",9136600
16.9,0.3,500,"sd","13:59:46",9129700
16.95,0.35,1500,"bu","13:59:45",9129200
16.95,0.35,6000,"bu","13:59:43",9127700
16.95,0.35,1000,"bu","13:59:42",9121700
16.95,0.35,2300,"bu","13:59:39",9120700
16.95,0.35,3000,"bu","13:59:38",9118400
16.95,0.35,1200,"bu","13:59:37",9115400
16.9,0.3,500,"sd","13:59:37",9114200
16.95,0.35,70000,"bu","13:59:37",9113700
16.9,0.3,600,"sd","13:59:36",9043700
16.9,0.3,100,"sd","13:59:31",9043100
16.9,0.3,24900,"bu","13:59:26",9043000
16.9,0.3,1200,"bu","13:59:26",9018100
16.9,0.3,77900,"bu","13:59:25",9016900
16.9,0.3,7900,"bu","13:59:25",8939000
16.9,0.3,1500,"bu","13:59:24",8931100
16.9,0.3,5000,"bu","13:59:23",8929600
16.9,0.3,23000,"bu","13:59:22",8924600
16.9,0.3,14600,"bu","13:59:21",8901600
16.9,0.3,7400,"bu","13:59:20",8887000
16.9,0.3,1100,"bu","13:59:19",8879600
16.9,0.3,50500,"bu","13:59:19",8878500
16.9,0.3,12900,"bu","13:59:18",8828000
16.9,0.3,7500,"bu","13:59:18",8815100
16.9,0.3,3000,"bu","13:59:17",8807600
16.9,0.3,195100,"bu","13:59:16",8804600
16.9,0.3,10000,"bu","13:59:16",8609500
16.9,0.3,10500,"bu","13:59:15",8599500
16.9,0.3,13100,"bu","13:59:14",8589000
16.9,0.3,10500,"bu","13:59:13",8575900
16.9,0.3,7000,"bu","13:59:12",8565400
16.9,0.3,22700,"bu","13:59:11",8558400
16.9,0.3,1100,"bu","13:59:10",8535700
16.9,0.3,5000,"bu","13:59:08",8534600
16.9,0.3,100,"bu","13:59:04",8529600
16.9,0.3,30000,"bu","13:59:02",8529500
16.9,0.3,2100,"bu","13:59:01",8499500
16.85,0.25,400,"sd","13:59:01",8497400
16.85,0.25,500,"sd","13:58:57",8497000
16.85,0.25,3000,"sd","13:58:55",8496500
16.85,0.25,1000,"sd","13:58:54",8493500
16.85,0.25,300,"bu","13:58:51",8492500
16.85,0.25,47000,"bu","13:58:50",8492200
16.85,0.25,7000,"bu","13:58:50",8445200
16.85,0.25,1500,"bu","13:58:49",8438200
16.85,0.25,26100,"bu","13:58:49",8436700
16.85,0.25,5000,"bu","13:58:46",7910600
16.85,0.25,21000,"bu","13:58:46",7905600
16.85,0.25,1000,"bu","13:58:45",7884600
16.85,0.25,120000,"bu","13:58:43",7883600
16.85,0.25,1000,"bu","13:58:42",7763600
16.85,0.25,9400,"bu","13:58:41",7762600
16.85,0.25,5000,"bu","13:58:38",7753200
16.85,0.25,3600,"bu","13:58:37",7748200
16.85,0.25,300,"bu","13:58:35",7744600
16.8,0.2,50000,"sd","13:58:34",7744300
16.85,0.25,2000,"bu","13:58:34",7694300
16.85,0.25,5000,"bu","13:58:33",7692300
16.85,0.25,2000,"bu","13:58:30",7687300
16.85,0.25,200,"bu","13:58:30",7685300
16.85,0.25,300,"bu","13:58:26",7685100
16.85,0.25,800,"bu","13:58:25",7684800
16.85,0.25,700,"bu","13:58:23",7684000
16.85,0.25,500,"bu","13:58:21",7683300
16.85,0.25,40000,"bu","13:58:19",7682800
16.85,0.25,10000,"bu","13:58:08",7642800
16.85,0.25,1000,"bu","13:58:08",7632800
16.85,0.25,1000,"bu","13:58:04",7631800
16.8,0.2,5000,"sd","13:58:01",7630800
16.85,0.25,2000,"bu","13:58:00",7625800
16.85,0.25,4000,"bu","13:57:52",7623800
16.8,0.2,10800,"bu","13:57:37",7619800
16.8,0.2,54900,"bu","13:57:36",7609000
16.8,0.2,10000,"bu","13:57:35",7554100
16.8,0.2,13000,"bu","13:57:34",7544100
16.8,0.2,10000,"bu","13:57:33",7531100
16.8,0.2,1000,"bu","13:57:31",7521100
16.8,0.2,2500,"bu","13:57:31",7520100
16.8,0.2,1100,"bu","13:57:30",7517600
16.8,0.2,56000,"bu","13:57:29",7516500
16.8,0.2,9200,"bu","13:57:28",7460500
16.8,0.2,7500,"bu","13:57:28",7451300
16.8,0.2,200,"bu","13:57:26",7443800
16.8,0.2,28800,"bu","13:57:25",7443600
16.8,0.2,1000,"bu","13:57:24",7414800
16.8,0.2,6400,"bu","13:57:21",7413800
16.8,0.2,1000,"bu","13:57:19",7407400
16.8,0.2,22200,"bu","13:57:18",7406400
16.8,0.2,2000,"bu","13:57:15",7384200
16.8,0.2,700,"bu","13:57:14",7382200
16.8,0.2,41000,"bu","13:57:12",7381500
16.8,0.2,300,"bu","13:57:09",7340500
16.8,0.2,1000,"bu","13:57:08",7340200
16.8,0.2,34500,"bu","13:57:04",7339200
16.8,0.2,3400,"bu","13:56:57",7304700
16.8,0.2,5000,"bu","13:56:54",7301300
16.75,0.15,5000,"bu","13:56:48",7296300
16.8,0.2,78300,"bu","13:56:47",7291300
16.75,0.15,124500,"bu","13:56:47",7213000
16.75,0.15,20000,"bu","13:56:46",7088500
16.75,0.15,12200,"bu","13:56:45",7068500
16.75,0.15,11000,"bu","13:56:44",7056300
16.75,0.15,9700,"bu","13:56:43",7045300
16.7,0.1,200,"sd","13:56:43",7035600
16.75,0.15,55100,"bu","13:56:42",7035400
16.75,0.15,7000,"bu","13:56:41",6980300
16.75,0.15,20000,"bu","13:56:40",6973300
16.75,0.15,10000,"bu","13:56:40",6953300
16.75,0.15,15000,"bu","13:56:39",6943300
16.75,0.15,300,"bu","13:56:38",6928300
16.75,0.15,3000,"bu","13:56:38",6928000
16.75,0.15,10000,"bu","13:56:33",6925000
16.75,0.15,500,"bu","13:56:33",6915000
16.75,0.15,3000,"bu","13:56:32",6914500
16.75,0.15,15800,"bu","13:56:31",6911500
16.75,0.15,100,"bu","13:56:31",6895700
16.75,0.15,2000,"bu","13:56:30",6895600
16.75,0.15,10000,"bu","13:56:29",6893600
16.75,0.15,20000,"bu","13:56:27",6883600
16.75,0.15,2000,"bu","13:56:26",6863600
16.75,0.15,3500,"bu","13:56:24",6861600
16.75,0.15,1500,"bu","13:56:24",6858100
16.75,0.15,500,"bu","13:56:23",6856600
16.75,0.15,2000,"bu","13:56:21",6856100
16.75,0.15,5000,"bu","13:56:16",6854100
16.75,0.15,100,"bu","13:56:06",6849100
16.7,0.1,2000,"sd","13:55:57",6849000
16.75,0.15,800,"bu","13:55:42",6847000
16.75,0.15,2000,"bu","13:55:36",6846200
16.75,0.15,3000,"bu","13:55:27",6844200
16.75,0.15,700,"bu","13:55:26",6841200
16.75,0.15,1000,"bu","13:55:13",6840500
16.75,0.15,200,"bu","13:54:55",6839500
16.7,0.1,1200,"sd","13:54:48",6839300
16.7,0.1,300,"sd","13:54:44",6838100
16.7,0.1,20000,"sd","13:54:33",6837800
16.7,0.1,1600,"sd","13:54:24",6817800
16.75,0.15,100,"bu","13:54:19",6816200
16.75,0.15,100,"bu","13:54:13",6816100
16.75,0.15,100,"bu","13:54:12",6816000
16.75,0.15,100,"bu","13:54:03",6815900
16.75,0.15,100,"bu","13:54:02",6815800
16.7,0.1,2000,"sd","13:54:00",6815700
16.75,0.15,1000,"bu","13:54:00",6813700
16.75,0.15,300,"bu","13:53:33",6812700
16.75,0.15,1500,"bu","13:53:20",6812400
16.75,0.15,500,"bu","13:52:58",6810900
16.7,0.1,200,"sd","13:52:45",6810400
16.75,0.15,100,"bu","13:52:42",6810200
16.75,0.15,1500,"bu","13:52:37",6810100
16.75,0.15,1300,"bu","13:52:36",6808600
16.75,0.15,500,"bu","13:52:11",6807300
16.75,0.15,1000,"bu","13:52:10",6806800
16.75,0.15,1500,"bu","13:52:03",6805800
16.75,0.15,100,"bu","13:52:02",6804300
16.75,0.15,1000,"bu","13:51:56",6804200
16.75,0.15,500,"bu","13:51:55",6803200
16.75,0.15,1300,"bu","13:51:54",6802700
16.75,0.15,100,"bu","13:51:53",6801400
16.75,0.15,1800,"bu","13:51:48",6801300
16.75,0.15,500,"bu","13:51:40",6799500
16.75,0.15,100,"bu","13:51:32",6799000
16.75,0.15,700,"bu","13:51:32",6798900
16.75,0.15,100,"bu","13:51:27",6798200
16.75,0.15,300,"bu","13:51:11",6798100
16.75,0.15,500,"bu","13:51:01",6797800
16.75,0.15,2000,"bu","13:50:58",6797300
16.75,0.15,1000,"bu","13:50:44",6795300
16.75,0.15,75900,"sd","13:50:33",6794300
16.75,0.15,1200,"sd","13:50:31",6718400
16.75,0.15,5500,"sd","13:50:30",6717200
16.75,0.15,19300,"sd","13:50:29",6711700
16.75,0.15,19700,"sd","13:50:29",6692400
16.75,0.15,20000,"sd","13:50:28",6672700
16.75,0.15,10000,"sd","13:50:26",6652700
16.8,0.2,1500,"bu","13:50:22",6642700
16.75,0.15,1500,"sd","13:50:20",6641200
16.75,0.15,14300,"sd","13:50:18",6639700
16.75,0.15,1000,"sd","13:50:16",6625400
16.75,0.15,700,"sd","13:50:15",6624400
16.75,0.15,1500,"sd","13:50:10",6623700
16.75,0.15,500,"sd","13:50:05",6622200
16.75,0.15,1000,"sd","13:50:02",6621700
16.75,0.15,30000,"sd","13:49:59",6620700
16.8,0.2,500,"bu","13:49:57",6590700
16.75,0.15,600,"sd","13:49:56",6590200
16.75,0.15,3800,"sd","13:49:47",6589600
16.75,0.15,10000,"sd","13:49:39",6585800
16.75,0.15,2000,"sd","13:49:35",6575800
16.75,0.15,100,"sd","13:49:25",6573800
16.75,0.15,100,"sd","13:49:15",6573700
16.75,0.15,4000,"sd","13:49:06",6573600
16.75,0.15,100,"sd","13:49:04",6569600
16.75,0.15,500,"sd","13:49:03",6569500
16.75,0.15,1700,"sd","13:48:56",6569000
16.8,0.2,100,"bu","13:48:54",6567300
16.75,0.15,700,"sd","13:48:52",6567200
16.75,0.15,500,"sd","13:48:50",6566500
16.75,0.15,500,"sd","13:48:43",6566000
16.75,0.15,100,"sd","13:48:43",6565500
16.75,0.15,1300,"sd","13:48:41",6565400
16.75,0.15,1000,"sd","13:48:36",6564100
16.75,0.15,1000,"sd","13:48:31",6563100
16.75,0.15,1500,"sd","13:48:23",6562100
16.75,0.15,200,"sd","13:48:17",6560600
16.75,0.15,500,"sd","13:48:14",6560400
16.75,0.15,3000,"sd","13:48:13",6559900
16.75,0.15,2000,"sd","13:48:11",6556900
16.75,0.15,100,"sd","13:48:06",6554900
16.75,0.15,100,"sd","13:47:49",6554800
16.75,0.15,5000,"sd","13:47:42",6554700
16.75,0.15,2700,"sd","13:47:41",6549700
16.8,0.2,400,"bu","13:47:37",6547000
16.75,0.15,100,"sd","13:47:33",6546600
16.75,0.15,10000,"sd","13:47:30",6546500
16.75,0.15,100,"sd","13:47:19",6536500
16.8,0.2,100,"bu","13:47:10",6536400
16.75,0.15,100,"sd","13:47:02",6536300
16.75,0.15,2000,"sd","13:47:01",6536200
16.75,0.15,700,"sd","13:46:59",6534200
16.8,0.2,100,"bu","13:46:51",6533500
16.75,0.15,400,"sd","13:46:43",6533400
16.75,0.15,1000,"sd","13:46:35",6533000
16.75,0.15,100,"sd","13:46:34",6532000
16.75,0.15,100,"sd","13:46:31",6531900
16.75,0.15,100,"sd","13:46:22",6531800
16.75,0.15,1600,"sd","13:46:20",6531700
16.75,0.15,1000,"sd","13:46:16",6530100
16.75,0.15,200,"sd","13:46:05",6529100
16.75,0.15,500,"sd","13:46:03",6528900
16.75,0.15,5300,"sd","13:46:00",6528400
16.75,0.15,10000,"sd","13:45:59",6523100
16.75,0.15,300,"sd","13:45:56",6513100
16.75,0.15,100,"sd","13:45:53",6512800
16.75,0.15,1000,"sd","13:45:50",6512700
16.75,0.15,200,"sd","13:45:50",6511700
16.75,0.15,2800,"sd","13:45:47",6511500
16.75,0.15,200,"sd","13:45:43",6508700
16.75,0.15,1000,"sd","13:45:39",6508500
16.75,0.15,100,"sd","13:45:38",6507500
16.75,0.15,300,"sd","13:45:38",6507400
16.75,0.15,100,"sd","13:45:33",6507100
16.75,0.15,3000,"sd","13:45:30",6507000
16.75,0.15,100,"sd","13:45:27",6504000
16.75,0.15,1500,"sd","13:45:21",6503900
16.75,0.15,300,"sd","13:45:14",6502400
16.75,0.15,2000,"sd","13:44:59",6502100
16.8,0.2,100,"bu","13:44:59",6500100
16.75,0.15,1800,"sd","13:44:53",6500000
16.75,0.15,300,"sd","13:44:48",6498200
16.75,0.15,4200,"sd","13:44:36",6497900
16.75,0.15,5000,"sd","13:44:32",6493700
16.75,0.15,19300,"sd","13:44:27",6488700
16.75,0.15,100,"sd","13:44:20",6469400
16.75,0.15,100,"sd","13:44:17",6469300
16.8,0.2,100,"bu","13:44:13",6469200
16.75,0.15,1000,"sd","13:44:10",6469100
16.75,0.15,100,"sd","13:44:09",6468100
16.8,0.2,200,"bu","13:43:57",6468000
16.8,0.2,500,"bu","13:43:39",6467800
16.75,0.15,1000,"sd","13:43:36",6467300
16.75,0.15,500,"sd","13:43:30",6466300
16.75,0.15,4200,"sd","13:43:24",6465800
16.75,0.15,100,"sd","13:43:22",6461600
16.75,0.15,100,"sd","13:43:13",6461500
16.75,0.15,100,"sd","13:43:04",6461400
16.75,0.15,1100,"sd","13:42:43",6461300
16.8,0.2,300,"bu","13:42:40",6460200
16.75,0.15,500,"sd","13:42:21",6459900
16.8,0.2,2000,"bu","13:42:17",6459400
16.75,0.15,2000,"sd","13:41:52",6457400
16.75,0.15,4200,"sd","13:41:45",6455400
16.8,0.2,100,"bu","13:41:34",6451200
16.75,0.15,1000,"sd","13:41:06",6451100
16.8,0.2,200,"bu","13:40:52",6450100
16.8,0.2,800,"bu","13:40:41",6449900
16.8,0.2,2000,"bu","13:40:40",6449100
16.8,0.2,200,"bu","13:40:35",6447100
16.75,0.15,2700,"sd","13:40:33",6446900
16.8,0.2,500,"bu","13:40:24",6444200
16.8,0.2,300,"bu","13:40:21",6443700
16.8,0.2,500,"bu","13:40:12",6443400
16.8,0.2,1000,"bu","13:39:57",6442900
16.8,0.2,3000,"bu","13:39:41",6441900
16.8,0.2,100,"bu","13:39:37",6438900
16.8,0.2,200,"bu","13:39:29",6438800
16.8,0.2,2000,"bu","13:39:16",6438600
16.8,0.2,2300,"bu","13:39:12",6436600
16.8,0.2,2600,"bu","13:39:04",6434300
16.8,0.2,25500,"bu","13:39:03",6431700
16.8,0.2,1000,"bu","13:38:58",6406200
16.75,0.15,100,"sd","13:38:57",6405200
16.8,0.2,5000,"bu","13:38:56",6405100
16.8,0.2,1000,"bu","13:38:53",6400100
16.8,0.2,2000,"bu","13:38:20",6399100
16.75,0.15,1900,"sd","13:38:14",6397100
16.75,0.15,400,"sd","13:38:08",6395200
16.75,0.15,100,"sd","13:38:02",6394800
16.8,0.2,600,"bu","13:38:01",6394700
16.8,0.2,5000,"bu","13:37:57",6394100
16.8,0.2,500,"bu","13:37:53",6389100
16.8,0.2,200,"bu","13:37:45",6388600
16.8,0.2,1000,"bu","13:37:34",6388400
16.8,0.2,300,"bu","13:37:27",6387400
16.8,0.2,200,"bu","13:37:13",6387100
16.8,0.2,100,"bu","13:37:01",6386900
16.8,0.2,100,"bu","13:36:52",6386800
16.8,0.2,100,"bu","13:36:51",6386700
16.75,0.15,1000,"sd","13:36:49",6386600
16.8,0.2,200,"bu","13:36:48",6385600
16.75,0.15,1500,"sd","13:36:37",6385400
16.75,0.15,2900,"sd","13:36:36",6383900
16.8,0.2,100,"bu","13:35:56",6381000
16.75,0.15,1000,"sd","13:35:51",6380900
16.8,0.2,1000,"bu","13:35:43",6379900
16.8,0.2,5000,"bu","13:35:41",6378900
16.75,0.15,1000,"sd","13:35:37",6373900
16.8,0.2,100,"bu","13:35:36",6372900
16.8,0.2,400,"bu","13:35:31",6372800
16.8,0.2,2000,"bu","13:35:28",6372400
16.8,0.2,5000,"bu","13:35:27",6370400
16.75,0.15,1500,"sd","13:35:25",6365400
16.8,0.2,100,"bu","13:35:24",6363900
16.8,0.2,200,"bu","13:35:17",6363800
16.8,0.2,100,"bu","13:35:16",6363600
16.8,0.2,100,"bu","13:35:15",6363500
16.8,0.2,300,"bu","13:35:00",6363400
16.8,0.2,2300,"bu","13:34:50",6363100
16.8,0.2,100,"bu","13:34:48",6360800
16.8,0.2,100,"bu","13:34:44",6360700
16.8,0.2,100,"bu","13:34:42",6360600
16.8,0.2,100,"bu","13:34:38",6360500
16.8,0.2,400,"bu","13:34:34",6360400
16.8,0.2,1000,"bu","13:34:30",6360000
16.8,0.2,4000,"bu","13:34:29",6359000
16.8,0.2,35600,"bu","13:34:25",6355000
16.8,0.2,1600,"bu","13:34:21",6319400
16.8,0.2,100,"bu","13:34:19",6317800
16.8,0.2,2000,"bu","13:34:11",6317700
16.8,0.2,500,"bu","13:34:10",6315700
16.8,0.2,6300,"sd","13:34:08",6315200
16.8,0.2,15000,"sd","13:34:07",6308900
16.8,0.2,11100,"sd","13:34:07",6293900
16.8,0.2,7400,"sd","13:34:06",6282800
16.8,0.2,9200,"sd","13:34:05",6275400
16.8,0.2,500,"sd","13:34:05",6266200
16.8,0.2,20700,"sd","13:34:03",6265700
16.8,0.2,5100,"sd","13:34:01",6245000
16.85,0.25,800,"bu","13:34:00",6239900
16.8,0.2,5100,"sd","13:34:00",6239100
16.8,0.2,10100,"sd","13:33:59",6234000
16.8,0.2,5100,"sd","13:33:59",6223900
16.8,0.2,10000,"sd","13:33:58",6218800
16.8,0.2,100,"sd","13:33:57",6208800
16.8,0.2,2000,"sd","13:33:57",6208700
16.8,0.2,5000,"sd","13:33:54",6206700
16.8,0.2,100,"sd","13:33:53",6201700
16.8,0.2,500,"sd","13:33:52",6201600
16.8,0.2,10000,"sd","13:33:51",6201100
16.8,0.2,200,"sd","13:33:50",6191100
16.8,0.2,11700,"sd","13:33:49",6190900
16.8,0.2,2000,"sd","13:33:48",6179200
16.8,0.2,700,"sd","13:33:48",6177200
16.8,0.2,1000,"sd","13:33:47",6176500
16.8,0.2,200,"sd","13:33:45",6175500
16.8,0.2,10000,"sd","13:33:44",6175300
16.8,0.2,2000,"sd","13:33:43",6165300
16.8,0.2,1500,"sd","13:33:43",6163300
16.8,0.2,3500,"sd","13:33:41",6161800
16.8,0.2,700,"sd","13:33:39",6158300
16.8,0.2,10000,"sd","13:33:39",6157600
16.8,0.2,15000,"sd","13:33:38",6147600
16.8,0.2,12700,"sd","13:33:36",6132600
16.8,0.2,17300,"sd","13:33:36",6119900
16.8,0.2,300,"sd","13:33:34",6102600
16.85,0.25,3800,"bu","13:33:34",6102300
16.8,0.2,2000,"sd","13:33:31",6098500
16.8,0.2,50000,"sd","13:33:30",6096500
16.8,0.2,400,"sd","13:33:28",6046500
16.8,0.2,2200,"sd","13:33:27",6046100
16.8,0.2,100,"sd","13:33:26",6043900
16.85,0.25,300,"bu","13:33:25",6043800
16.8,0.2,500,"sd","13:33:20",6043500
16.8,0.2,5000,"sd","13:33:17",6043000
16.8,0.2,200,"sd","13:33:16",6038000
16.8,0.2,2100,"sd","13:33:15",6037800
16.85,0.25,13300,"bu","13:33:12",6035700
16.85,0.25,10000,"bu","13:33:09",6022400
16.8,0.2,200,"sd","13:33:06",6012400
16.8,0.2,500,"sd","13:33:05",6012200
16.8,0.2,15800,"sd","13:33:03",6011700
16.85,0.25,7900,"bu","13:33:03",5995900
16.8,0.2,8000,"sd","13:33:02",5988000
16.8,0.2,2200,"sd","13:33:01",5980000
16.85,0.25,300,"bu","13:32:56",5977800
16.8,0.2,500,"sd","13:32:40",5977500
16.8,0.2,100,"sd","13:32:39",5977000
16.8,0.2,1500,"sd","13:32:37",5976900
16.8,0.2,200,"sd","13:32:33",5975400
16.8,0.2,800,"sd","13:32:23",5975200
16.85,0.25,100,"bu","13:32:19",5974400
16.8,0.2,100,"sd","13:32:13",5974300
16.8,0.2,3500,"sd","13:32:07",5974200
16.85,0.25,4000,"bu","13:32:06",5970700
16.85,0.25,2900,"bu","13:32:00",5966700
16.8,0.2,500,"sd","13:31:57",5963800
16.85,0.25,500,"bu","13:31:52",5963300
16.85,0.25,1000,"bu","13:31:50",5962800
16.8,0.2,5000,"sd","13:31:49",5961800
16.85,0.25,400,"bu","13:31:45",5956800
16.8,0.2,1500,"sd","13:31:44",5956400
16.8,0.2,32000,"sd","13:31:43",5954900
16.8,0.2,100,"sd","13:31:42",5922900
16.8,0.2,1000,"sd","13:31:38",5922800
16.8,0.2,500,"sd","13:31:36",5921800
16.8,0.2,100,"sd","13:31:30",5921300
16.85,0.25,200,"bu","13:31:30",5921200
16.8,0.2,200,"sd","13:31:26",5921000
16.8,0.2,1500,"sd","13:31:23",5920800
16.8,0.2,5800,"sd","13:31:22",5919300
16.8,0.2,1100,"sd","13:31:20",5913500
16.8,0.2,1000,"sd","13:31:12",5912400
16.8,0.2,2000,"sd","13:31:09",5911400
16.8,0.2,2000,"sd","13:30:58",5909400
16.85,0.25,100,"bu","13:30:56",5907400
16.8,0.2,700,"sd","13:30:47",5907300
16.8,0.2,100,"sd","13:30:43",5906600
16.85,0.25,100,"bu","13:30:43",5906500
16.8,0.2,100,"sd","13:30:37",5906400
16.85,0.25,1300,"bu","13:30:28",5906300
16.85,0.25,2300,"bu","13:30:28",5905000
16.85,0.25,100,"bu","13:30:23",5902700
16.85,0.25,1000,"bu","13:30:22",5902600
16.85,0.25,10000,"bu","13:30:18",5901600
16.85,0.25,1000,"bu","13:30:13",5891600
16.85,0.25,900,"bu","13:30:10",5890600
16.85,0.25,6000,"bu","13:30:07",5889700
16.85,0.25,2300,"bu","13:30:00",5883700
16.8,0.2,500,"sd","13:29:56",5881400
16.85,0.25,300,"bu","13:29:56",5880900
16.85,0.25,3700,"bu","13:29:45",5880600
16.85,0.25,1000,"bu","13:29:44",5876900
16.8,0.2,200,"sd","13:29:41",5875900
16.85,0.25,1000,"bu","13:29:40",5875700
16.8,0.2,4000,"sd","13:29:37",5874700
16.85,0.25,300,"bu","13:29:14",5870700
16.8,0.2,200,"sd","13:29:12",5870400
16.85,0.25,2200,"bu","13:29:10",5870200
16.85,0.25,100,"bu","13:29:03",5868000
16.8,0.2,500,"sd","13:29:02",5867900
16.85,0.25,200,"bu","13:29:00",5867400
16.85,0.25,100,"bu","13:28:57",5867200
16.8,0.2,100,"sd","13:28:56",5867100
16.85,0.25,200,"bu","13:28:49",5867000
16.85,0.25,1000,"bu","13:28:48",5866800
16.8,0.2,300,"sd","13:28:45",5865800
16.85,0.25,100,"bu","13:28:45",5865500
16.85,0.25,500,"bu","13:28:41",5865400
16.85,0.25,100,"bu","13:28:39",5864900
16.8,0.2,1000,"sd","13:28:32",5864800
16.85,0.25,400,"bu","13:28:30",5863800
16.8,0.2,1000,"sd","13:28:25",5863400
16.85,0.25,500,"bu","13:28:24",5862400
16.8,0.2,200,"sd","13:28:24",5861900
16.8,0.2,238100,"bu","13:28:20",5861700
16.8,0.2,4600,"bu","13:28:19",5623600
16.8,0.2,4800,"bu","13:28:19",5619000
16.8,0.2,3000,"bu","13:28:18",5614200
16.8,0.2,300,"bu","13:28:18",5611200
16.8,0.2,1000,"bu","13:28:17",5610900
16.8,0.2,3000,"bu","13:28:17",5609900
16.8,0.2,7600,"bu","13:28:16",5606900
16.8,0.2,700,"bu","13:28:16",5599300
16.8,0.2,1300,"bu","13:28:15",5598600
16.8,0.2,5100,"bu","13:28:14",5597300
16.8,0.2,17300,"bu","13:28:14",5592200
16.8,0.2,13000,"bu","13:28:13",5574900
16.8,0.2,5400,"bu","13:28:11",5561900
16.8,0.2,4000,"bu","13:28:10",5556500
16.8,0.2,8000,"bu","13:28:10",5552500
16.8,0.2,50000,"bu","13:28:09",5544500
16.8,0.2,100,"bu","13:28:08",5494500
16.8,0.2,17000,"bu","13:28:07",5494400
16.8,0.2,1000,"bu","13:28:06",5477400
16.8,0.2,500,"bu","13:27:57",5476400
16.8,0.2,200,"bu","13:27:54",5475900
16.8,0.2,1000,"bu","13:27:47",5475700
16.8,0.2,2000,"bu","13:27:42",5474700
16.8,0.2,1000,"bu","13:27:36",5472700
16.8,0.2,500,"bu","13:27:36",5471700
16.8,0.2,5000,"bu","13:27:34",5471200
16.8,0.2,10000,"bu","13:27:33",5466200
16.8,0.2,600,"bu","13:27:32",5456200
16.8,0.2,1800,"bu","13:27:29",5455600
16.8,0.2,3000,"bu","13:27:28",5453800
16.8,0.2,10000,"bu","13:27:22",5450800
16.75,0.15,1000,"sd","13:27:18",5440800
16.8,0.2,300,"bu","13:27:18",5439800
16.8,0.2,200,"bu","13:27:12",5439500
16.75,0.15,600,"sd","13:27:10",5439300
16.8,0.2,200,"bu","13:27:08",5438700
16.8,0.2,2000,"bu","13:27:07",5438500
16.8,0.2,15000,"bu","13:26:56",5436500
16.8,0.2,1000,"bu","13:26:55",5421500
16.8,0.2,2000,"bu","13:26:52",5420500
16.8,0.2,37400,"bu","13:26:52",5418500
16.75,0.15,300,"sd","13:26:49",5381100
16.75,0.15,100,"sd","13:26:41",5380800
16.8,0.2,1000,"bu","13:26:39",5380700
16.8,0.2,2400,"bu","13:26:39",5379700
16.8,0.2,200,"bu","13:26:37",5377300
16.8,0.2,12000,"bu","13:26:35",5377100
16.8,0.2,20000,"bu","13:26:32",5365100
16.8,0.2,200,"bu","13:26:30",5345100
16.8,0.2,100,"bu","13:26:26",5344900
16.8,0.2,50000,"bu","13:26:16",5344800
16.75,0.15,300,"sd","13:26:03",5294800
16.8,0.2,800,"bu","13:26:02",5294500
16.75,0.15,200,"sd","13:25:59",5293700
16.8,0.2,4200,"bu","13:25:57",5293500
16.75,0.15,2000,"sd","13:25:57",5289300
16.75,0.15,1500,"sd","13:25:44",5287300
16.75,0.15,200,"sd","13:25:40",5285800
16.75,0.15,100,"sd","13:25:39",5285600
16.75,0.15,25000,"sd","13:25:34",5285500
16.8,0.2,1000,"bu","13:25:34",5260500
16.8,0.2,1000,"bu","13:25:27",5259500
16.8,0.2,50000,"bu","13:25:24",5258500
16.8,0.2,15000,"bu","13:25:23",5208500
16.75,0.15,100,"sd","13:25:17",5193500
16.75,0.15,1500,"sd","13:25:12",5193400
16.75,0.15,100,"sd","13:25:04",5191900
16.75,0.15,500,"sd","13:24:58",5191800
16.75,0.15,17400,"bu","13:24:51",5191300
16.75,0.15,200,"bu","13:24:50",5173900
16.75,0.15,500,"bu","13:24:50",5173700
16.75,0.15,2400,"bu","13:24:49",5173200
16.75,0.15,1500,"bu","13:24:48",5170800
16.75,0.15,700,"bu","13:24:48",5169300
16.75,0.15,2200,"bu","13:24:47",5168600
16.75,0.15,1000,"bu","13:24:45",5166400
16.75,0.15,1000,"bu","13:24:45",5165400
16.75,0.15,100,"bu","13:24:44",5164400
16.75,0.15,3000,"bu","13:24:43",5164300
16.75,0.15,2300,"bu","13:24:43",5161300
16.75,0.15,1800,"bu","13:24:41",5159000
16.75,0.15,100,"bu","13:24:41",5157200
16.75,0.15,100,"bu","13:24:40",5157100
16.75,0.15,1500,"bu","13:24:39",5157000
16.75,0.15,41000,"bu","13:24:38",5155500
16.75,0.15,30000,"bu","13:24:37",5114500
16.75,0.15,100,"bu","13:24:35",5084500
16.75,0.15,3000,"bu","13:24:35",5084400
16.75,0.15,5000,"bu","13:24:32",5081400
16.75,0.15,300,"bu","13:24:32",5076400
16.75,0.15,1000,"bu","13:24:31",5076100
16.75,0.15,2000,"bu","13:24:31",5075100
16.75,0.15,1000,"bu","13:24:29",5073100
16.75,0.15,500,"bu","13:24:28",5072100
16.75,0.15,5000,"bu","13:24:27",5071600
16.75,0.15,1000,"bu","13:24:26",5066600
16.75,0.15,500,"bu","13:24:24",5065600
16.75,0.15,1300,"bu","13:24:24",5065100
16.7,0.1,1500,"sd","13:24:21",5063800
16.75,0.15,3000,"bu","13:24:20",5062300
16.75,0.15,9000,"bu","13:24:20",5059300
16.75,0.15,150000,"bu","13:24:15",5050300
16.75,0.15,23000,"bu","13:24:14",4900300
16.7,0.1,400,"sd","13:24:13",4877300
16.75,0.15,1000,"bu","13:24:08",4876900
16.75,0.15,12600,"bu","13:24:05",4875900
16.75,0.15,10000,"bu","13:23:47",4863300
16.75,0.15,500,"bu","13:23:15",4853300
16.7,0.1,200,"sd","13:23:11",4852800
16.75,0.15,20500,"bu","13:23:11",4852600
16.75,0.15,400,"bu","13:23:00",4832100
16.7,0.1,400,"sd","13:22:40",4831700
16.75,0.15,8200,"bu","13:22:36",4831300
16.75,0.15,500,"bu","13:22:29",4823100
16.75,0.15,500,"bu","13:22:27",4822600
16.75,0.15,1800,"bu","13:22:14",4822100
16.75,0.15,9000,"bu","13:22:12",4820300
16.75,0.15,100,"bu","13:22:03",4811300
16.75,0.15,1000,"bu","13:21:59",4811200
16.75,0.15,300,"bu","13:21:54",4810200
16.75,0.15,200,"bu","13:21:52",4809900
16.75,0.15,2000,"bu","13:21:48",4809700
16.75,0.15,2700,"bu","13:21:37",4807700
16.7,0.1,15100,"sd","13:21:35",4805000
16.75,0.15,100,"bu","13:21:33",4789900
16.75,0.15,100,"bu","13:21:28",4789800
16.75,0.15,5000,"bu","13:21:18",4789700
16.75,0.15,700,"bu","13:20:57",4784700
16.75,0.15,2000,"bu","13:20:40",4784000
16.75,0.15,100,"bu","13:20:35",4782000
16.75,0.15,2000,"bu","13:20:17",4781900
16.7,0.1,1000,"sd","13:20:08",4779900
16.75,0.15,200,"bu","13:19:54",4778900
16.7,0.1,100,"sd","13:19:52",4778700
16.7,0.1,100,"sd","13:19:45",4778600
16.75,0.15,300,"bu","13:19:30",4778500
16.7,0.1,700,"sd","13:19:13",4778200
16.75,0.15,500,"bu","13:19:06",4777500
16.75,0.15,1000,"bu","13:19:02",4777000
16.75,0.15,500,"bu","13:18:27",4776000
16.75,0.15,2000,"bu","13:18:25",4775500
16.75,0.15,1000,"bu","13:18:22",4773500
16.75,0.15,3100,"bu","13:18:18",4772500
16.75,0.15,1000,"bu","13:18:07",4769400
16.75,0.15,1600,"bu","13:17:50",4768400
16.75,0.15,1100,"bu","13:17:36",4766800
16.75,0.15,2000,"bu","13:17:18",4765700
16.7,0.1,10000,"sd","13:17:07",4763700
16.75,0.15,400,"bu","13:17:03",4753700
16.75,0.15,1700,"bu","13:16:42",4753300
16.7,0.1,5000,"sd","13:16:38",4751600
16.75,0.15,300,"bu","13:16:36",4746600
16.75,0.15,100,"bu","13:16:33",4746300
16.75,0.15,500,"bu","13:16:32",4746200
16.75,0.15,5000,"bu","13:16:28",4745700
16.7,0.1,5000,"sd","13:16:27",4740700
16.75,0.15,600,"bu","13:16:19",4735700
16.75,0.15,600,"bu","13:16:15",4735100
16.75,0.15,2000,"bu","13:16:05",4734500
16.75,0.15,2000,"bu","13:16:01",4732500
16.75,0.15,200,"bu","13:15:59",4730500
16.75,0.15,1000,"bu","13:15:50",4730300
16.75,0.15,1000,"bu","13:15:45",4729300
16.75,0.15,1000,"bu","13:15:44",4728300
16.75,0.15,1000,"bu","13:15:41",4727300
16.75,0.15,3000,"bu","13:15:35",4726300
16.75,0.15,1000,"bu","13:15:25",4723300
16.75,0.15,500,"bu","13:15:11",4722300
16.75,0.15,300,"bu","13:15:08",4721800
16.75,0.15,100,"bu","13:15:00",4721500
16.7,0.1,500,"sd","13:14:46",4721400
16.75,0.15,1000,"bu","13:14:45",4720900
16.75,0.15,9000,"bu","13:14:43",4719900
16.75,0.15,2000,"bu","13:14:40",4710900
16.75,0.15,100,"bu","13:14:37",4708900
16.75,0.15,600,"bu","13:14:34",4708800
16.75,0.15,2900,"bu","13:14:28",4708200
16.75,0.15,6000,"bu","13:14:24",4705300
16.75,0.15,300,"bu","13:14:23",4699300
16.75,0.15,800,"bu","13:14:09",4699000
16.75,0.15,8000,"bu","13:14:06",4698200
16.75,0.15,300,"bu","13:14:05",4690200
16.75,0.15,10000,"bu","13:13:58",4689900
16.75,0.15,1000,"bu","13:13:42",4679900
16.75,0.15,1000,"bu","13:13:42",4678900
16.75,0.15,300,"bu","13:13:24",4677900
16.7,0.1,100,"sd","13:13:24",4677600
16.7,0.1,2000,"sd","13:13:11",4677500
16.75,0.15,100,"bu","13:13:09",4675500
16.75,0.15,200,"bu","13:13:05",4675400
16.75,0.15,100,"bu","13:13:04",4675200
16.75,0.15,100,"bu","13:12:48",4675100
16.75,0.15,300,"bu","13:12:47",4675000
16.75,0.15,5400,"bu","13:12:42",4674700
16.75,0.15,1600,"bu","13:12:40",4669300
16.75,0.15,200,"bu","13:12:39",4667700
16.75,0.15,5000,"bu","13:12:39",4667500
16.75,0.15,200,"bu","13:12:37",4662500
16.75,0.15,3400,"bu","13:12:35",4662300
16.75,0.15,2000,"bu","13:12:34",4658900
16.75,0.15,1000,"bu","13:12:28",4656900
16.75,0.15,900,"bu","13:12:26",4655900
16.75,0.15,1000,"bu","13:12:18",4655000
16.75,0.15,1000,"bu","13:12:11",4654000
16.75,0.15,200,"bu","13:12:10",4653000
16.75,0.15,100,"bu","13:12:09",4652800
16.75,0.15,100,"bu","13:12:02",4652700
16.75,0.15,100,"bu","13:11:59",4652600
16.75,0.15,1000,"bu","13:11:54",4652500
16.75,0.15,900,"bu","13:11:50",4651500
16.7,0.1,500,"sd","13:11:49",4650600
16.75,0.15,2500,"bu","13:11:46",4650100
16.7,0.1,400,"sd","13:11:32",4647600
16.7,0.1,600,"sd","13:11:05",4647200
16.7,0.1,100,"sd","13:11:01",4646600
16.75,0.15,100,"bu","13:10:53",4646500
16.7,0.1,100,"sd","13:10:42",4646400
16.7,0.1,9600,"sd","13:10:42",4646300
16.75,0.15,100,"bu","13:10:39",4636700
16.7,0.1,200,"sd","13:10:34",4636600
16.7,0.1,17000,"bu","13:10:33",4636400
16.7,0.1,52500,"bu","13:10:33",4619400
16.7,0.1,21000,"bu","13:10:32",4566900
16.7,0.1,1000,"bu","13:10:30",4545900
16.7,0.1,500,"bu","13:10:29",4544900
16.7,0.1,13200,"bu","13:10:28",4544400
16.7,0.1,2000,"bu","13:10:27",4531200
16.7,0.1,2000,"bu","13:10:27",4529200
16.7,0.1,10000,"bu","13:10:25",4527200
16.7,0.1,300,"bu","13:10:24",4517200
16.7,0.1,50000,"bu","13:10:22",4516900
16.7,0.1,200000,"bu","13:10:18",4466900
16.7,0.1,2000,"bu","13:10:17",4266900
16.7,0.1,1000,"bu","13:10:17",4264900
16.7,0.1,1200,"bu","13:10:15",4263900
16.7,0.1,1700,"bu","13:10:13",4262700
16.7,0.1,3400,"bu","13:10:11",4261000
16.7,0.1,1000,"bu","13:10:08",4257600
16.7,0.1,100,"bu","13:10:05",4256600
16.7,0.1,400,"bu","13:09:58",4256500
16.7,0.1,2000,"bu","13:09:55",4256100
16.7,0.1,1000,"bu","13:09:43",4254100
16.7,0.1,200,"bu","13:09:40",4253100
16.65,0.05,100,"sd","13:09:17",4252900
16.65,0.05,100,"sd","13:09:09",4252800
16.65,0.05,500,"sd","13:08:55",4252700
16.65,0.05,10000,"sd","13:08:37",4252200
16.65,0.05,1000,"sd","13:07:54",4242200
16.7,0.1,500,"bu","13:07:54",4241200
16.65,0.05,600,"sd","13:07:11",4240700
16.65,0.05,50000,"sd","13:07:10",4240100
16.65,0.05,5000,"sd","13:06:41",4190100
16.65,0.05,20000,"sd","13:06:24",4185100
16.65,0.05,500,"sd","13:06:16",4165100
16.65,0.05,40000,"sd","13:06:03",4164600
16.7,0.1,5000,"bu","13:05:43",4124600
16.7,0.1,2000,"bu","13:05:23",4119600
16.65,0.05,1000,"sd","13:05:21",4117600
16.65,0.05,100,"sd","13:05:16",4116600
16.65,0.05,2100,"sd","13:05:10",4116500
16.65,0.05,1000,"sd","13:05:07",4114400
16.65,0.05,148600,"bu","13:04:39",4113400
16.65,0.05,100,"bu","13:04:30",3964800
16.65,0.05,500,"bu","13:04:29",3964700
16.65,0.05,100000,"bu","13:04:26",3964200
16.65,0.05,10000,"bu","13:04:21",3864200
16.65,0.05,300,"bu","13:03:56",3854200
16.6,0,100,"sd","13:03:40",3853900
16.65,0.05,500,"bu","13:03:31",3853800
16.65,0.05,5500,"bu","13:03:23",3853300
16.65,0.05,16800,"bu","13:03:18",3847800
16.65,0.05,300,"bu","13:03:05",3831000
16.65,0.05,500,"bu","13:02:50",3830700
16.6,0,100,"sd","13:02:45",3830200
16.65,0.05,200,"bu","13:02:40",3830100
16.65,0.05,100,"bu","13:02:22",3829900
16.65,0.05,1000,"bu","13:02:11",3829800
16.6,0,600,"sd","13:02:03",3828800
16.65,0.05,100,"bu","13:02:03",3828200
16.65,0.05,200,"bu","13:01:51",3828100
16.65,0.05,1700,"bu","13:01:38",3827900
16.65,0.05,400,"bu","13:00:19",3826200
16.65,0.05,3000,"bu","13:00:17",3825800
16.65,0.05,20000,"bu","13:00:16",3822800
16.65,0.05,3800,"bu","13:00:15",3802800
16.65,0.05,2400,"bu","13:00:12",3799000
16.65,0.05,5000,"bu","13:00:11",3796600
16.65,0.05,500,"bu","13:00:07",3791600
16.65,0.05,2700,"bu","13:00:05",3791100
16.65,0.05,1000,"bu","13:00:04",3788400
16.65,0.05,174700,"sd","13:00:01",3787400
16.65,0.05,12100,"sd","13:00:01",3612700
16.65,0.05,6700,"sd","13:00:00",3600600
16.65,0.05,300,"sd","13:00:00",3593900
16.65,0.05,700,"sd","11:29:33",3593600
16.65,0.05,700,"sd","11:29:14",3592900
16.65,0.05,400,"sd","11:29:00",3592200
16.65,0.05,100,"sd","11:28:49",3591800
16.65,0.05,2100,"sd","11:28:17",3591700
16.65,0.05,500,"sd","11:27:55",3589600
16.65,0.05,200,"sd","11:27:27",3589100
16.65,0.05,100,"sd","11:27:21",3588900
16.65,0.05,100,"sd","11:27:20",3588800
16.65,0.05,4000,"sd","11:27:14",3588700
16.65,0.05,1000,"sd","11:27:08",3584700
16.7,0.1,1000,"bu","11:27:07",3583700
16.65,0.05,100,"sd","11:26:39",3582700
16.65,0.05,11100,"sd","11:26:21",3582600
16.7,0.1,200,"bu","11:26:14",3571500
16.7,0.1,10000,"bu","11:26:08",3571300
16.7,0.1,100,"bu","11:25:57",3561300
16.65,0.05,100,"sd","11:25:54",3561200
16.7,0.1,2000,"bu","11:25:44",3561100
16.7,0.1,4900,"bu","11:25:23",3559100
16.65,0.05,5000,"sd","11:25:01",3554200
16.65,0.05,100,"sd","11:24:51",3549200
16.65,0.05,5600,"sd","11:24:04",3549100
16.65,0.05,44900,"sd","11:24:03",3543500
16.65,0.05,700,"sd","11:23:58",3498600
16.65,0.05,200,"sd","11:23:47",3497900
16.7,0.1,1200,"bu","11:23:31",3497700
16.65,0.05,2000,"sd","11:23:23",3496500
16.65,0.05,30000,"sd","11:23:05",3494500
16.65,0.05,2500,"sd","11:23:02",3464500
16.7,0.1,100,"bu","11:22:51",3462000
16.7,0.1,400,"bu","11:22:15",3461900
16.65,0.05,15900,"sd","11:21:48",3461500
16.7,0.1,100,"bu","11:21:16",3445600
16.7,0.1,400,"bu","11:20:18",3445500
16.7,0.1,1000,"bu","11:20:00",3445100
16.65,0.05,1000,"sd","11:19:38",3444100
16.65,0.05,1000,"sd","11:19:29",3443100
16.7,0.1,5000,"bu","11:19:15",3442100
16.7,0.1,1800,"bu","11:18:37",3437100
16.65,0.05,700,"sd","11:18:37",3435300
16.65,0.05,3000,"sd","11:18:17",3434600
16.65,0.05,500,"sd","11:18:14",3431600
16.65,0.05,1100,"sd","11:17:58",3431100
16.65,0.05,100,"sd","11:17:56",3430000
16.65,0.05,100,"sd","11:17:43",3429900
16.65,0.05,500,"sd","11:16:36",3429800
16.65,0.05,3800,"sd","11:16:35",3429300
16.7,0.1,100,"bu","11:16:33",3425500
16.65,0.05,3000,"sd","11:16:32",3425400
16.7,0.1,100,"bu","11:16:27",3422400
16.7,0.1,20000,"bu","11:16:16",3422300
16.65,0.05,49600,"sd","11:16:00",3402300
16.65,0.05,400,"sd","11:15:59",3352700
16.7,0.1,200,"bu","11:15:42",3352300
16.65,0.05,2500,"sd","11:15:35",3352100
16.7,0.1,7000,"bu","11:15:33",3349600
16.7,0.1,1000,"bu","11:14:38",3342600
16.65,0.05,1000,"sd","11:14:35",3341600
16.65,0.05,100,"sd","11:14:26",3340600
16.7,0.1,500,"bu","11:13:54",3340500
16.65,0.05,3000,"sd","11:13:25",3340000
16.65,0.05,500,"sd","11:13:13",3337000
16.65,0.05,3900,"sd","11:13:11",3336500
16.65,0.05,5000,"sd","11:12:56",3332600
16.65,0.05,10000,"sd","11:12:37",3327600
16.65,0.05,400,"sd","11:12:21",3317600
16.65,0.05,200,"sd","11:12:10",3317200
16.7,0.1,10000,"bu","11:12:08",3317000
16.65,0.05,100,"sd","11:12:08",3307000
16.65,0.05,17500,"sd","11:11:58",3306900
16.65,0.05,2500,"sd","11:11:58",3289400
16.65,0.05,2400,"sd","11:11:44",3286900
16.65,0.05,100,"sd","11:11:35",3284500
16.65,0.05,2000,"sd","11:11:11",3284400
16.65,0.05,3000,"sd","11:10:58",3282400
16.65,0.05,1700,"sd","11:10:51",3279400
16.65,0.05,1000,"sd","11:10:34",3277700
16.65,0.05,13400,"sd","11:10:25",3276700
16.7,0.1,3000,"bu","11:10:21",3263300
16.65,0.05,200,"sd","11:10:07",3260300
16.65,0.05,5000,"sd","11:10:04",3260100
16.7,0.1,600,"bu","11:09:46",3255100
16.65,0.05,10000,"sd","11:09:24",3254500
16.7,0.1,100,"bu","11:09:07",3244500
16.7,0.1,2000,"bu","11:08:53",3244400
16.7,0.1,2000,"bu","11:08:32",3242400
16.7,0.1,3000,"bu","11:08:31",3240400
16.65,0.05,200,"sd","11:08:26",3237400
16.7,0.1,1000,"bu","11:08:10",3237200
16.65,0.05,2500,"sd","11:08:07",3236200
16.7,0.1,2000,"bu","11:07:32",3233700
16.7,0.1,1000,"bu","11:07:31",3231700
16.7,0.1,7600,"bu","11:07:18",3230700
16.65,0.05,4400,"sd","11:07:12",3223100
16.65,0.05,600,"sd","11:07:02",3218700
16.7,0.1,500,"bu","11:06:15",3218100
16.7,0.1,200,"bu","11:05:42",3217600
16.65,0.05,2000,"sd","11:05:26",3217400
16.7,0.1,500,"bu","11:05:17",3215400
16.7,0.1,2200,"bu","11:05:03",3214900
16.7,0.1,600,"bu","11:04:48",3212700
16.7,0.1,200,"bu","11:04:34",3212100
16.7,0.1,1500,"bu","11:04:33",3211900
16.7,0.1,200,"bu","11:04:04",3210400
16.7,0.1,300,"bu","11:04:03",3210200
16.7,0.1,600,"bu","11:03:10",3209900
16.65,0.05,1000,"sd","11:03:04",3209300
16.7,0.1,1000,"bu","11:02:56",3208300
16.65,0.05,5300,"sd","11:02:54",3207300
16.7,0.1,1900,"bu","11:02:20",3202000
16.65,0.05,2000,"sd","11:01:50",3200100
16.7,0.1,1000,"bu","11:01:43",3198100
16.7,0.1,100,"bu","11:01:38",3197100
16.7,0.1,1000,"bu","11:01:16",3197000
16.7,0.1,500,"bu","11:01:11",3196000
16.65,0.05,1000,"sd","11:01:10",3195500
16.7,0.1,1000,"bu","11:01:06",3194500
16.7,0.1,4000,"bu","11:00:53",3193500
16.7,0.1,500,"bu","11:00:28",3189500
16.7,0.1,2000,"bu","11:00:22",3189000
16.7,0.1,100,"bu","11:00:21",3187000
16.7,0.1,3700,"sd","11:00:11",3186900
16.7,0.1,300,"sd","11:00:02",3183200
16.75,0.15,300,"bu","10:59:52",3182900
16.7,0.1,500,"sd","10:59:52",3182600
16.7,0.1,5000,"sd","10:59:48",3182100
16.75,0.15,300,"bu","10:59:38",3177100
16.7,0.1,1100,"sd","10:59:37",3176800
16.7,0.1,400,"sd","10:59:33",3175700
16.7,0.1,500,"bu","10:59:32",3175300
16.7,0.1,1500,"sd","10:59:30",3174700
16.7,0.1,2500,"sd","10:59:29",3173200
16.7,0.1,1400,"sd","10:59:27",3170700
16.7,0.1,100,"sd","10:59:25",3169300
16.7,0.1,1000,"sd","10:59:21",3169200
16.7,0.1,100,"sd","10:59:19",3168200
16.7,0.1,800,"sd","10:59:17",3168100
16.7,0.1,200,"sd","10:59:10",3167300
16.7,0.1,100,"sd","10:59:09",3167100
16.7,0.1,2000,"sd","10:59:08",3167000
16.7,0.1,500,"sd","10:59:07",3165000
16.7,0.1,600,"sd","10:59:06",3164500
16.7,0.1,100,"sd","10:58:55",3163900
16.7,0.1,6400,"sd","10:58:49",3163800
16.7,0.1,200,"sd","10:58:48",3157400
16.7,0.1,5000,"sd","10:58:46",3157200
16.7,0.1,3000,"sd","10:58:45",3152200
16.7,0.1,40000,"sd","10:58:43",3149200
16.7,0.1,1000,"sd","10:58:42",3109200
16.7,0.1,1900,"sd","10:58:41",3108200
16.7,0.1,2000,"sd","10:58:38",3106300
16.7,0.1,500,"sd","10:58:31",3104300
16.7,0.1,2000,"sd","10:58:30",3103800
16.7,0.1,1900,"sd","10:58:28",3101800
16.7,0.1,800,"sd","10:58:24",3099900
16.7,0.1,20000,"sd","10:58:23",3099100
16.7,0.1,3000,"sd","10:57:56",3079100
16.75,0.15,500,"bu","10:57:48",3076100
16.7,0.1,100,"sd","10:57:34",3075600
16.7,0.1,2000,"sd","10:57:29",3075500
16.7,0.1,5000,"sd","10:57:15",3073500
16.75,0.15,500,"bu","10:57:14",3068500
16.7,0.1,700,"sd","10:57:10",3068000
16.7,0.1,2000,"sd","10:57:05",3067300
16.75,0.15,10000,"bu","10:56:43",3065300
16.75,0.15,3200,"bu","10:56:36",3055300
16.7,0.1,10000,"sd","10:56:34",3052100
16.75,0.15,800,"bu","10:56:25",3042100
16.75,0.15,3000,"bu","10:56:24",3041300
16.75,0.15,1000,"bu","10:55:39",3038300
16.75,0.15,2000,"bu","10:55:30",3037300
16.7,0.1,5000,"sd","10:55:26",3035300
16.7,0.1,1000,"sd","10:55:21",3030300
16.7,0.1,300,"sd","10:55:04",3029300
16.7,0.1,4000,"sd","10:55:01",3029000
16.7,0.1,1500,"sd","10:54:40",3025000
16.75,0.15,1000,"bu","10:54:38",3023500
16.7,0.1,100,"sd","10:54:01",3022500
16.7,0.1,800,"sd","10:53:59",3022400
16.7,0.1,400,"sd","10:53:47",3021600
16.75,0.15,2000,"bu","10:53:45",3021200
16.7,0.1,1000,"sd","10:53:43",3019200
16.7,0.1,100,"sd","10:53:34",3018200
16.75,0.15,3100,"bu","10:53:19",3018100
16.7,0.1,500,"sd","10:53:08",3015000
16.7,0.1,100,"sd","10:53:06",3014500
16.7,0.1,300,"sd","10:53:02",3014400
16.7,0.1,100,"sd","10:52:58",3014100
16.7,0.1,1000,"sd","10:52:53",3014000
16.7,0.1,100,"sd","10:52:48",3013000
16.7,0.1,100,"sd","10:52:45",3012900
16.7,0.1,300,"sd","10:52:44",3012800
16.7,0.1,100,"sd","10:52:41",3012500
16.7,0.1,100,"sd","10:52:37",3012400
16.7,0.1,10000,"sd","10:52:34",3012300
16.7,0.1,100,"sd","10:52:27",3002300
16.7,0.1,600,"sd","10:52:21",3002200
16.7,0.1,100,"sd","10:52:14",3001600
16.7,0.1,3000,"sd","10:51:44",3001500
16.7,0.1,100,"sd","10:51:35",2998500
16.7,0.1,500,"sd","10:51:32",2998400
16.7,0.1,2000,"sd","10:51:28",2997900
16.7,0.1,421500,"bu","10:51:22",2995900
16.65,0.05,200,"sd","10:51:21",2574400
16.7,0.1,200,"bu","10:51:16",2574200
16.65,0.05,2000,"sd","10:51:10",2574000
16.65,0.05,30000,"sd","10:51:08",2572000
16.65,0.05,200,"sd","10:50:55",2542000
16.7,0.1,2000,"bu","10:50:42",2541800
16.7,0.1,5000,"bu","10:50:40",2539800
16.65,0.05,200,"sd","10:50:40",2534800
16.7,0.1,10000,"bu","10:50:33",2534600
16.65,0.05,2200,"sd","10:50:18",2524600
16.7,0.1,5000,"bu","10:50:16",2522400
16.65,0.05,12900,"sd","10:50:15",2517400
16.7,0.1,2000,"bu","10:50:13",2504500
16.7,0.1,300,"bu","10:50:09",2502500
16.7,0.1,200,"bu","10:50:09",2502200
16.7,0.1,1300,"bu","10:49:47",2502000
16.7,0.1,1000,"bu","10:49:18",2500700
16.7,0.1,200,"bu","10:49:11",2499700
16.7,0.1,300,"bu","10:48:51",2499500
16.65,0.05,3000,"sd","10:48:11",2499200
16.7,0.1,1000,"bu","10:48:06",2496200
16.65,0.05,100,"sd","10:48:05",2495200
16.65,0.05,5000,"sd","10:48:01",2495100
16.65,0.05,2000,"sd","10:47:35",2490100
16.65,0.05,1000,"sd","10:47:28",2488100
16.65,0.05,2900,"sd","10:47:05",2487100
16.7,0.1,5000,"bu","10:46:55",2484200
16.65,0.05,1000,"sd","10:46:47",2479200
16.7,0.1,3000,"bu","10:46:22",2478200
16.7,0.1,7800,"bu","10:46:05",2475200
16.65,0.05,800,"sd","10:45:58",2467400
16.65,0.05,50000,"sd","10:45:55",2466600
16.65,0.05,3000,"sd","10:45:43",2416600
16.65,0.05,12200,"sd","10:45:29",2413600
16.65,0.05,100,"sd","10:45:16",2401400
16.7,0.1,500,"bu","10:45:14",2401300
16.65,0.05,2000,"sd","10:45:05",2400800
16.7,0.1,700,"bu","10:45:01",2398800
16.7,0.1,1200,"bu","10:44:58",2398100
16.7,0.1,100,"bu","10:44:56",2396900
16.7,0.1,200,"bu","10:44:41",2396800
16.7,0.1,300,"bu","10:44:37",2396600
16.7,0.1,100,"bu","10:44:29",2396300
16.7,0.1,100,"bu","10:44:25",2396200
16.7,0.1,100,"bu","10:44:17",2396100
16.7,0.1,1000,"bu","10:44:07",2396000
16.7,0.1,100,"bu","10:43:44",2395000
16.7,0.1,400,"bu","10:43:34",2394900
16.7,0.1,10000,"bu","10:43:31",2394500
16.7,0.1,3000,"bu","10:43:30",2384500
16.7,0.1,10000,"bu","10:43:18",2381500
16.7,0.1,2000,"bu","10:43:11",2371500
16.65,0.05,60000,"sd","10:43:00",2369500
16.65,0.05,13200,"sd","10:42:47",2309500
16.65,0.05,20000,"sd","10:42:36",2296300
16.65,0.05,400,"sd","10:42:32",2276300
16.65,0.05,20000,"sd","10:42:13",2275900
16.65,0.05,20000,"sd","10:42:12",2255900
16.65,0.05,100,"sd","10:42:08",2235900
16.65,0.05,1000,"sd","10:42:05",2235800
16.7,0.1,40000,"bu","10:41:57",2234800
16.65,0.05,3800,"sd","10:41:56",2194800
16.65,0.05,400,"sd","10:41:54",2191000
16.65,0.05,50000,"sd","10:41:52",2190600
16.65,0.05,50000,"sd","10:41:43",2140600
16.7,0.1,1000,"bu","10:41:42",2090600
16.7,0.1,2000,"bu","10:41:40",2089600
16.7,0.1,300,"bu","10:41:40",2087600
16.7,0.1,100,"bu","10:41:34",2087300
16.7,0.1,9000,"bu","10:41:30",2087200
16.7,0.1,1200,"bu","10:41:27",2078200
16.7,0.1,300,"bu","10:41:24",2077000
16.7,0.1,1000,"bu","10:41:15",2076700
16.7,0.1,400,"bu","10:41:09",2075700
16.7,0.1,100,"bu","10:41:08",2075300
16.7,0.1,600,"bu","10:41:06",2075200
16.7,0.1,500,"bu","10:40:55",2074600
16.7,0.1,19900,"bu","10:40:39",2074100
16.7,0.1,4600,"bu","10:40:23",2054200
16.7,0.1,5000,"bu","10:40:16",2049600
16.7,0.1,1000,"bu","10:40:14",2044600
16.7,0.1,100,"bu","10:40:13",2043600
16.7,0.1,700,"bu","10:40:10",2043500
16.7,0.1,5000,"bu","10:40:01",2042800
16.7,0.1,3000,"bu","10:39:58",2037800
16.7,0.1,900,"bu","10:39:46",2034800
16.7,0.1,2000,"bu","10:39:43",2033900
16.7,0.1,200,"bu","10:39:42",2031900
16.7,0.1,100,"bu","10:39:38",2031700
16.7,0.1,500,"bu","10:39:37",2031600
16.7,0.1,100,"bu","10:39:12",2031100
16.7,0.1,500,"bu","10:39:02",2031000
16.7,0.1,5000,"bu","10:38:50",2030500
16.7,0.1,1000,"bu","10:38:19",2025500
16.7,0.1,500,"bu","10:38:16",2024500
16.7,0.1,200,"bu","10:38:05",2024000
16.7,0.1,500,"bu","10:37:58",2023800
16.65,0.05,200,"sd","10:37:48",2023300
16.65,0.05,600,"sd","10:37:36",2023100
16.7,0.1,3000,"bu","10:37:33",2022500
16.7,0.1,1000,"bu","10:37:08",2019500
16.65,0.05,6000,"sd","10:37:06",2018500
16.65,0.05,1000,"sd","10:37:05",2012500
16.65,0.05,1200,"sd","10:36:10",2011500
16.7,0.1,100,"bu","10:35:59",2010300
16.65,0.05,100,"sd","10:35:36",2010200
16.7,0.1,200,"bu","10:35:23",2010100
16.65,0.05,1300,"sd","10:35:19",2009900
16.65,0.05,100,"sd","10:35:17",2008600
16.65,0.05,5000,"sd","10:35:04",2008500
16.65,0.05,100,"sd","10:34:34",2003500
16.7,0.1,4000,"bu","10:34:33",2003400
16.65,0.05,200,"sd","10:34:21",1999400
16.65,0.05,200,"sd","10:34:13",1999200
16.65,0.05,500,"sd","10:34:05",1999000
16.65,0.05,300,"sd","10:33:44",1998500
16.65,0.05,200,"sd","10:33:40",1998200
16.7,0.1,400,"bu","10:33:33",1998000
16.65,0.05,400,"sd","10:33:28",1997600
16.65,0.05,10000,"sd","10:33:15",1997200
16.65,0.05,100,"sd","10:32:47",1987200
16.65,0.05,1800,"sd","10:32:47",1987100
16.65,0.05,7200,"bu","10:32:22",1985300
16.65,0.05,700,"bu","10:32:20",1978100
16.65,0.05,2000,"bu","10:32:11",1977400
16.65,0.05,200,"bu","10:32:10",1975400
16.65,0.05,5000,"bu","10:32:09",1975200
16.65,0.05,200,"bu","10:32:08",1970200
16.65,0.05,700,"bu","10:32:06",1970000
16.65,0.05,200,"bu","10:32:05",1969300
16.65,0.05,100,"bu","10:32:04",1969100
16.65,0.05,500,"bu","10:31:58",1969000
16.65,0.05,1000,"bu","10:31:57",1968500
16.65,0.05,73900,"bu","10:31:53",1967500
16.65,0.05,2800,"bu","10:31:50",1893600
16.65,0.05,1000,"bu","10:31:42",1890800
16.65,0.05,5000,"bu","10:31:37",1889800
16.65,0.05,400,"bu","10:31:27",1884800
16.65,0.05,600,"bu","10:31:17",1884400
16.65,0.05,300,"bu","10:31:13",1883800
16.65,0.05,2000,"bu","10:31:09",1883500
16.65,0.05,5000,"bu","10:31:09",1881500
16.65,0.05,5100,"bu","10:31:06",1876500
16.65,0.05,10000,"bu","10:31:03",1871400
16.65,0.05,400,"bu","10:30:54",1861400
16.65,0.05,100,"bu","10:30:37",1861000
16.65,0.05,500,"bu","10:30:35",1860900
16.6,0,300,"sd","10:30:16",1860400
16.65,0.05,5000,"bu","10:30:14",1860100
16.65,0.05,1000,"bu","10:30:08",1855100
16.65,0.05,400,"bu","10:30:06",1854100
16.65,0.05,100,"bu","10:30:05",1853700
16.65,0.05,1000,"bu","10:29:52",1853600
16.65,0.05,10100,"bu","10:29:51",1852600
16.65,0.05,2000,"bu","10:29:49",1842500
16.65,0.05,5200,"bu","10:29:48",1840500
16.65,0.05,1000,"bu","10:29:39",1835300
16.65,0.05,20000,"bu","10:29:39",1834300
16.65,0.05,200,"bu","10:29:28",1814300
16.65,0.05,1000,"bu","10:29:19",1814100
16.65,0.05,600,"bu","10:29:17",1813100
16.6,0,5000,"sd","10:29:16",1812500
16.65,0.05,10000,"bu","10:29:07",1807400
16.65,0.05,300,"bu","10:28:59",1797400
16.6,0,5000,"sd","10:28:57",1797100
16.65,0.05,10000,"bu","10:28:44",1792100
16.65,0.05,10000,"bu","10:28:35",1782100
16.6,0,500,"sd","10:27:46",1772100
16.65,0.05,1000,"bu","10:27:44",1771600
16.65,0.05,1000,"bu","10:27:01",1770600
16.65,0.05,500,"bu","10:26:37",1769600
16.6,0,3000,"sd","10:26:31",1769100
16.65,0.05,2000,"bu","10:26:18",1766100
16.65,0.05,100,"bu","10:26:05",1764100
16.6,0,2000,"sd","10:25:58",1764000
16.6,0,6000,"sd","10:25:30",1762000
16.65,0.05,1500,"bu","10:25:06",1756000
16.6,0,10000,"sd","10:24:59",1754500
16.6,0,1200,"sd","10:24:48",1744500
16.65,0.05,300,"bu","10:24:40",1743300
16.6,0,500,"sd","10:24:27",1743000
16.6,0,700,"sd","10:24:18",1742500
16.6,0,200,"sd","10:24:14",1741800
16.6,0,1000,"sd","10:23:54",1741600
16.65,0.05,7200,"bu","10:23:53",1740600
16.6,0,400,"sd","10:23:52",1733400
16.65,0.05,300,"bu","10:23:46",1733000
16.65,0.05,1000,"bu","10:23:35",1732700
16.65,0.05,1800,"bu","10:23:21",1731700
16.65,0.05,1500,"bu","10:23:10",1729900
16.65,0.05,1000,"bu","10:23:05",1728400
16.65,0.05,8000,"bu","10:22:51",1727400
16.65,0.05,2000,"bu","10:22:46",1719400
16.65,0.05,3000,"bu","10:22:46",1717400
16.65,0.05,20000,"bu","10:22:36",1714400
16.65,0.05,100,"bu","10:22:25",1694400
16.65,0.05,2800,"bu","10:22:16",1694300
16.6,0,100,"sd","10:22:06",1691500
16.65,0.05,500,"bu","10:21:44",1691400
16.65,0.05,1000,"bu","10:21:42",1690900
16.6,0,2000,"sd","10:21:41",1689900
16.65,0.05,1000,"bu","10:21:29",1687900
16.65,0.05,100,"bu","10:21:23",1686900
16.65,0.05,1000,"bu","10:21:15",1686800
16.65,0.05,100,"bu","10:21:01",1685800
16.6,0,100,"sd","10:20:02",1685700
16.6,0,1200,"sd","10:19:57",1685600
16.6,0,3400,"sd","10:19:37",1684400
16.65,0.05,100,"bu","10:19:35",1681000
16.65,0.05,200,"bu","10:19:34",1680900
16.65,0.05,300,"bu","10:19:31",1680700
16.65,0.05,100,"bu","10:19:07",1680400
16.65,0.05,3000,"bu","10:18:25",1680300
16.6,0,2400,"sd","10:18:07",1677300
16.6,0,1800,"sd","10:17:57",1674900
16.6,0,4200,"sd","10:17:56",1673100
16.65,0.05,3000,"bu","10:17:40",1668900
16.6,0,1000,"sd","10:16:14",1665900
16.65,0.05,100,"bu","10:16:02",1664900
16.65,0.05,200,"bu","10:15:59",1664800
16.65,0.05,100,"bu","10:15:46",1664600
16.65,0.05,13000,"bu","10:15:39",1664500
16.6,0,1000,"sd","10:15:34",1651500
16.65,0.05,100,"bu","10:15:32",1650500
16.65,0.05,500,"bu","10:15:19",1650400
16.65,0.05,200,"bu","10:15:17",1649900
16.65,0.05,500,"bu","10:15:15",1649700
16.65,0.05,1500,"bu","10:14:48",1649200
16.65,0.05,700,"bu","10:14:46",1647700
16.65,0.05,400,"bu","10:14:39",1647000
16.65,0.05,600,"bu","10:14:31",1646600
16.65,0.05,100,"bu","10:14:30",1646000
16.65,0.05,400,"bu","10:14:28",1645900
16.65,0.05,500,"bu","10:14:08",1645500
16.65,0.05,200,"bu","10:14:02",1645000
16.65,0.05,1000,"bu","10:14:01",1644800
16.65,0.05,300,"bu","10:13:35",1643800
16.65,0.05,200,"bu","10:13:15",1643500
16.6,0,100,"sd","10:13:10",1643300
16.6,0,3200,"sd","10:13:09",1643200
16.6,0,1000,"sd","10:12:55",1640000
16.6,0,12000,"sd","10:11:59",1639000
16.65,0.05,300,"bu","10:11:15",1627000
16.65,0.05,500,"bu","10:10:57",1626700
16.65,0.05,200,"bu","10:10:56",1626200
16.65,0.05,3000,"bu","10:10:45",1626000
16.65,0.05,300,"bu","10:10:42",1623000
16.65,0.05,10000,"bu","10:10:41",1622700
16.6,0,800,"sd","10:10:36",1612700
16.6,0,1000,"sd","10:10:24",1611900
16.65,0.05,5000,"bu","10:10:21",1610900
16.65,0.05,100,"bu","10:10:06",1605900
16.65,0.05,1000,"bu","10:09:56",1605800
16.65,0.05,1000,"bu","10:09:54",1604800
16.65,0.05,500,"bu","10:09:50",1603800
16.65,0.05,1000,"bu","10:09:44",1603300
16.65,0.05,7000,"bu","10:09:12",1602300
16.65,0.05,1000,"bu","10:09:09",1595300
16.6,0,400,"sd","10:09:08",1594300
16.6,0,200,"sd","10:08:50",1593900
16.65,0.05,500,"bu","10:08:15",1593700
16.65,0.05,5000,"bu","10:08:14",1593200
16.65,0.05,200,"bu","10:08:10",1588200
16.65,0.05,100,"bu","10:07:29",1588000
16.65,0.05,5600,"sd","10:07:19",1587900
16.65,0.05,1000,"sd","10:07:15",1582300
16.65,0.05,100,"sd","10:07:09",1581300
16.65,0.05,100,"sd","10:06:57",1581200
16.65,0.05,800,"bu","10:06:48",1581100
16.65,0.05,100,"bu","10:06:28",1580300
16.65,0.05,500,"bu","10:06:26",1580200
16.65,0.05,200,"bu","10:06:24",1579700
16.65,0.05,1000,"bu","10:05:57",1579500
16.65,0.05,1500,"bu","10:05:44",1578500
16.65,0.05,1400,"sd","10:05:39",1577000
16.65,0.05,400,"sd","10:05:16",1575600
16.65,0.05,1800,"sd","10:05:07",1575200
16.65,0.05,100,"sd","10:04:59",1573400
16.65,0.05,400,"bu","10:04:44",1573300
16.65,0.05,500,"bu","10:04:36",1572900
16.65,0.05,100,"bu","10:04:29",1572400
16.65,0.05,2000,"bu","10:04:06",1572300
16.65,0.05,200,"sd","10:04:03",1570300
16.65,0.05,9800,"bu","10:04:02",1570100
16.65,0.05,500,"bu","10:03:53",1560300
16.6,0,500,"sd","10:03:51",1559800
16.65,0.05,300,"bu","10:03:49",1559300
16.6,0,2000,"sd","10:03:10",1559000
16.65,0.05,500,"bu","10:02:52",1557000
16.65,0.05,3000,"bu","10:02:33",1556500
16.65,0.05,1400,"bu","10:02:30",1553500
16.6,0,100,"sd","10:02:27",1552100
16.6,0,300,"sd","10:02:26",1552000
16.6,0,100,"sd","10:02:18",1551700
16.65,0.05,1000,"bu","10:02:12",1551600
16.65,0.05,500,"bu","10:02:09",1550600
16.6,0,100,"sd","10:01:59",1550100
16.65,0.05,1000,"bu","10:01:54",1550000
16.6,0,1000,"sd","10:01:11",1549000
16.6,0,100,"sd","10:01:07",1548000
16.6,0,100,"sd","10:00:52",1547900
16.6,0,10000,"sd","10:00:42",1547800
16.65,0.05,100,"sd","10:00:39",1537800
16.65,0.05,900,"bu","10:00:38",1537700
16.6,0,86000,"sd","10:00:27",1536800
16.65,0.05,14000,"sd","10:00:27",1450800
16.65,0.05,100,"sd","10:00:21",1436800
16.65,0.05,100,"sd","10:00:17",1436700
16.65,0.05,1000,"sd","10:00:16",1436600
16.65,0.05,100,"sd","10:00:14",1435600
16.65,0.05,20100,"bu","09:59:54",1435500
16.6,0,2000,"sd","09:59:33",1415400
16.65,0.05,300,"bu","09:59:32",1413400
16.65,0.05,17900,"bu","09:59:26",1413100
16.65,0.05,300,"bu","09:58:41",1395200
16.65,0.05,300,"bu","09:58:36",1394900
16.65,0.05,200,"bu","09:58:25",1394600
16.65,0.05,13500,"sd","09:58:17",1394400
16.65,0.05,40000,"sd","09:58:09",1380900
16.65,0.05,200,"sd","09:58:06",1340900
16.65,0.05,100,"sd","09:58:01",1340700
16.65,0.05,29900,"sd","09:57:55",1340600
16.65,0.05,100,"sd","09:57:51",1310700
16.65,0.05,100,"sd","09:57:39",1310600
16.65,0.05,14000,"bu","09:57:35",1310500
16.6,0,1000,"sd","09:57:31",1296500
16.65,0.05,1000,"sd","09:57:30",1295500
16.65,0.05,1000,"sd","09:57:29",1294500
16.65,0.05,100,"bu","09:57:01",1293500
16.65,0.05,500,"bu","09:56:57",1293400
16.65,0.05,1100,"bu","09:56:55",1292900
16.65,0.05,5000,"bu","09:56:49",1291800
16.65,0.05,100,"bu","09:56:42",1286800
16.65,0.05,1000,"bu","09:56:40",1286700
16.65,0.05,400,"bu","09:56:21",1285700
16.65,0.05,3000,"bu","09:56:01",1285300
16.65,0.05,5000,"bu","09:56:00",1282300
16.65,0.05,10000,"bu","09:55:58",1277300
16.65,0.05,1000,"bu","09:55:57",1267300
16.65,0.05,1000,"bu","09:55:51",1266300
16.65,0.05,12000,"bu","09:55:19",1265300
16.65,0.05,1000,"bu","09:55:07",1253300
16.65,0.05,100,"bu","09:55:04",1252300
16.65,0.05,1000,"bu","09:54:57",1252200
16.65,0.05,100,"bu","09:54:56",1251200
16.65,0.05,15000,"bu","09:54:54",1251100
16.65,0.05,2000,"bu","09:54:51",1236100
16.65,0.05,15000,"bu","09:54:49",1234100
16.65,0.05,20000,"bu","09:54:38",1219100
16.65,0.05,500,"bu","09:54:21",1199100
16.65,0.05,4700,"sd","09:53:58",1198600
16.65,0.05,1000,"sd","09:53:52",1193900
16.65,0.05,200,"sd","09:53:46",1192900
16.65,0.05,500,"sd","09:53:37",1192700
16.65,0.05,100,"sd","09:53:28",1192200
16.65,0.05,100,"sd","09:53:27",1192100
16.65,0.05,100,"sd","09:53:21",1192000
16.65,0.05,8000,"sd","09:53:19",1191900
16.65,0.05,1000,"sd","09:53:16",1183900
16.65,0.05,100,"sd","09:53:07",1182900
16.65,0.05,4900,"sd","09:53:04",1182800
16.65,0.05,1000,"sd","09:52:56",1177900
16.65,0.05,1000,"sd","09:52:54",1176900
16.65,0.05,100,"sd","09:52:49",1175900
16.7,0.1,1000,"bu","09:52:42",1175800
16.65,0.05,16000,"sd","09:52:41",1174800
16.7,0.1,200,"bu","09:52:37",1158800
16.65,0.05,1000,"sd","09:52:33",1158600
16.65,0.05,10000,"sd","09:52:29",1157600
16.65,0.05,1000,"sd","09:52:28",1147600
16.65,0.05,1000,"sd","09:52:25",1146600
16.65,0.05,1000,"sd","09:52:24",1145600
16.65,0.05,2400,"sd","09:51:54",1144600
16.65,0.05,3100,"sd","09:51:54",1142200
16.65,0.05,10000,"sd","09:51:51",1139100
16.7,0.1,100,"bu","09:51:50",1129100
16.65,0.05,6000,"sd","09:51:46",1129000
16.65,0.05,3000,"sd","09:51:41",1123000
16.7,0.1,5000,"bu","09:51:37",1120000
16.65,0.05,2000,"sd","09:51:34",1115000
16.65,0.05,200,"sd","09:51:15",1113000
16.7,0.1,4500,"bu","09:51:12",1112800
16.7,0.1,100,"bu","09:51:02",1108300
16.65,0.05,400,"sd","09:50:49",1108200
16.65,0.05,1500,"sd","09:50:39",1107800
16.65,0.05,10000,"sd","09:50:37",1106300
16.65,0.05,1000,"sd","09:50:35",1096300
16.65,0.05,2000,"sd","09:50:26",1095300
16.65,0.05,1000,"sd","09:50:12",1093300
16.65,0.05,5000,"sd","09:50:08",1092300
16.65,0.05,1000,"sd","09:50:07",1087300
16.65,0.05,1800,"sd","09:49:55",1086300
16.65,0.05,2000,"sd","09:49:33",1084500
16.65,0.05,500,"sd","09:49:23",1082500
16.65,0.05,500,"sd","09:49:18",1082000
16.7,0.1,500,"bu","09:48:32",1081500
16.7,0.1,1000,"bu","09:48:16",1081000
16.7,0.1,10000,"bu","09:48:14",1080000
16.7,0.1,500,"bu","09:48:13",1070000
16.7,0.1,700,"bu","09:47:57",1069500
16.7,0.1,400,"bu","09:47:51",1068800
16.7,0.1,17300,"sd","09:47:50",1068400
16.7,0.1,3000,"sd","09:47:49",1051100
16.7,0.1,4000,"sd","09:47:43",1048100
16.7,0.1,2400,"sd","09:47:42",1044100
16.7,0.1,2000,"sd","09:47:40",1041700
16.7,0.1,5000,"sd","09:47:39",1039700
16.7,0.1,1000,"sd","09:47:37",1034700
16.7,0.1,1200,"sd","09:47:36",1033700
16.7,0.1,1000,"sd","09:47:33",1032500
16.7,0.1,200,"sd","09:47:31",1031500
16.7,0.1,10000,"sd","09:47:10",1031300
16.7,0.1,1000,"sd","09:47:09",1021300
16.75,0.15,800,"bu","09:47:06",1020300
16.7,0.1,200,"sd","09:47:05",1019500
16.75,0.15,1000,"bu","09:47:05",1019300
16.7,0.1,100,"sd","09:47:01",1018300
16.7,0.1,3000,"sd","09:46:59",1018200
16.7,0.1,100,"sd","09:46:51",1015200
16.7,0.1,10000,"sd","09:46:50",1015100
16.7,0.1,200,"sd","09:46:45",1005100
16.7,0.1,200,"sd","09:46:37",1004900
16.7,0.1,200,"sd","09:46:24",1004700
16.75,0.15,100,"bu","09:46:19",1004500
16.7,0.1,3000,"sd","09:46:12",1004400
16.7,0.1,100,"sd","09:45:59",1001400
16.7,0.1,200,"sd","09:45:59",1001300
16.75,0.15,10000,"bu","09:45:50",1001100
16.7,0.1,3800,"sd","09:45:49",991100
16.7,0.1,100,"sd","09:45:46",987300
16.7,0.1,500,"sd","09:45:46",987200
16.7,0.1,1000,"sd","09:45:36",986700
16.7,0.1,5000,"sd","09:45:26",985700
16.75,0.15,200,"bu","09:45:14",980700
16.75,0.15,100,"bu","09:45:10",980500
16.75,0.15,100,"bu","09:44:50",980400
16.7,0.1,1000,"sd","09:44:46",980300
16.7,0.1,100,"sd","09:44:37",979300
16.7,0.1,20000,"sd","09:44:34",979200
16.7,0.1,500,"sd","09:44:28",959200
16.7,0.1,1000,"sd","09:44:23",958700
16.7,0.1,300,"sd","09:44:21",957700
16.7,0.1,500,"sd","09:44:10",957400
16.7,0.1,27300,"sd","09:44:07",956900
16.7,0.1,22800,"sd","09:44:06",929600
16.7,0.1,1000,"sd","09:43:53",906800
16.75,0.15,400,"bu","09:43:51",905800
16.7,0.1,5000,"sd","09:43:46",905400
16.75,0.15,300,"bu","09:43:46",900400
16.7,0.1,100,"sd","09:43:45",900100
16.7,0.1,200,"sd","09:43:32",900000
16.7,0.1,200,"sd","09:43:27",899800
16.7,0.1,100,"sd","09:43:14",899600
16.7,0.1,2000,"sd","09:43:06",899500
16.7,0.1,90500,"bu","09:43:02",897500
16.7,0.1,1600,"bu","09:43:00",807000
16.7,0.1,200,"bu","09:42:57",805400
16.7,0.1,8300,"bu","09:42:56",805200
16.7,0.1,500,"bu","09:42:54",796900
16.7,0.1,9500,"bu","09:42:53",796400
16.7,0.1,1000,"bu","09:42:51",786900
16.7,0.1,1000,"bu","09:42:49",785900
16.7,0.1,200,"bu","09:42:47",784900
16.7,0.1,3000,"bu","09:42:46",784700
16.65,0.05,2000,"sd","09:42:44",781700
16.7,0.1,100,"bu","09:42:42",779700
16.7,0.1,20000,"bu","09:42:40",779600
16.7,0.1,100,"bu","09:42:37",759600
16.7,0.1,100,"bu","09:42:27",759500
16.7,0.1,7000,"bu","09:42:23",759400
16.7,0.1,200,"bu","09:42:17",752400
16.7,0.1,1000,"bu","09:42:11",752200
16.65,0.05,300,"sd","09:41:47",751200
16.7,0.1,700,"bu","09:41:47",750900
16.7,0.1,15000,"bu","09:41:38",750200
16.65,0.05,200,"sd","09:41:36",735200
16.7,0.1,100,"bu","09:41:35",735000
16.7,0.1,5000,"bu","09:41:34",734900
16.7,0.1,12700,"bu","09:41:32",729900
16.7,0.1,100,"bu","09:41:29",717200
16.7,0.1,3000,"bu","09:41:22",717100
16.7,0.1,200,"bu","09:41:18",714100
16.7,0.1,100,"bu","09:41:09",713900
16.7,0.1,200,"bu","09:41:01",713800
16.7,0.1,5400,"bu","09:40:57",713600
16.7,0.1,8900,"bu","09:40:52",708200
16.7,0.1,5000,"bu","09:40:50",699300
16.7,0.1,100,"bu","09:40:48",694300
16.7,0.1,2000,"bu","09:40:23",694200
16.7,0.1,1000,"bu","09:40:22",692200
16.7,0.1,300,"bu","09:40:14",691200
16.7,0.1,200,"bu","09:40:12",690900
16.7,0.1,1500,"bu","09:40:11",690700
16.7,0.1,1000,"bu","09:40:06",689200
16.7,0.1,2800,"bu","09:40:03",688200
16.7,0.1,5000,"bu","09:39:50",685400
16.7,0.1,1500,"bu","09:39:44",680400
16.7,0.1,1000,"bu","09:39:43",678900
16.7,0.1,100,"bu","09:39:42",677900
16.7,0.1,5000,"bu","09:39:40",677800
16.7,0.1,1000,"bu","09:39:38",672800
16.7,0.1,2000,"bu","09:39:37",671800
16.7,0.1,100,"bu","09:39:28",669800
16.7,0.1,5000,"bu","09:39:20",669700
16.7,0.1,2700,"bu","09:39:04",664700
16.7,0.1,100,"bu","09:39:01",662000
16.7,0.1,10000,"bu","09:38:55",661900
16.7,0.1,10000,"bu","09:38:42",651900
16.7,0.1,1000,"bu","09:38:41",641900
16.7,0.1,1000,"bu","09:38:34",640900
16.7,0.1,1600,"bu","09:38:27",639900
16.7,0.1,100,"bu","09:38:25",638300
16.7,0.1,1000,"bu","09:38:02",638200
16.65,0.05,2600,"sd","09:37:48",637200
16.7,0.1,100,"bu","09:37:45",634600
16.7,0.1,1000,"bu","09:37:38",634500
16.7,0.1,500,"bu","09:37:31",633500
16.65,0.05,100,"sd","09:37:10",633000
16.65,0.05,200,"sd","09:37:05",632900
16.65,0.05,1000,"sd","09:37:02",632700
16.65,0.05,5000,"sd","09:36:59",631700
16.65,0.05,500,"sd","09:36:45",626700
16.65,0.05,100,"sd","09:36:30",626200
16.65,0.05,1000,"sd","09:36:20",626100
16.65,0.05,3500,"sd","09:36:19",625100
16.6,0,1000,"sd","09:35:56",621600
16.65,0.05,140000,"bu","09:35:56",620600
16.65,0.05,200,"bu","09:35:45",480600
16.65,0.05,16000,"bu","09:35:32",480400
16.6,0,600,"sd","09:35:22",464400
16.6,0,1300,"sd","09:35:07",463800
16.6,0,1000,"sd","09:34:38",462500
16.65,0.05,1000,"bu","09:34:32",461500
16.6,0,10000,"sd","09:34:30",460500
16.6,0,3600,"sd","09:34:29",450500
16.6,0,3000,"sd","09:34:05",446900
16.6,0,100,"sd","09:33:46",443900
16.6,0,4000,"sd","09:33:15",443800
16.6,0,200,"sd","09:33:11",439800
16.6,0,5000,"sd","09:32:37",439600
16.6,0,1200,"sd","09:32:34",434600
16.6,0,13800,"sd","09:32:33",433400
16.6,0,9800,"sd","09:32:33",419600
16.6,0,500,"sd","09:32:24",409800
16.6,0,10000,"sd","09:32:20",409300
16.6,0,10000,"sd","09:32:06",399300
16.6,0,3000,"sd","09:31:48",389300
16.6,0,8000,"sd","09:31:20",386300
16.6,0,1800,"bu","09:31:11",378300
16.6,0,20000,"bu","09:31:09",376500
16.6,0,8200,"sd","09:31:08",356500
16.6,0,800,"sd","09:30:49",348300
16.6,0,10000,"sd","09:30:17",347500
16.6,0,300,"sd","09:30:17",337500
16.6,0,9000,"bu","09:30:14",337200
16.6,0,100,"bu","09:30:13",328200
16.55,-0.05,15000,"sd","09:30:12",328100
16.55,-0.05,1400,"sd","09:29:56",313100
16.6,0,50000,"bu","09:29:46",311700
16.55,-0.05,100,"sd","09:29:42",261700
16.55,-0.05,100,"sd","09:29:33",261600
16.55,-0.05,3800,"sd","09:28:47",261500
16.55,-0.05,5000,"sd","09:28:45",257700
16.6,0,100,"bu","09:28:42",252700
16.55,-0.05,10000,"sd","09:28:38",252600
16.55,-0.05,300,"sd","09:28:29",242600
16.55,-0.05,200,"sd","09:28:24",242300
16.6,0,30000,"bu","09:28:23",242100
16.55,-0.05,10000,"sd","09:28:04",212100
16.55,-0.05,10000,"sd","09:28:03",202100
16.55,-0.05,500,"sd","09:27:54",192100
16.55,-0.05,5600,"sd","09:27:27",191600
16.6,0,1000,"bu","09:27:20",186000
16.55,-0.05,200,"sd","09:27:15",185000
16.55,-0.05,100,"sd","09:27:09",184800
16.6,0,1500,"bu","09:26:55",184700
16.55,-0.05,1000,"sd","09:26:51",183200
16.55,-0.05,1000,"sd","09:26:43",182200
16.6,0,500,"bu","09:26:28",181200
16.6,0,1000,"bu","09:26:13",180700
16.6,0,500,"bu","09:25:50",179700
16.6,0,100,"bu","09:25:49",179200
16.6,0,1000,"bu","09:25:47",179100
16.6,0,1000,"bu","09:25:42",178100
16.6,0,3000,"bu","09:25:28",177100
16.6,0,1000,"bu","09:25:27",174100
16.6,0,200,"bu","09:25:23",173100
16.6,0,4200,"bu","09:25:17",172900
16.6,0,800,"bu","09:25:16",168700
16.6,0,200,"sd","09:24:58",167900
16.6,0,2500,"sd","09:24:56",167700
16.6,0,1000,"sd","09:24:42",165200
16.6,0,100,"sd","09:24:40",164200
16.6,0,300,"sd","09:24:38",164100
16.6,0,4700,"sd","09:24:38",163800
16.6,0,2000,"sd","09:24:34",159100
16.6,0,10500,"sd","09:24:33",157100
16.6,0,10000,"sd","09:24:23",146600
16.6,0,500,"sd","09:24:10",136600
16.6,0,800,"sd","09:23:57",136100
16.6,0,1000,"sd","09:23:52",135300
16.6,0,1200,"sd","09:23:48",134300
16.65,0.05,7000,"bu","09:23:38",133100
16.6,0,1000,"sd","09:23:38",126100
16.6,0,7000,"sd","09:23:31",125100
16.6,0,3300,"sd","09:23:30",118100
16.6,0,5000,"sd","09:23:29",114800
16.6,0,500,"sd","09:23:23",109800
16.6,0,200,"sd","09:23:10",109300
16.6,0,2200,"sd","09:22:47",109100
16.6,0,1000,"sd","09:22:31",106900
16.6,0,3000,"sd","09:22:29",105900
16.6,0,11000,"sd","09:22:14",102900
16.6,0,200,"sd","09:22:10",91900
16.65,0.05,100,"bu","09:21:44",91700
16.6,0,500,"sd","09:21:31",91600
16.65,0.05,1000,"bu","09:21:26",91100
16.65,0.05,1000,"bu","09:21:22",90100
16.65,0.05,100,"bu","09:21:17",89100
16.65,0.05,1000,"bu","09:21:16",89000
16.65,0.05,700,"bu","09:21:13",88000
16.65,0.05,800,"bu","09:21:12",87300
16.65,0.05,1200,"bu","09:21:06",86500
16.65,0.05,2000,"bu","09:21:01",85300
16.65,0.05,1000,"bu","09:20:59",83300
16.65,0.05,2000,"bu","09:20:56",82300
16.65,0.05,200,"bu","09:20:54",80300
16.65,0.05,400,"bu","09:20:51",80100
16.65,0.05,300,"bu","09:20:32",79700
16.65,0.05,5000,"bu","09:20:29",79400
16.65,0.05,1000,"bu","09:20:29",74400
16.65,0.05,1000,"bu","09:20:11",73400
16.65,0.05,500,"bu","09:20:03",72400
16.65,0.05,100,"bu","09:19:54",71900
16.65,0.05,700,"bu","09:19:51",71800
16.65,0.05,100,"bu","09:19:38",71100
16.65,0.05,400,"bu","09:19:30",71000
16.65,0.05,1000,"bu","09:19:28",70600
16.65,0.05,3000,"bu","09:19:27",69600
16.65,0.05,400,"bu","09:19:23",66600
16.65,0.05,100,"bu","09:19:20",66200
16.65,0.05,800,"sd","09:19:19",66100
16.65,0.05,4200,"bu","09:19:17",65300
16.65,0.05,200,"bu","09:19:14",61100
16.65,0.05,200,"bu","09:19:09",60900
16.65,0.05,100,"bu","09:19:01",60700
16.65,0.05,1000,"bu","09:18:53",60600
16.65,0.05,200,"bu","09:18:48",59600
16.65,0.05,200,"bu","09:18:40",59400
16.65,0.05,500,"bu","09:18:31",59200
16.65,0.05,300,"bu","09:18:27",58700
16.65,0.05,100,"sd","09:18:21",58400
16.65,0.05,2000,"sd","09:18:19",58300
16.65,0.05,1500,"sd","09:18:18",56300
16.65,0.05,1900,"sd","09:18:10",54800
16.65,0.05,5000,"sd","09:18:05",52900
16.65,0.05,1600,"sd","09:17:57",47900
16.65,0.05,100,"sd","09:17:43",46300
16.7,0.1,100,"bu","09:17:42",46200
16.65,0.05,300,"sd","09:17:37",46100
16.65,0.05,1000,"sd","09:17:36",45800
16.65,0.05,1500,"sd","09:17:32",44800
16.65,0.05,200,"bu","09:17:23",43300
16.65,0.05,300,"sd","09:17:22",43100
16.65,0.05,500,"sd","09:17:18",42800
16.65,0.05,200,"sd","09:17:10",42300
16.65,0.05,300,"sd","09:17:09",42100
16.65,0.05,200,"sd","09:17:03",41800
16.65,0.05,900,"sd","09:16:56",41600
16.65,0.05,500,"sd","09:16:52",40700
16.65,0.05,1000,"sd","09:16:37",40200
16.65,0.05,100,"bu","09:16:30",39200
16.65,0.05,400,"sd","09:16:28",39100
16.65,0.05,100,"bu","09:16:09",38700
16.65,0.05,900,"sd","09:16:03",38600
16.65,0.05,4100,"bu","09:16:03",37700
16.65,0.05,1500,"bu","09:15:49",33600
16.6,0,1000,"sd","09:15:45",32100
16.6,0,100,"sd","09:15:29",31100
16.6,0,1800,"bu","09:15:20",31000
16.6,0,29200,"","09:15:01",29200
