"price","change","match_qtty","side","time","total_vol"
10.75,0.05,581500,"","14:45:01",8682700
10.75,0.05,100,"bu","14:29:56",8101200
10.75,0.05,46800,"bu","14:29:49",8101100
10.75,0.05,10000,"bu","14:29:42",8054300
10.75,0.05,7800,"bu","14:29:40",8044300
10.75,0.05,100,"bu","14:29:34",8036500
10.7,0,6400,"sd","14:29:33",8036400
10.75,0.05,202100,"sd","14:29:22",8030000
10.75,0.05,9600,"sd","14:29:12",7827900
10.75,0.05,7300,"sd","14:29:02",7818300
10.75,0.05,2300,"sd","14:29:02",7811000
10.75,0.05,400,"sd","14:28:57",7808700
10.75,0.05,200,"sd","14:28:56",7808300
10.75,0.05,2000,"sd","14:28:42",7808100
10.75,0.05,600,"sd","14:28:41",7806100
10.75,0.05,5000,"sd","14:28:34",7805500
10.75,0.05,10000,"sd","14:28:31",7800500
10.75,0.05,31200,"sd","14:28:27",7790500
10.75,0.05,3000,"sd","14:28:21",7759300
10.75,0.05,200,"sd","14:27:50",7756300
10.8,0.1,1000,"bu","14:27:48",7756100
10.75,0.05,12000,"sd","14:27:44",7755100
10.75,0.05,5000,"sd","14:27:44",7743100
10.8,0.1,3000,"bu","14:27:39",7738100
10.75,0.05,1000,"sd","14:27:33",7735100
10.75,0.05,8000,"sd","14:27:13",7734100
10.75,0.05,100,"sd","14:27:12",7726100
10.75,0.05,200,"sd","14:27:07",7726000
10.75,0.05,100,"sd","14:26:56",7725800
10.8,0.1,1000,"bu","14:26:55",7725700
10.8,0.1,10000,"bu","14:26:49",7724700
10.75,0.05,10000,"sd","14:26:49",7714700
10.8,0.1,1000,"bu","14:26:47",7704700
10.75,0.05,8400,"sd","14:26:27",7703700
10.8,0.1,3200,"bu","14:26:21",7695300
10.8,0.1,3000,"bu","14:26:13",7692100
10.75,0.05,30000,"sd","14:26:10",7689100
10.8,0.1,800,"bu","14:25:57",7659100
10.8,0.1,500,"bu","14:25:45",7658300
10.8,0.1,2000,"bu","14:25:41",7657800
10.8,0.1,4800,"bu","14:25:16",7655800
10.75,0.05,1000,"sd","14:25:13",7651000
10.8,0.1,2000,"bu","14:24:44",7650000
10.75,0.05,1000,"sd","14:24:42",7648000
10.8,0.1,2000,"bu","14:24:37",7647000
10.75,0.05,1900,"sd","14:24:29",7645000
10.75,0.05,7000,"sd","14:24:24",7643100
10.75,0.05,50700,"sd","14:24:20",7636100
10.75,0.05,5000,"sd","14:24:17",7585400
10.8,0.1,100,"bu","14:24:16",7580400
10.75,0.05,1600,"sd","14:24:14",7580300
10.75,0.05,200,"sd","14:24:09",7578700
10.75,0.05,500,"sd","14:24:01",7578500
10.75,0.05,10000,"sd","14:23:50",7578000
10.8,0.1,11200,"bu","14:23:50",7568000
10.8,0.1,100,"bu","14:23:41",7556800
10.75,0.05,1000,"sd","14:23:38",7556700
10.75,0.05,1000,"sd","14:23:30",7555700
10.75,0.05,300,"sd","14:23:25",7554700
10.75,0.05,2000,"sd","14:23:21",7554400
10.75,0.05,800,"sd","14:23:05",7552400
10.8,0.1,1500,"bu","14:22:49",7551600
10.8,0.1,100,"bu","14:22:36",7550100
10.8,0.1,200,"bu","14:22:27",7550000
10.8,0.1,29800,"bu","14:22:26",7549800
10.8,0.1,300,"bu","14:22:25",7520000
10.75,0.05,2000,"sd","14:22:21",7519700
10.8,0.1,200,"bu","14:22:20",7517700
10.8,0.1,100,"bu","14:22:05",7517500
10.8,0.1,500,"bu","14:21:57",7517400
10.8,0.1,4300,"bu","14:20:42",7516900
10.75,0.05,500,"sd","14:20:27",7512500
10.75,0.05,100000,"sd","14:20:05",7512000
10.8,0.1,20000,"bu","14:19:44",7412000
10.8,0.1,1000,"bu","14:19:26",7392000
10.75,0.05,700,"sd","14:19:03",7391000
10.8,0.1,3000,"bu","14:19:03",7390300
10.8,0.1,1700,"bu","14:19:01",7387300
10.8,0.1,5000,"bu","14:18:57",7385600
10.8,0.1,7900,"bu","14:18:51",7380600
10.75,0.05,800,"sd","14:18:41",7372700
10.75,0.05,2000,"sd","14:18:39",7371900
10.75,0.05,2400,"sd","14:18:38",7369900
10.8,0.1,2000,"bu","14:18:26",7367500
10.8,0.1,5700,"bu","14:18:24",7365500
10.8,0.1,900,"bu","14:18:19",7359800
10.8,0.1,100,"bu","14:18:16",7358900
10.8,0.1,100,"bu","14:17:55",7358800
10.8,0.1,4000,"bu","14:17:51",7358700
10.8,0.1,1000,"bu","14:17:48",7354700
10.8,0.1,2700,"bu","14:17:37",7353700
10.8,0.1,11300,"bu","14:17:27",7351000
10.8,0.1,200,"bu","14:17:24",7339700
10.8,0.1,5000,"bu","14:17:09",7339500
10.8,0.1,5000,"bu","14:17:05",7334500
10.8,0.1,1000,"bu","14:17:01",7329500
10.8,0.1,100,"bu","14:16:45",7328500
10.75,0.05,5200,"sd","14:16:39",7328400
10.8,0.1,2100,"bu","14:16:37",7323200
10.75,0.05,42400,"sd","14:16:29",7321100
10.75,0.05,96500,"sd","14:16:22",7278700
10.75,0.05,278500,"sd","14:16:21",7182200
10.8,0.1,25200,"bu","14:16:21",6903700
10.8,0.1,10000,"bu","14:16:17",6878500
10.8,0.1,3200,"bu","14:16:05",6868500
10.8,0.1,7000,"bu","14:16:03",6865300
10.8,0.1,2000,"bu","14:16:00",6858300
10.75,0.05,2000,"sd","14:15:59",6856300
10.75,0.05,1000,"sd","14:15:55",6854300
10.8,0.1,10300,"bu","14:15:52",6853300
10.8,0.1,7000,"bu","14:15:42",6843000
10.8,0.1,2000,"bu","14:15:31",6836000
10.8,0.1,11200,"bu","14:15:23",6834000
10.8,0.1,7000,"bu","14:15:22",6822800
10.8,0.1,10000,"bu","14:15:18",6815800
10.75,0.05,2000,"sd","14:15:14",6805800
10.8,0.1,10000,"bu","14:15:06",6803800
10.8,0.1,600,"bu","14:15:05",6793800
10.8,0.1,7000,"bu","14:15:00",6793200
10.8,0.1,10000,"bu","14:14:58",6786200
10.8,0.1,100,"bu","14:14:53",6776200
10.8,0.1,10600,"bu","14:14:51",6776100
10.8,0.1,200,"bu","14:14:46",6765500
10.8,0.1,7000,"bu","14:14:42",6765300
10.8,0.1,10300,"bu","14:14:41",6758300
10.8,0.1,15100,"bu","14:14:36",6748000
10.8,0.1,7000,"bu","14:14:21",6732900
10.8,0.1,1500,"bu","14:13:47",6725900
10.8,0.1,10000,"bu","14:13:30",6724400
10.8,0.1,1000,"bu","14:12:12",6714400
10.8,0.1,100,"bu","14:11:57",6713400
10.8,0.1,2000,"bu","14:11:48",6713300
10.8,0.1,30000,"bu","14:11:37",6711300
10.8,0.1,500,"bu","14:11:24",6681300
10.75,0.05,1000,"sd","14:11:23",6680800
10.8,0.1,10000,"bu","14:11:20",6679800
10.8,0.1,1000,"bu","14:11:18",6669800
10.8,0.1,100,"bu","14:10:36",6668800
10.8,0.1,5000,"bu","14:10:32",6668700
10.8,0.1,1000,"bu","14:10:17",6663700
10.8,0.1,100,"bu","14:10:12",6662700
10.75,0.05,4000,"sd","14:10:03",6662600
10.75,0.05,400,"sd","14:09:59",6658600
10.75,0.05,2900,"sd","14:09:53",6658200
10.75,0.05,100,"sd","14:09:44",6655300
10.8,0.1,1000,"bu","14:09:36",6655200
10.8,0.1,500,"bu","14:09:33",6654200
10.8,0.1,23200,"bu","14:09:06",6653700
10.8,0.1,8900,"bu","14:09:04",6630500
10.8,0.1,500,"bu","14:08:46",6621600
10.8,0.1,1000,"bu","14:08:20",6621100
10.8,0.1,5000,"bu","14:08:18",6620100
10.8,0.1,100,"bu","14:07:47",6615100
10.8,0.1,10000,"bu","14:07:37",6615000
10.75,0.05,1000,"sd","14:07:35",6605000
10.8,0.1,8000,"bu","14:07:35",6604000
10.8,0.1,5900,"sd","14:06:45",6596000
10.8,0.1,10000,"sd","14:06:37",6590100
10.8,0.1,300,"sd","14:06:29",6580100
10.8,0.1,300,"sd","14:06:27",6579800
10.8,0.1,1000,"sd","14:06:25",6579500
10.8,0.1,100,"sd","14:06:22",6578500
10.8,0.1,1000,"sd","14:06:20",6578400
10.8,0.1,300,"sd","14:06:11",6577400
10.8,0.1,100,"sd","14:06:07",6577100
10.8,0.1,100,"sd","14:06:00",6577000
10.8,0.1,700,"sd","14:05:59",6576900
10.8,0.1,1000,"sd","14:05:53",6576200
10.8,0.1,100,"sd","14:05:51",6575200
10.8,0.1,6500,"sd","14:05:29",6575100
10.8,0.1,2000,"sd","14:05:27",6568600
10.8,0.1,400,"bu","14:05:23",6566600
10.8,0.1,3000,"bu","14:05:19",6566200
10.8,0.1,3000,"bu","14:05:18",6563200
10.8,0.1,4500,"bu","14:05:14",6560200
10.8,0.1,2000,"bu","14:05:11",6555700
10.8,0.1,13000,"bu","14:05:07",6553700
10.8,0.1,1000,"bu","14:05:06",6540700
10.8,0.1,1000,"bu","14:05:00",6539700
10.8,0.1,4000,"bu","14:04:59",6538700
10.8,0.1,5000,"bu","14:04:58",6534700
10.8,0.1,10000,"bu","14:04:52",6529700
10.8,0.1,8000,"bu","14:04:48",6519700
10.8,0.1,500,"bu","14:04:48",6511700
10.8,0.1,36800,"bu","14:04:43",6511200
10.8,0.1,600,"bu","14:04:41",6474400
10.75,0.05,1800,"sd","14:04:40",6473800
10.8,0.1,1700,"bu","14:04:38",6472000
10.8,0.1,2900,"bu","14:04:37",6470300
10.8,0.1,9100,"bu","14:04:35",6467400
10.8,0.1,200,"bu","14:04:34",6458300
10.8,0.1,4100,"bu","14:04:33",6458100
10.8,0.1,11000,"bu","14:04:32",6454000
10.8,0.1,1000,"bu","14:04:31",6443000
10.8,0.1,5000,"bu","14:04:31",6442000
10.8,0.1,30000,"bu","14:04:29",6437000
10.8,0.1,10000,"bu","14:04:28",6407000
10.8,0.1,3000,"bu","14:04:27",6397000
10.8,0.1,3000,"bu","14:04:25",6394000
10.8,0.1,10000,"bu","14:04:24",6391000
10.8,0.1,1000,"bu","14:04:23",6381000
10.8,0.1,20000,"bu","14:04:18",6380000
10.8,0.1,3000,"bu","14:04:18",6360000
10.8,0.1,10000,"bu","14:04:15",6357000
10.8,0.1,5000,"bu","14:04:14",6347000
10.8,0.1,24600,"bu","14:04:13",6342000
10.8,0.1,2400,"bu","14:04:10",6317400
10.8,0.1,4000,"bu","14:04:08",6315000
10.8,0.1,73500,"bu","14:03:59",6311000
10.8,0.1,3500,"bu","14:03:56",6237500
10.8,0.1,10000,"bu","14:03:56",6234000
10.8,0.1,20000,"bu","14:03:53",6224000
10.8,0.1,10000,"bu","14:03:37",6204000
10.8,0.1,500,"bu","14:03:31",6194000
10.8,0.1,7000,"bu","14:03:28",6193500
10.8,0.1,1500,"bu","14:03:18",6186500
10.8,0.1,1000,"bu","14:03:07",6185000
10.8,0.1,7000,"bu","14:03:06",6184000
10.8,0.1,5000,"bu","14:03:03",6177000
10.8,0.1,1000,"bu","14:02:52",6172000
10.8,0.1,20000,"bu","14:02:30",6171000
10.8,0.1,3000,"bu","14:02:27",6151000
10.75,0.05,100,"sd","14:02:23",6148000
10.8,0.1,2000,"bu","14:02:18",6147900
10.8,0.1,20000,"bu","14:02:16",6145900
10.8,0.1,3000,"bu","14:02:13",6125900
10.8,0.1,7300,"bu","14:02:08",6122900
10.8,0.1,2700,"bu","14:02:08",6115600
10.8,0.1,100,"bu","14:02:02",6112900
10.75,0.05,200,"sd","14:02:01",6112800
10.8,0.1,200,"bu","14:01:55",6112600
10.8,0.1,6000,"bu","14:01:53",6112400
10.8,0.1,400,"bu","14:01:53",6106400
10.8,0.1,49600,"bu","14:01:52",6106000
10.8,0.1,3000,"bu","14:01:49",6056400
10.8,0.1,1000,"bu","14:01:48",6053400
10.8,0.1,1000,"bu","14:01:42",6052400
10.8,0.1,50000,"bu","14:01:29",6051400
10.8,0.1,10000,"bu","14:01:18",6001400
10.8,0.1,200,"bu","14:01:13",5991400
10.75,0.05,20000,"sd","14:01:10",5991200
10.8,0.1,1000,"bu","14:00:54",5971200
10.8,0.1,100,"bu","14:00:48",5970200
10.8,0.1,1000,"bu","14:00:47",5970100
10.8,0.1,1000,"bu","14:00:24",5969100
10.8,0.1,600,"bu","14:00:16",5968100
10.8,0.1,2000,"bu","14:00:15",5967500
10.8,0.1,2000,"bu","14:00:06",5965500
10.8,0.1,400,"bu","13:59:58",5963500
10.8,0.1,9600,"bu","13:59:58",5963100
10.8,0.1,5000,"bu","13:59:52",5953500
10.8,0.1,3000,"bu","13:59:51",5948500
10.8,0.1,300,"bu","13:59:51",5945500
10.8,0.1,200,"bu","13:59:48",5945200
10.8,0.1,1800,"bu","13:59:34",5945000
10.8,0.1,9000,"bu","13:59:30",5943200
10.8,0.1,2000,"bu","13:59:21",5934200
10.8,0.1,10000,"bu","13:59:17",5932200
10.8,0.1,10000,"bu","13:59:15",5922200
10.8,0.1,2100,"bu","13:59:13",5912200
10.8,0.1,10000,"bu","13:59:11",5910100
10.8,0.1,1000,"bu","13:59:04",5900100
10.8,0.1,200,"bu","13:58:50",5899100
10.8,0.1,55000,"bu","13:58:44",5898900
10.8,0.1,2500,"bu","13:58:31",5843900
10.8,0.1,7300,"bu","13:58:25",5841400
10.8,0.1,100,"bu","13:58:23",5834100
10.8,0.1,100,"bu","13:58:21",5834000
10.8,0.1,10000,"bu","13:58:05",5833900
10.8,0.1,7000,"bu","13:58:00",5823900
10.8,0.1,10700,"bu","13:57:54",5816900
10.8,0.1,4800,"bu","13:57:54",5806200
10.8,0.1,8800,"bu","13:57:46",5801400
10.8,0.1,8000,"bu","13:57:45",5792600
10.8,0.1,7000,"bu","13:57:42",5784600
10.8,0.1,19200,"bu","13:57:28",5777600
10.8,0.1,14400,"bu","13:57:27",5758400
10.8,0.1,4800,"bu","13:57:27",5744000
10.8,0.1,7000,"bu","13:57:20",5739200
10.8,0.1,1000,"bu","13:57:10",5732200
10.8,0.1,10000,"bu","13:57:08",5731200
10.8,0.1,7000,"bu","13:57:00",5721200
10.8,0.1,7000,"bu","13:56:27",5714200
10.8,0.1,500,"bu","13:56:26",5707200
10.8,0.1,200,"bu","13:56:17",5706700
10.75,0.05,100,"sd","13:56:13",5706500
10.8,0.1,7000,"bu","13:56:10",5706400
10.8,0.1,20000,"bu","13:56:05",5699400
10.8,0.1,7000,"bu","13:55:47",5679400
10.8,0.1,300,"bu","13:55:43",5672400
10.8,0.1,7000,"bu","13:55:27",5672100
10.8,0.1,100,"bu","13:55:11",5665100
10.8,0.1,7000,"bu","13:55:06",5665000
10.8,0.1,7000,"bu","13:54:46",5658000
10.75,0.05,100,"sd","13:54:29",5651000
10.75,0.05,1000,"sd","13:54:08",5650900
10.75,0.05,200,"sd","13:53:39",5649900
10.75,0.05,500,"sd","13:53:16",5649700
10.75,0.05,100,"sd","13:52:44",5649200
10.8,0.1,200,"bu","13:52:41",5649100
10.75,0.05,100,"sd","13:52:37",5648900
10.75,0.05,100,"sd","13:52:29",5648800
10.75,0.05,1000,"sd","13:52:15",5648700
10.75,0.05,100,"sd","13:51:29",5647700
10.75,0.05,1100,"sd","13:51:27",5647600
10.75,0.05,100,"sd","13:51:00",5646500
10.75,0.05,400,"sd","13:50:46",5646400
10.8,0.1,200,"bu","13:50:41",5646000
10.75,0.05,600,"sd","13:50:33",5645800
10.8,0.1,10000,"bu","13:50:25",5645200
10.75,0.05,100,"sd","13:50:15",5635200
10.8,0.1,300,"bu","13:50:09",5635100
10.75,0.05,2200,"sd","13:49:59",5634800
10.75,0.05,600,"sd","13:49:29",5632600
10.75,0.05,300,"sd","13:49:25",5632000
10.75,0.05,500,"sd","13:49:20",5631700
10.75,0.05,500,"sd","13:49:05",5631200
10.75,0.05,5000,"sd","13:48:59",5630700
10.75,0.05,40000,"sd","13:48:37",5625700
10.75,0.05,10000,"sd","13:48:29",5585700
10.75,0.05,100000,"sd","13:48:24",5575700
10.75,0.05,100,"sd","13:47:42",5475700
10.75,0.05,100,"sd","13:47:29",5475600
10.8,0.1,200,"bu","13:47:25",5475500
10.75,0.05,1100,"sd","13:47:17",5475300
10.75,0.05,3000,"sd","13:46:59",5474200
10.75,0.05,30000,"sd","13:46:41",5471200
10.75,0.05,200,"sd","13:45:29",5441200
10.75,0.05,2000,"sd","13:45:06",5441000
10.75,0.05,800,"sd","13:43:59",5439000
10.75,0.05,1700,"sd","13:43:55",5438200
10.8,0.1,5000,"bu","13:43:54",5436500
10.75,0.05,1000,"sd","13:43:51",5431500
10.75,0.05,100,"sd","13:43:35",5430500
10.8,0.1,1000,"bu","13:43:30",5430400
10.75,0.05,500,"sd","13:42:59",5429400
10.75,0.05,100,"sd","13:42:47",5428900
10.8,0.1,5000,"bu","13:42:37",5428800
10.75,0.05,500,"sd","13:41:42",5423800
10.8,0.1,100,"bu","13:41:12",5423300
10.8,0.1,800,"bu","13:41:11",5423200
10.8,0.1,10000,"bu","13:40:53",5422400
10.8,0.1,100,"bu","13:40:51",5412400
10.8,0.1,10000,"bu","13:40:40",5412300
10.75,0.05,100,"sd","13:39:29",5402300
10.75,0.05,700,"sd","13:39:26",5402200
10.8,0.1,1000,"bu","13:39:04",5401500
10.75,0.05,100,"sd","13:38:44",5400500
10.75,0.05,300,"sd","13:38:36",5400400
10.75,0.05,300,"sd","13:37:51",5400100
10.8,0.1,100,"bu","13:37:41",5399800
10.8,0.1,8900,"bu","13:37:09",5399700
10.75,0.05,200,"sd","13:36:59",5390800
10.8,0.1,100,"bu","13:36:42",5390600
10.8,0.1,20000,"bu","13:35:46",5390500
10.8,0.1,200,"bu","13:35:25",5370500
10.8,0.1,3000,"bu","13:35:23",5370300
10.8,0.1,100,"bu","13:35:08",5367300
10.8,0.1,100,"bu","13:34:54",5367200
10.8,0.1,1500,"bu","13:34:05",5367100
10.8,0.1,3000,"bu","13:33:53",5365600
10.8,0.1,100,"bu","13:33:10",5362600
10.8,0.1,1000,"bu","13:33:08",5362500
10.75,0.05,3000,"sd","13:33:02",5361500
10.8,0.1,2000,"bu","13:33:01",5358500
10.8,0.1,10000,"bu","13:32:23",5356500
10.8,0.1,500,"bu","13:32:21",5346500
10.8,0.1,4000,"bu","13:31:52",5346000
10.8,0.1,2100,"bu","13:31:45",5342000
10.8,0.1,5000,"bu","13:31:37",5339900
10.8,0.1,2700,"bu","13:31:36",5334900
10.8,0.1,100,"bu","13:31:29",5332200
10.8,0.1,1000,"bu","13:31:26",5332100
10.8,0.1,20000,"bu","13:31:09",5331100
10.75,0.05,3100,"sd","13:30:59",5311100
10.75,0.05,500,"sd","13:30:58",5308000
10.75,0.05,100,"sd","13:30:46",5307500
10.8,0.1,28500,"bu","13:30:35",5307400
10.8,0.1,2000,"bu","13:30:34",5278900
10.8,0.1,2000,"bu","13:30:10",5276900
10.8,0.1,500,"bu","13:30:01",5274900
10.8,0.1,300,"bu","13:29:55",5274400
10.8,0.1,800,"bu","13:29:53",5274100
10.8,0.1,500,"bu","13:28:34",5273300
10.75,0.05,100,"sd","13:28:29",5272800
10.75,0.05,500,"sd","13:28:13",5272700
10.75,0.05,800,"sd","13:27:59",5272200
10.75,0.05,8200,"sd","13:27:47",5271400
10.8,0.1,100,"bu","13:27:40",5263200
10.75,0.05,100,"sd","13:27:29",5263100
10.75,0.05,100,"sd","13:27:18",5263000
10.8,0.1,200,"bu","13:27:18",5262900
10.8,0.1,1000,"bu","13:27:15",5262700
10.8,0.1,2000,"bu","13:26:58",5261700
10.75,0.05,1000,"sd","13:26:45",5259700
10.8,0.1,100,"bu","13:26:23",5258700
10.8,0.1,3000,"bu","13:26:18",5258600
10.8,0.1,200,"bu","13:26:15",5255600
10.8,0.1,400,"bu","13:26:14",5255400
10.8,0.1,400,"bu","13:25:44",5255000
10.75,0.05,2000,"sd","13:25:42",5254600
10.75,0.05,500,"sd","13:25:19",5252600
10.8,0.1,10000,"bu","13:24:43",5252100
10.8,0.1,1000,"bu","13:24:32",5242100
10.8,0.1,200,"bu","13:24:18",5241100
10.8,0.1,12800,"bu","13:23:48",5240900
10.8,0.1,1600,"bu","13:23:48",5228100
10.8,0.1,200,"bu","13:23:30",5226500
10.75,0.05,2100,"sd","13:23:29",5226300
10.75,0.05,2000,"sd","13:23:27",5224200
10.8,0.1,5000,"bu","13:23:17",5222200
10.8,0.1,4800,"bu","13:23:06",5217200
10.75,0.05,10000,"sd","13:23:00",5212400
10.8,0.1,2000,"bu","13:22:53",5202400
10.8,0.1,14400,"bu","13:22:50",5200400
10.8,0.1,4800,"bu","13:22:15",5186000
10.75,0.05,100,"sd","13:22:13",5181200
10.8,0.1,14400,"bu","13:22:10",5181100
10.8,0.1,100,"bu","13:22:04",5166700
10.8,0.1,14400,"bu","13:21:54",5166600
10.8,0.1,14400,"bu","13:21:44",5152200
10.8,0.1,4800,"bu","13:21:40",5137800
10.8,0.1,4800,"bu","13:21:40",5133000
10.75,0.05,600,"sd","13:21:29",5128200
10.75,0.05,5000,"sd","13:21:10",5127600
10.75,0.05,700,"sd","13:20:59",5122600
10.8,0.1,1000,"bu","13:20:58",5121900
10.75,0.05,200,"sd","13:20:35",5120900
10.8,0.1,7000,"bu","13:20:28",5120700
10.75,0.05,200,"sd","13:19:59",5113700
10.75,0.05,900,"sd","13:19:44",5113500
10.75,0.05,2000,"sd","13:19:36",5112600
10.75,0.05,900,"sd","13:19:14",5110600
10.75,0.05,100,"sd","13:18:35",5109700
10.75,0.05,600,"sd","13:18:29",5109600
10.75,0.05,5000,"sd","13:18:18",5109000
10.75,0.05,100,"sd","13:18:16",5104000
10.75,0.05,1000,"sd","13:18:10",5103900
10.75,0.05,200,"sd","13:18:06",5102900
10.75,0.05,300,"sd","13:16:59",5102700
10.75,0.05,3000,"sd","13:16:47",5102400
10.8,0.1,400,"bu","13:16:32",5099400
10.8,0.1,200,"bu","13:16:00",5099000
10.75,0.05,100,"sd","13:15:41",5098800
10.75,0.05,100,"sd","13:15:11",5098700
10.75,0.05,100,"sd","13:14:59",5098600
10.75,0.05,1500,"sd","13:14:40",5098500
10.75,0.05,500,"sd","13:13:59",5097000
10.75,0.05,500,"sd","13:13:48",5096500
10.75,0.05,600,"sd","13:13:47",5096000
10.75,0.05,2500,"sd","13:13:46",5095400
10.75,0.05,1900,"sd","13:13:29",5092900
10.75,0.05,19000,"sd","13:13:17",5091000
10.8,0.1,300,"bu","13:13:11",5072000
10.75,0.05,100,"sd","13:12:29",5071700
10.75,0.05,1000,"sd","13:12:13",5071600
10.8,0.1,500,"bu","13:12:04",5070600
10.8,0.1,10000,"bu","13:11:53",5070100
10.8,0.1,100,"bu","13:11:52",5060100
10.8,0.1,500,"bu","13:11:36",5060000
10.8,0.1,100,"bu","13:11:18",5059500
10.75,0.05,200,"sd","13:11:11",5059400
10.75,0.05,200,"sd","13:10:51",5059200
10.8,0.1,300,"bu","13:10:38",5059000
10.8,0.1,100,"bu","13:10:25",5058700
10.8,0.1,100,"bu","13:10:20",5058600
10.8,0.1,10000,"bu","13:10:16",5058500
10.8,0.1,500,"bu","13:10:10",5048500
10.8,0.1,14400,"bu","13:09:59",5048000
10.75,0.05,100,"sd","13:09:56",5033600
10.75,0.05,100,"sd","13:09:48",5033500
10.75,0.05,700,"sd","13:08:59",5033400
10.75,0.05,7700,"sd","13:08:37",5032700
10.75,0.05,100,"sd","13:07:51",5025000
10.75,0.05,200,"sd","13:07:37",5024900
10.8,0.1,300,"bu","13:07:25",5024700
10.8,0.1,4200,"bu","13:06:30",5024400
10.75,0.05,300,"sd","13:05:59",5020200
10.75,0.05,3300,"sd","13:05:38",5019900
10.75,0.05,100,"sd","13:05:17",5016600
10.75,0.05,200,"sd","13:05:10",5016500
10.8,0.1,100,"bu","13:05:04",5016300
10.8,0.1,2000,"bu","13:04:52",5016200
10.8,0.1,100,"bu","13:04:31",5014200
10.8,0.1,14400,"bu","13:03:23",5014100
10.8,0.1,14400,"bu","13:02:59",4999700
10.75,0.05,2700,"sd","13:02:59",4985300
10.75,0.05,18800,"bu","13:02:56",4982600
10.75,0.05,200,"bu","13:02:46",4963800
10.75,0.05,1200,"bu","13:02:41",4963600
10.75,0.05,1700,"bu","13:02:38",4962400
10.75,0.05,5000,"bu","13:02:36",4960700
10.75,0.05,200,"bu","13:02:30",4955700
10.75,0.05,4700,"bu","13:02:23",4955500
10.75,0.05,200,"bu","13:02:21",4950800
10.75,0.05,500,"bu","13:02:17",4950600
10.75,0.05,500,"bu","13:02:12",4950100
10.75,0.05,3600,"bu","13:02:05",4949600
10.75,0.05,31200,"sd","13:01:59",4946000
10.75,0.05,10000,"sd","13:01:57",4914800
10.75,0.05,1000,"sd","13:01:37",4904800
10.75,0.05,612000,"sd","13:01:32",4903800
10.75,0.05,900,"sd","13:01:29",4291800
10.8,0.1,1000,"bu","13:01:16",4290900
10.8,0.1,1000,"bu","13:00:34",4289900
10.8,0.1,100,"bu","13:00:18",4288900
10.8,0.1,100,"bu","13:00:10",4288800
10.8,0.1,100,"bu","13:00:07",4288700
10.75,0.05,100,"sd","13:00:05",4288600
10.8,0.1,200,"bu","13:00:03",4288500
10.75,0.05,500,"sd","13:00:02",4288300
10.75,0.05,100,"sd","13:00:02",4287800
10.8,0.1,2100,"bu","13:00:02",4287700
10.8,0.1,1000,"bu","13:00:01",4285600
10.8,0.1,2700,"bu","13:00:00",4284600
10.8,0.1,900,"bu","13:00:00",4281900
10.8,0.1,100,"bu","11:29:25",4281000
10.8,0.1,200,"bu","11:29:12",4280900
10.8,0.1,500,"bu","11:28:27",4280700
10.8,0.1,500,"bu","11:28:06",4280200
10.75,0.05,100,"sd","11:27:58",4279700
10.75,0.05,1000,"sd","11:27:38",4279600
10.8,0.1,6000,"bu","11:26:02",4278600
10.8,0.1,10000,"bu","11:25:14",4272600
10.8,0.1,2000,"bu","11:24:57",4262600
10.8,0.1,500,"bu","11:24:44",4260600
10.75,0.05,100,"sd","11:24:34",4260100
10.75,0.05,100,"sd","11:23:59",4260000
10.75,0.05,500,"sd","11:23:34",4259900
10.75,0.05,500,"sd","11:23:28",4259400
10.75,0.05,5000,"sd","11:23:19",4258900
10.8,0.1,100,"bu","11:23:05",4253900
10.8,0.1,10000,"bu","11:22:43",4253800
10.8,0.1,200,"bu","11:21:18",4243800
10.8,0.1,200,"bu","11:20:16",4243600
10.75,0.05,400,"sd","11:19:58",4243400
10.75,0.05,4100,"sd","11:19:31",4243000
10.8,0.1,200,"bu","11:19:13",4238900
10.8,0.1,100,"bu","11:17:29",4238700
10.8,0.1,300,"bu","11:16:59",4238600
10.75,0.05,100,"sd","11:16:56",4238300
10.8,0.1,4800,"bu","11:16:19",4238200
10.8,0.1,200,"bu","11:15:42",4233400
10.8,0.1,5000,"bu","11:15:41",4233200
10.8,0.1,1000,"bu","11:15:00",4228200
10.8,0.1,10000,"bu","11:13:54",4227200
10.75,0.05,100,"sd","11:13:29",4217200
10.75,0.05,1100,"sd","11:13:11",4217100
10.75,0.05,100,"sd","11:12:52",4216000
10.75,0.05,100,"sd","11:10:58",4215900
10.75,0.05,1100,"sd","11:10:28",4215800
10.75,0.05,200,"sd","11:10:18",4214700
10.75,0.05,1000,"sd","11:10:07",4214500
10.8,0.1,100,"bu","11:10:06",4213500
10.8,0.1,4800,"bu","11:09:59",4213400
10.8,0.1,4800,"bu","11:09:58",4208600
10.75,0.05,100,"sd","11:09:58",4203800
10.75,0.05,1000,"sd","11:09:28",4203700
10.75,0.05,10000,"sd","11:09:15",4202700
10.75,0.05,600,"sd","11:09:03",4192700
10.75,0.05,200,"sd","11:08:56",4192100
10.8,0.1,1000,"bu","11:07:22",4191900
10.8,0.1,1600,"bu","11:06:27",4190900
10.8,0.1,200,"bu","11:06:07",4189300
10.8,0.1,100,"bu","11:05:51",4189100
10.8,0.1,200,"bu","11:05:22",4189000
10.8,0.1,100,"bu","11:05:06",4188800
10.8,0.1,100,"bu","11:05:02",4188700
10.8,0.1,500,"bu","11:04:53",4188600
10.8,0.1,500,"bu","11:04:52",4188100
10.8,0.1,3000,"bu","11:04:49",4187600
10.8,0.1,43000,"bu","11:03:55",4184600
10.8,0.1,100,"bu","10:59:48",4141600
10.8,0.1,1000,"bu","10:59:31",4141500
10.8,0.1,100,"bu","10:59:19",4140500
10.8,0.1,1000,"bu","10:59:09",4140400
10.8,0.1,10000,"bu","10:59:03",4139400
10.8,0.1,100,"bu","10:58:46",4129400
10.8,0.1,6500,"bu","10:58:06",4129300
10.8,0.1,10000,"bu","10:57:57",4122800
10.8,0.1,100,"bu","10:57:56",4112800
10.8,0.1,20000,"bu","10:57:53",4112700
10.8,0.1,100,"bu","10:57:46",4092700
10.8,0.1,20000,"bu","10:57:21",4092600
10.8,0.1,100,"bu","10:57:10",4072600
10.8,0.1,9000,"bu","10:56:53",4072500
10.8,0.1,4000,"bu","10:56:50",4063500
10.8,0.1,2800,"bu","10:56:44",4059500
10.8,0.1,300,"bu","10:56:42",4056700
10.8,0.1,1800,"bu","10:56:27",4056400
10.8,0.1,9000,"bu","10:56:26",4054600
10.8,0.1,10000,"bu","10:55:12",4045600
10.8,0.1,1400,"bu","10:55:05",4035600
10.8,0.1,100,"bu","10:54:55",4034200
10.8,0.1,500,"bu","10:54:41",4034100
10.8,0.1,2000,"bu","10:54:40",4033600
10.8,0.1,1000,"bu","10:54:37",4031600
10.8,0.1,300,"bu","10:54:33",4030600
10.8,0.1,52400,"sd","10:54:10",4030300
10.8,0.1,50000,"sd","10:54:09",3977900
10.8,0.1,2200,"sd","10:53:58",3927900
10.8,0.1,3400,"sd","10:53:52",3925700
10.8,0.1,15000,"sd","10:53:41",3922300
10.8,0.1,1000,"sd","10:53:36",3907300
10.8,0.1,3000,"sd","10:53:35",3906300
10.8,0.1,500,"sd","10:53:19",3903300
10.85,0.15,100,"bu","10:53:06",3902800
10.85,0.15,6000,"bu","10:52:55",3902700
10.85,0.15,1500,"bu","10:52:52",3896700
10.8,0.1,2200,"sd","10:52:49",3895200
10.8,0.1,2000,"sd","10:52:35",3893000
10.8,0.1,200,"sd","10:52:28",3891000
10.8,0.1,2100,"sd","10:52:21",3890800
10.8,0.1,600,"sd","10:51:58",3888700
10.8,0.1,500,"sd","10:51:54",3888100
10.8,0.1,500,"sd","10:51:44",3887600
10.8,0.1,2000,"sd","10:51:41",3887100
10.8,0.1,3500,"sd","10:51:28",3885100
10.8,0.1,10000,"sd","10:51:19",3881600
10.8,0.1,100,"sd","10:51:05",3871600
10.8,0.1,2000,"sd","10:51:03",3871500
10.8,0.1,23100,"sd","10:50:58",3869500
10.8,0.1,200000,"sd","10:50:42",3846400
10.8,0.1,100,"sd","10:50:36",3646400
10.8,0.1,700,"sd","10:50:32",3646300
10.8,0.1,10000,"sd","10:50:30",3645600
10.8,0.1,300,"sd","10:50:28",3635600
10.8,0.1,3000,"sd","10:50:26",3635300
10.8,0.1,100,"sd","10:49:16",3632300
10.8,0.1,100,"sd","10:49:12",3632200
10.8,0.1,100,"sd","10:48:30",3632100
10.8,0.1,300,"sd","10:48:28",3632000
10.8,0.1,500,"sd","10:48:27",3631700
10.8,0.1,600,"sd","10:48:20",3631200
10.8,0.1,200,"sd","10:48:18",3630600
10.8,0.1,1800,"sd","10:47:58",3630400
10.8,0.1,10000,"sd","10:47:40",3628600
10.85,0.15,3000,"bu","10:47:39",3618600
10.85,0.15,1400,"bu","10:46:47",3615600
10.85,0.15,10000,"bu","10:46:27",3614200
10.85,0.15,200,"bu","10:45:36",3604200
10.8,0.1,300,"sd","10:45:36",3604000
10.8,0.1,500,"sd","10:45:28",3603700
10.8,0.1,5000,"sd","10:45:16",3603200
10.85,0.15,1000,"bu","10:44:39",3598200
10.8,0.1,3000,"sd","10:44:36",3597200
10.8,0.1,100,"sd","10:44:28",3594200
10.8,0.1,1000,"sd","10:44:20",3594100
10.8,0.1,200,"sd","10:43:29",3593100
10.8,0.1,2000,"sd","10:43:04",3592900
10.8,0.1,100,"sd","10:42:59",3590900
10.8,0.1,200,"sd","10:42:41",3590800
10.8,0.1,1200,"sd","10:42:28",3590600
10.8,0.1,5000,"sd","10:42:23",3589400
10.8,0.1,7200,"sd","10:42:14",3584400
10.8,0.1,100,"sd","10:42:12",3577200
10.8,0.1,500,"sd","10:41:58",3577100
10.8,0.1,5200,"sd","10:41:44",3576600
10.8,0.1,200,"sd","10:41:29",3571400
10.8,0.1,1000,"sd","10:41:08",3571200
10.8,0.1,1800,"sd","10:40:59",3570200
10.8,0.1,3000,"sd","10:40:48",3568400
10.85,0.15,9600,"bu","10:40:45",3565400
10.8,0.1,3600,"sd","10:40:40",3555800
10.85,0.15,1300,"bu","10:40:29",3552200
10.8,0.1,500,"sd","10:40:28",3550900
10.8,0.1,100,"sd","10:40:20",3550400
10.8,0.1,5000,"sd","10:40:11",3550300
10.8,0.1,600,"sd","10:39:58",3545300
10.8,0.1,6000,"sd","10:39:33",3544700
10.8,0.1,700,"sd","10:39:28",3538700
10.8,0.1,5000,"sd","10:39:18",3538000
10.8,0.1,2000,"sd","10:38:58",3533000
10.8,0.1,20000,"sd","10:38:42",3531000
10.85,0.15,600,"bu","10:38:13",3511000
10.8,0.1,2000,"sd","10:38:12",3510400
10.8,0.1,700,"sd","10:37:58",3508400
10.8,0.1,5000,"sd","10:37:43",3507700
10.8,0.1,2000,"sd","10:37:36",3502700
10.8,0.1,400,"sd","10:37:22",3500700
10.8,0.1,400,"sd","10:36:58",3500300
10.8,0.1,2000,"sd","10:36:57",3499900
10.8,0.1,400,"sd","10:36:28",3497900
10.8,0.1,1600,"sd","10:36:28",3497500
10.8,0.1,2000,"sd","10:36:17",3495900
10.8,0.1,100,"sd","10:36:01",3493900
10.8,0.1,1700,"sd","10:35:58",3493800
10.8,0.1,500,"sd","10:35:58",3492100
10.8,0.1,2500,"sd","10:35:36",3491600
10.8,0.1,15300,"sd","10:35:28",3489100
10.8,0.1,52700,"bu","10:35:14",3473800
10.8,0.1,100700,"bu","10:35:10",3421100
10.8,0.1,100,"bu","10:35:07",3320400
10.8,0.1,3200,"bu","10:34:55",3320300
10.8,0.1,6800,"bu","10:34:55",3317100
10.75,0.05,2300,"sd","10:34:41",3310300
10.8,0.1,19200,"bu","10:34:18",3308000
10.8,0.1,2000,"bu","10:34:16",3288800
10.8,0.1,200,"bu","10:34:14",3286800
10.8,0.1,300,"bu","10:33:54",3286600
10.8,0.1,3500,"bu","10:33:43",3286300
10.8,0.1,2000,"bu","10:33:40",3282800
10.8,0.1,5000,"bu","10:33:34",3280800
10.8,0.1,10000,"bu","10:33:33",3275800
10.8,0.1,100,"bu","10:33:32",3265800
10.8,0.1,2000,"bu","10:33:23",3265700
10.8,0.1,2000,"bu","10:33:20",3263700
10.75,0.05,300,"sd","10:33:09",3261700
10.8,0.1,1000,"bu","10:32:45",3261400
10.8,0.1,5000,"bu","10:32:06",3260400
10.8,0.1,300,"bu","10:31:41",3255400
10.8,0.1,5400,"bu","10:31:15",3255100
10.8,0.1,50000,"bu","10:31:10",3249700
10.8,0.1,300,"bu","10:30:46",3199700
10.75,0.05,5500,"sd","10:30:28",3199400
10.75,0.05,50000,"sd","10:30:25",3193900
10.8,0.1,500,"bu","10:30:05",3143900
10.8,0.1,4800,"bu","10:29:59",3143400
10.75,0.05,100,"sd","10:29:09",3138600
10.8,0.1,300,"bu","10:29:03",3138500
10.8,0.1,100,"bu","10:28:17",3138200
10.8,0.1,1000,"bu","10:28:16",3138100
10.8,0.1,300,"bu","10:27:37",3137100
10.8,0.1,100,"bu","10:27:18",3136800
10.75,0.05,100,"sd","10:24:58",3136700
10.75,0.05,1000,"sd","10:24:54",3136600
10.75,0.05,100,"sd","10:24:28",3135600
10.75,0.05,1000,"sd","10:23:59",3135500
10.75,0.05,200,"sd","10:23:58",3134500
10.75,0.05,1000,"sd","10:23:53",3134300
10.75,0.05,1000,"sd","10:23:29",3133300
10.8,0.1,100,"bu","10:23:25",3132300
10.75,0.05,6000,"sd","10:23:21",3132200
10.75,0.05,400,"sd","10:22:58",3126200
10.75,0.05,100,"sd","10:22:44",3125800
10.8,0.1,4000,"bu","10:22:35",3125700
10.75,0.05,700,"sd","10:22:21",3121700
10.75,0.05,100,"sd","10:21:58",3121000
10.75,0.05,1100,"sd","10:21:28",3120900
10.75,0.05,100,"sd","10:21:27",3119800
10.8,0.1,10000,"bu","10:21:25",3119700
10.8,0.1,1000,"bu","10:21:16",3109700
10.8,0.1,8400,"bu","10:20:49",3108700
10.8,0.1,1500,"bu","10:20:33",3100300
10.8,0.1,1000,"bu","10:20:21",3098800
10.8,0.1,500,"bu","10:19:59",3097800
10.8,0.1,10000,"bu","10:19:55",3097300
10.8,0.1,10000,"bu","10:19:55",3087300
10.8,0.1,4000,"bu","10:19:47",3077300
10.8,0.1,1500,"bu","10:19:42",3073300
10.8,0.1,300,"bu","10:19:37",3071800
10.8,0.1,20000,"bu","10:18:52",3071500
10.8,0.1,1200,"bu","10:18:50",3051500
10.8,0.1,30900,"sd","10:18:27",3050300
10.8,0.1,5000,"sd","10:18:26",3019400
10.8,0.1,5000,"sd","10:18:25",3014400
10.8,0.1,35000,"sd","10:18:24",3009400
10.8,0.1,100,"sd","10:18:22",2974400
10.8,0.1,4000,"sd","10:18:19",2974300
10.8,0.1,10000,"sd","10:18:15",2970300
10.8,0.1,500,"sd","10:18:05",2960300
10.8,0.1,2500,"sd","10:18:02",2959800
10.8,0.1,6700,"sd","10:17:58",2957300
10.8,0.1,1000,"sd","10:17:56",2950600
10.8,0.1,5000,"sd","10:17:50",2949600
10.8,0.1,500,"sd","10:17:46",2944600
10.8,0.1,3000,"sd","10:17:44",2944100
10.8,0.1,15300,"sd","10:17:41",2941100
10.8,0.1,40000,"sd","10:17:38",2925800
10.8,0.1,3000,"sd","10:17:28",2885800
10.8,0.1,30000,"sd","10:17:09",2882800
10.8,0.1,300,"sd","10:16:59",2852800
10.8,0.1,900,"sd","10:16:28",2852500
10.8,0.1,100,"sd","10:16:19",2851600
10.8,0.1,6000,"sd","10:16:04",2851500
10.85,0.15,200,"bu","10:15:53",2845500
10.85,0.15,500,"bu","10:15:53",2845300
10.85,0.15,100,"bu","10:15:08",2844800
10.85,0.15,200,"bu","10:14:44",2844700
10.8,0.1,500,"sd","10:14:37",2844500
10.85,0.15,300,"bu","10:14:01",2844000
10.85,0.15,300,"bu","10:13:38",2843700
10.8,0.1,1000,"sd","10:13:35",2843400
10.8,0.1,100,"sd","10:13:20",2842400
10.8,0.1,100,"sd","10:13:17",2842300
10.8,0.1,300,"sd","10:12:58",2842200
10.8,0.1,2600,"sd","10:12:57",2841900
10.8,0.1,1200,"sd","10:12:28",2839300
10.8,0.1,2000,"sd","10:12:06",2838100
10.8,0.1,10000,"sd","10:12:00",2836100
10.8,0.1,100,"sd","10:11:58",2826100
10.8,0.1,1000,"sd","10:11:45",2826000
10.8,0.1,400,"sd","10:11:28",2825000
10.8,0.1,400,"sd","10:11:27",2824600
10.8,0.1,500,"sd","10:11:09",2824200
10.8,0.1,3300,"sd","10:10:58",2823700
10.8,0.1,500,"sd","10:10:53",2820400
10.8,0.1,2000,"sd","10:10:52",2819900
10.8,0.1,1000,"sd","10:10:44",2817900
10.8,0.1,20000,"sd","10:10:41",2816900
10.8,0.1,10000,"sd","10:10:32",2796900
10.8,0.1,400,"sd","10:10:28",2786900
10.8,0.1,1000,"sd","10:10:11",2786500
10.8,0.1,3500,"sd","10:09:58",2785500
10.8,0.1,100,"sd","10:09:55",2782000
10.85,0.15,14400,"bu","10:09:47",2781900
10.8,0.1,500,"sd","10:09:28",2767500
10.8,0.1,20000,"sd","10:09:28",2767000
10.8,0.1,5000,"sd","10:09:03",2747000
10.8,0.1,200,"sd","10:08:58",2742000
10.8,0.1,1000,"sd","10:08:41",2741800
10.8,0.1,1100,"sd","10:08:28",2740800
10.8,0.1,4000,"sd","10:08:21",2739700
10.8,0.1,500,"sd","10:08:21",2735700
10.8,0.1,4000,"sd","10:08:00",2735200
10.8,0.1,3300,"sd","10:07:58",2731200
10.8,0.1,30000,"sd","10:07:50",2727900
10.8,0.1,3000,"sd","10:07:35",2697900
10.8,0.1,500,"sd","10:07:21",2694900
10.8,0.1,300,"sd","10:06:28",2694400
10.8,0.1,3600,"sd","10:06:02",2694100
10.8,0.1,100,"sd","10:05:58",2690500
10.8,0.1,100,"sd","10:05:46",2690400
10.8,0.1,100,"sd","10:05:40",2690300
10.8,0.1,1100,"sd","10:05:35",2690200
10.8,0.1,200,"sd","10:05:28",2689100
10.8,0.1,2000,"sd","10:05:21",2688900
10.8,0.1,300,"sd","10:04:59",2686900
10.8,0.1,100,"sd","10:03:58",2686600
10.8,0.1,100,"sd","10:03:57",2686500
10.8,0.1,1000,"sd","10:03:44",2686400
10.8,0.1,100,"sd","10:03:28",2685400
10.8,0.1,1000,"sd","10:03:07",2685300
10.8,0.1,200,"sd","10:02:28",2684300
10.8,0.1,2900,"sd","10:02:21",2684100
10.85,0.15,400,"bu","10:01:43",2681200
10.85,0.15,100,"bu","10:01:39",2680800
10.8,0.1,10000,"sd","10:01:31",2680700
10.8,0.1,200,"sd","10:01:28",2670700
10.8,0.1,500,"sd","10:01:00",2670500
10.8,0.1,1500,"sd","10:00:58",2670000
10.8,0.1,500,"sd","10:00:54",2668500
10.8,0.1,1000,"sd","10:00:52",2668000
10.8,0.1,100,"sd","10:00:45",2667000
10.8,0.1,10000,"sd","10:00:35",2666900
10.8,0.1,1000,"sd","10:00:30",2656900
10.8,0.1,1500,"sd","10:00:29",2655900
10.8,0.1,1000,"sd","10:00:28",2654400
10.8,0.1,8000,"sd","10:00:16",2653400
10.8,0.1,2000,"sd","09:59:58",2645400
10.8,0.1,300,"sd","09:59:55",2643400
10.8,0.1,1000,"sd","09:59:53",2643100
10.8,0.1,9000,"sd","09:59:49",2642100
10.8,0.1,10000,"sd","09:59:33",2633100
10.8,0.1,300,"sd","09:59:28",2623100
10.8,0.1,3000,"sd","09:59:17",2622800
10.8,0.1,100,"sd","09:58:58",2619800
10.8,0.1,100,"sd","09:58:56",2619700
10.8,0.1,1000,"sd","09:58:50",2619600
10.8,0.1,500,"sd","09:57:58",2618600
10.8,0.1,5200,"sd","09:57:30",2618100
10.8,0.1,300,"sd","09:57:28",2612900
10.8,0.1,1000,"sd","09:57:27",2612600
10.8,0.1,1000,"sd","09:57:13",2611600
10.8,0.1,1700,"sd","09:56:58",2610600
10.8,0.1,200,"sd","09:56:54",2608900
10.8,0.1,5000,"sd","09:56:53",2608700
10.8,0.1,500,"sd","09:56:39",2603700
10.8,0.1,10000,"sd","09:56:30",2603200
10.8,0.1,2000,"sd","09:56:28",2593200
10.8,0.1,1000,"sd","09:56:27",2591200
10.8,0.1,4700,"sd","09:55:58",2590200
10.85,0.15,14400,"bu","09:55:58",2585500
10.8,0.1,1000,"sd","09:55:49",2571100
10.8,0.1,7800,"bu","09:55:43",2570100
10.8,0.1,9600,"bu","09:55:35",2562300
10.8,0.1,2600,"sd","09:55:34",2552700
10.85,0.15,9600,"bu","09:55:34",2550100
10.8,0.1,1000,"sd","09:55:33",2540500
10.85,0.15,14400,"bu","09:55:32",2539500
10.8,0.1,1000,"sd","09:55:29",2525100
10.8,0.1,600,"sd","09:54:58",2524100
10.8,0.1,4000,"sd","09:54:55",2523500
10.85,0.15,2200,"bu","09:54:51",2519500
10.8,0.1,400,"sd","09:54:28",2517300
10.8,0.1,2000,"sd","09:54:27",2516900
10.8,0.1,2300,"sd","09:53:58",2514900
10.8,0.1,100,"sd","09:53:56",2512600
10.8,0.1,1000,"sd","09:53:52",2512500
10.8,0.1,900,"sd","09:53:47",2511500
10.8,0.1,4900,"bu","09:53:42",2510600
10.8,0.1,6400,"bu","09:53:36",2505700
10.8,0.1,10000,"bu","09:53:31",2499300
10.8,0.1,5000,"bu","09:53:20",2489300
10.8,0.1,300,"bu","09:53:05",2484300
10.8,0.1,3700,"sd","09:53:04",2484000
10.8,0.1,3000,"sd","09:53:00",2480300
10.8,0.1,2500,"sd","09:52:58",2477300
10.8,0.1,1400,"sd","09:52:56",2474800
10.8,0.1,100,"sd","09:52:53",2473400
10.8,0.1,500,"sd","09:52:49",2473300
10.8,0.1,2000,"sd","09:52:47",2472800
10.8,0.1,4000,"sd","09:52:43",2470800
10.8,0.1,1000,"sd","09:52:36",2466800
10.8,0.1,300,"sd","09:52:34",2465800
10.8,0.1,15300,"sd","09:52:29",2465500
10.8,0.1,7400,"bu","09:52:20",2450200
10.8,0.1,25000,"bu","09:52:18",2442800
10.8,0.1,500,"bu","09:52:17",2417800
10.8,0.1,10000,"bu","09:52:12",2417300
10.8,0.1,1000,"bu","09:52:09",2407300
10.8,0.1,1500,"bu","09:52:04",2406300
10.8,0.1,108000,"bu","09:52:00",2404800
10.8,0.1,200,"bu","09:51:40",2296800
10.8,0.1,1000,"bu","09:51:39",2296600
10.75,0.05,500,"sd","09:51:37",2295600
10.8,0.1,2400,"bu","09:51:13",2295100
10.8,0.1,200,"bu","09:50:56",2292700
10.8,0.1,18000,"bu","09:50:54",2292500
10.8,0.1,2000,"bu","09:50:47",2274500
10.8,0.1,500,"bu","09:50:18",2272500
10.8,0.1,7000,"bu","09:49:54",2272000
10.75,0.05,5500,"sd","09:49:51",2265000
10.8,0.1,5000,"bu","09:49:45",2259500
10.8,0.1,100,"bu","09:49:38",2254500
10.8,0.1,7000,"bu","09:49:33",2254400
10.8,0.1,200,"bu","09:49:26",2247400
10.8,0.1,4700,"sd","09:49:17",2247200
10.85,0.15,7000,"bu","09:49:14",2242500
10.8,0.1,100,"sd","09:49:12",2235500
10.8,0.1,4600,"sd","09:49:12",2235400
10.8,0.1,11200,"sd","09:49:11",2230800
10.85,0.15,1100,"bu","09:49:09",2219600
10.8,0.1,200,"sd","09:49:09",2218500
10.8,0.1,5000,"sd","09:49:07",2218300
10.8,0.1,26100,"sd","09:48:58",2213300
10.8,0.1,500,"sd","09:48:58",2187200
10.8,0.1,52000,"sd","09:48:56",2186700
10.8,0.1,100000,"sd","09:48:56",2134700
10.8,0.1,5000,"sd","09:48:54",2034700
10.8,0.1,1500,"sd","09:48:38",2029700
10.8,0.1,100000,"sd","09:48:36",2028200
10.8,0.1,2900,"sd","09:48:28",1928200
10.8,0.1,100,"sd","09:48:26",1925300
10.8,0.1,400,"sd","09:48:23",1925200
10.8,0.1,3000,"sd","09:48:20",1924800
10.85,0.15,7500,"bu","09:48:14",1921800
10.8,0.1,2000,"sd","09:48:05",1914300
10.8,0.1,1700,"sd","09:47:59",1912300
10.8,0.1,5000,"sd","09:47:58",1910600
10.85,0.15,100,"bu","09:47:46",1905600
10.8,0.1,1000,"sd","09:47:45",1905500
10.8,0.1,300,"sd","09:47:33",1904500
10.8,0.1,1600,"sd","09:47:28",1904200
10.8,0.1,1500,"sd","09:47:24",1902600
10.8,0.1,3000,"sd","09:47:22",1901100
10.8,0.1,5000,"sd","09:47:20",1898100
10.8,0.1,2000,"sd","09:47:06",1893100
10.8,0.1,5000,"sd","09:47:00",1891100
10.8,0.1,500,"sd","09:45:28",1886100
10.8,0.1,800,"sd","09:45:13",1885600
10.8,0.1,4400,"sd","09:44:58",1884800
10.8,0.1,400,"sd","09:44:51",1880400
10.85,0.15,200,"bu","09:44:46",1880000
10.85,0.15,25000,"bu","09:44:44",1879800
10.8,0.1,16000,"sd","09:44:37",1854800
10.85,0.15,400,"bu","09:44:30",1838800
10.8,0.1,2300,"sd","09:44:28",1838400
10.8,0.1,4000,"sd","09:44:25",1836100
10.85,0.15,10000,"bu","09:44:24",1832100
10.85,0.15,9000,"bu","09:44:00",1822100
10.85,0.15,200,"bu","09:43:52",1813100
10.85,0.15,7000,"bu","09:43:41",1812900
10.85,0.15,1000,"bu","09:43:34",1805900
10.8,0.1,5000,"sd","09:43:31",1804900
10.85,0.15,7000,"bu","09:43:21",1799900
10.8,0.1,2000,"sd","09:43:14",1792900
10.8,0.1,100,"sd","09:43:13",1790900
10.8,0.1,1000,"sd","09:43:02",1790800
10.85,0.15,16600,"bu","09:43:01",1789800
10.8,0.1,8300,"sd","09:42:58",1773200
10.8,0.1,3000,"sd","09:42:49",1764900
10.85,0.15,1000,"bu","09:42:47",1761900
10.8,0.1,400,"sd","09:42:46",1760900
10.8,0.1,3000,"sd","09:42:43",1760500
10.85,0.15,7000,"bu","09:42:43",1757500
10.85,0.15,9600,"bu","09:42:42",1750500
10.8,0.1,50000,"sd","09:42:35",1740900
10.85,0.15,9600,"bu","09:42:34",1690900
10.85,0.15,7000,"bu","09:42:23",1681300
10.85,0.15,7000,"bu","09:42:02",1674300
10.85,0.15,600,"bu","09:41:59",1667300
10.85,0.15,2000,"bu","09:41:57",1666700
10.85,0.15,100,"bu","09:41:47",1664700
10.85,0.15,7000,"bu","09:41:42",1664600
10.85,0.15,200,"bu","09:41:38",1657600
10.8,0.1,400,"sd","09:41:34",1657400
10.8,0.1,8600,"sd","09:41:28",1657000
10.8,0.1,1000,"sd","09:41:27",1648400
10.8,0.1,300,"sd","09:41:26",1647400
10.8,0.1,100,"sd","09:41:11",1647100
10.8,0.1,300,"sd","09:41:10",1647000
10.8,0.1,81900,"bu","09:40:59",1646700
10.8,0.1,1600,"bu","09:40:58",1564800
10.75,0.05,1500,"sd","09:40:57",1563200
10.8,0.1,2000,"bu","09:40:57",1561700
10.8,0.1,1000,"bu","09:40:56",1559700
10.8,0.1,30000,"bu","09:40:53",1558700
10.8,0.1,10000,"bu","09:40:50",1528700
10.8,0.1,50000,"bu","09:40:47",1518700
10.8,0.1,7500,"bu","09:40:45",1468700
10.8,0.1,3000,"bu","09:40:43",1461200
10.75,0.05,5400,"sd","09:40:35",1458200
10.8,0.1,1000,"bu","09:40:35",1452800
10.8,0.1,2000,"bu","09:40:29",1451800
10.8,0.1,7000,"bu","09:40:25",1449800
10.8,0.1,10000,"bu","09:40:12",1442800
10.8,0.1,7000,"bu","09:40:08",1432800
10.8,0.1,20000,"bu","09:40:02",1425800
10.8,0.1,1000,"bu","09:40:00",1405800
10.75,0.05,7100,"sd","09:39:58",1404800
10.75,0.05,400,"sd","09:39:57",1397700
10.8,0.1,100,"bu","09:39:57",1397300
10.8,0.1,2000,"bu","09:39:56",1397200
10.8,0.1,6400,"bu","09:39:55",1395200
10.8,0.1,7000,"bu","09:39:48",1388800
10.8,0.1,4500,"bu","09:39:46",1381800
10.8,0.1,30000,"bu","09:39:43",1377300
10.8,0.1,500,"bu","09:39:41",1347300
10.8,0.1,1000,"bu","09:39:36",1346800
10.8,0.1,100,"bu","09:39:35",1345800
10.75,0.05,13800,"sd","09:39:33",1345700
10.8,0.1,6000,"bu","09:39:32",1331900
10.8,0.1,7700,"bu","09:39:27",1325900
10.8,0.1,3100,"bu","09:39:24",1318200
10.8,0.1,20000,"bu","09:39:19",1315100
10.8,0.1,2000,"bu","09:39:12",1295100
10.8,0.1,19500,"bu","09:39:12",1293100
10.8,0.1,15000,"bu","09:39:07",1273600
10.8,0.1,30000,"bu","09:39:06",1258600
10.8,0.1,7000,"bu","09:39:06",1228600
10.8,0.1,5000,"bu","09:39:04",1221600
10.8,0.1,31500,"bu","09:39:03",1216600
10.8,0.1,500,"bu","09:39:00",1185100
10.8,0.1,9600,"bu","09:38:57",1184600
10.8,0.1,700,"bu","09:38:53",1175000
10.8,0.1,10000,"bu","09:38:50",1174300
10.8,0.1,5000,"bu","09:38:44",1164300
10.75,0.05,3600,"sd","09:38:43",1159300
10.8,0.1,7000,"bu","09:38:42",1155700
10.8,0.1,1200,"bu","09:38:36",1148700
10.8,0.1,2000,"bu","09:38:32",1147500
10.8,0.1,500,"bu","09:38:28",1145500
10.8,0.1,100,"bu","09:38:27",1145000
10.8,0.1,43500,"bu","09:38:25",1144900
10.8,0.1,10000,"bu","09:37:52",1101400
10.75,0.05,2000,"sd","09:37:51",1091400
10.8,0.1,100,"bu","09:37:45",1089400
10.8,0.1,17000,"bu","09:37:42",1089300
10.8,0.1,20000,"bu","09:37:34",1072300
10.8,0.1,300,"bu","09:37:32",1052300
10.8,0.1,9600,"bu","09:37:21",1052000
10.8,0.1,9600,"bu","09:37:20",1042400
10.8,0.1,100,"bu","09:36:53",1032800
10.8,0.1,200,"bu","09:36:36",1032700
10.75,0.05,300,"sd","09:36:28",1032500
10.75,0.05,100,"sd","09:36:27",1032200
10.75,0.05,2500,"sd","09:36:12",1032100
10.8,0.1,1200,"bu","09:36:06",1029600
10.8,0.1,10000,"bu","09:35:45",1028400
10.75,0.05,200,"sd","09:35:28",1018400
10.75,0.05,300,"sd","09:35:28",1018200
10.75,0.05,5000,"sd","09:35:19",1017900
10.8,0.1,7000,"bu","09:34:52",1012900
10.8,0.1,1400,"bu","09:34:45",1005900
10.8,0.1,7200,"bu","09:34:41",1004500
10.8,0.1,3300,"bu","09:34:33",997300
10.8,0.1,7000,"bu","09:34:31",994000
10.8,0.1,114400,"bu","09:34:30",987000
10.8,0.1,1000,"bu","09:34:24",872600
10.8,0.1,14400,"bu","09:34:14",871600
10.75,0.05,10000,"sd","09:34:13",857200
10.8,0.1,7000,"bu","09:34:07",847200
10.8,0.1,14400,"bu","09:34:00",840200
10.8,0.1,7000,"bu","09:33:50",825800
10.8,0.1,700,"bu","09:33:40",818800
10.8,0.1,7000,"bu","09:33:27",818100
10.75,0.05,9900,"sd","09:33:19",811100
10.75,0.05,500,"sd","09:33:18",801200
10.8,0.1,800,"bu","09:33:09",800700
10.8,0.1,7000,"bu","09:32:44",799900
10.75,0.05,300,"sd","09:32:28",792900
10.75,0.05,2500,"sd","09:32:14",792600
10.75,0.05,200,"sd","09:32:10",790100
10.75,0.05,1000,"sd","09:31:58",789900
10.75,0.05,800,"sd","09:31:56",788900
10.75,0.05,100,"sd","09:31:54",788100
10.75,0.05,5000,"sd","09:31:43",788000
10.75,0.05,4900,"sd","09:31:28",783000
10.75,0.05,12200,"bu","09:31:25",778100
10.75,0.05,800,"bu","09:31:22",765900
10.75,0.05,14400,"bu","09:31:20",765100
10.75,0.05,6000,"bu","09:31:18",750700
10.75,0.05,7000,"bu","09:31:17",744700
10.75,0.05,500,"bu","09:31:13",737700
10.75,0.05,600,"bu","09:31:11",737200
10.7,0,800,"sd","09:31:04",736600
10.75,0.05,100,"bu","09:31:04",735800
10.75,0.05,7000,"bu","09:30:58",735700
10.75,0.05,9600,"bu","09:30:56",728700
10.75,0.05,9600,"bu","09:30:55",719100
10.75,0.05,14400,"bu","09:30:54",709500
10.75,0.05,20000,"bu","09:30:45",695100
10.75,0.05,1000,"bu","09:30:34",675100
10.75,0.05,700,"bu","09:30:33",674100
10.75,0.05,300,"bu","09:30:23",673400
10.75,0.05,100,"bu","09:30:09",673100
10.75,0.05,600,"bu","09:29:55",673000
10.75,0.05,10000,"bu","09:29:38",672400
10.75,0.05,500,"bu","09:28:50",662400
10.75,0.05,100,"bu","09:28:50",661900
10.7,0,100,"sd","09:28:20",661800
10.7,0,8500,"sd","09:28:19",661700
10.75,0.05,10000,"bu","09:27:45",653200
10.75,0.05,7000,"sd","09:27:43",643200
10.75,0.05,1000,"sd","09:27:40",636200
10.75,0.05,2000,"sd","09:27:40",635200
10.75,0.05,5000,"sd","09:27:22",633200
10.75,0.05,900,"sd","09:27:19",628200
10.75,0.05,300,"sd","09:27:16",627300
10.75,0.05,1000,"sd","09:26:56",627000
10.75,0.05,600,"sd","09:26:46",626000
10.8,0.1,500,"bu","09:26:43",625400
10.75,0.05,500,"sd","09:26:37",624900
10.75,0.05,10000,"sd","09:26:35",624400
10.75,0.05,300,"sd","09:26:32",614400
10.75,0.05,300,"sd","09:26:31",614100
10.75,0.05,400,"sd","09:26:09",613800
10.75,0.05,2000,"sd","09:26:08",613400
10.75,0.05,100,"sd","09:26:07",611400
10.75,0.05,29300,"sd","09:25:59",611300
10.75,0.05,500,"sd","09:25:38",582000
10.75,0.05,5000,"sd","09:25:28",581500
10.75,0.05,500,"sd","09:25:14",576500
10.75,0.05,200,"sd","09:24:48",576000
10.75,0.05,30900,"bu","09:24:36",575800
10.75,0.05,2000,"bu","09:24:32",544900
10.75,0.05,10000,"bu","09:24:08",542900
10.75,0.05,30000,"bu","09:24:06",532900
10.75,0.05,49800,"sd","09:24:02",502900
10.75,0.05,4500,"sd","09:24:02",453100
10.75,0.05,200,"sd","09:23:57",448600
10.75,0.05,20000,"sd","09:23:48",448400
10.75,0.05,500,"sd","09:23:47",428400
10.75,0.05,400,"sd","09:23:43",427900
10.75,0.05,500,"sd","09:23:32",427500
10.75,0.05,400,"sd","09:23:31",427000
10.75,0.05,30000,"sd","09:23:08",426600
10.8,0.1,500,"bu","09:22:33",396600
10.75,0.05,300,"sd","09:22:28",396100
10.75,0.05,800,"sd","09:22:19",395800
10.8,0.1,3000,"bu","09:22:02",395000
10.75,0.05,2000,"sd","09:21:59",392000
10.8,0.1,500,"bu","09:21:58",390000
10.8,0.1,2400,"bu","09:21:55",389500
10.75,0.05,100,"sd","09:21:41",387100
10.75,0.05,500,"sd","09:21:35",387000
10.8,0.1,50000,"bu","09:21:32",386500
10.8,0.1,55000,"bu","09:21:16",336500
10.8,0.1,2000,"bu","09:21:16",281500
10.8,0.1,100,"bu","09:21:02",279500
10.8,0.1,2000,"bu","09:20:59",279400
10.8,0.1,100,"bu","09:20:57",277400
10.75,0.05,4500,"sd","09:20:47",277300
10.8,0.1,200,"bu","09:20:41",272800
10.8,0.1,50000,"bu","09:20:16",272600
10.75,0.05,6000,"sd","09:20:12",222600
10.8,0.1,5000,"bu","09:20:09",216600
10.8,0.1,200,"bu","09:19:24",211600
10.8,0.1,3000,"bu","09:18:36",211400
10.8,0.1,100,"bu","09:18:30",208400
10.8,0.1,500,"bu","09:18:27",208300
10.8,0.1,100,"bu","09:17:32",207800
10.8,0.1,1000,"bu","09:17:12",207700
10.8,0.1,100,"bu","09:17:05",206700
10.75,0.05,100,"sd","09:17:05",206600
10.8,0.1,500,"bu","09:17:02",206500
10.75,0.05,200,"sd","09:16:56",206000
10.8,0.1,14400,"bu","09:16:31",205800
10.8,0.1,500,"bu","09:16:11",191400
10.8,0.1,14400,"bu","09:16:09",190900
10.75,0.05,20000,"sd","09:16:08",176500
10.8,0.1,14400,"bu","09:15:58",156500
10.75,0.05,300,"sd","09:15:57",142100
10.75,0.05,21700,"bu","09:15:55",141800
10.75,0.05,200,"bu","09:15:52",120100
10.75,0.05,14400,"bu","09:15:44",119900
10.75,0.05,500,"bu","09:15:42",105500
10.75,0.05,5000,"bu","09:15:38",105000
10.75,0.05,14400,"bu","09:15:31",100000
10.75,0.05,5000,"bu","09:15:27",85600
10.75,0.05,20000,"bu","09:15:05",80600
10.7,0,60600,"","09:15:02",60600
