"price","change","match_qtty","side","time","total_vol"
24.2,-0.1,14200,"","14:45:03",242300
24.25,-0.05,100,"sd","14:29:06",228100
24.25,-0.05,100,"sd","14:28:51",228000
24.25,-0.05,200,"sd","14:28:35",227900
24.25,-0.05,100,"sd","14:28:32",227700
24.25,-0.05,400,"bu","14:28:10",227600
24.2,-0.1,100,"sd","14:27:47",227200
24.25,-0.05,400,"bu","14:27:44",227100
24.2,-0.1,6000,"bu","14:26:44",226700
24.15,-0.15,500,"sd","14:26:37",220700
24.15,-0.15,100,"sd","14:26:07",220200
24.15,-0.15,700,"sd","14:25:54",220100
24.15,-0.15,300,"sd","14:23:55",219400
24.2,-0.1,100,"bu","14:23:25",219100
24.2,-0.1,400,"sd","14:21:03",219000
24.25,-0.05,500,"bu","14:20:31",218600
24.25,-0.05,500,"bu","14:19:43",218100
24.15,-0.15,4800,"sd","14:19:09",217600
24.2,-0.1,200,"sd","14:19:09",212800
24.25,-0.05,100,"bu","14:18:49",212600
24.2,-0.1,3500,"sd","14:16:05",212500
24.25,-0.05,200,"bu","14:15:50",209000
24.25,-0.05,1000,"bu","14:15:01",208800
24.25,-0.05,100,"bu","14:14:38",207800
24.25,-0.05,100,"bu","14:11:13",207700
24.25,-0.05,100,"bu","14:07:40",207600
24.2,-0.1,300,"sd","14:07:38",207500
24.2,-0.1,3000,"sd","14:07:30",207200
24.2,-0.1,5000,"sd","14:06:21",204200
24.25,-0.05,2000,"bu","14:05:03",199200
24.2,-0.1,900,"sd","14:04:25",197200
24.25,-0.05,2200,"sd","14:02:14",196300
24.25,-0.05,100,"sd","13:58:45",194100
24.25,-0.05,900,"bu","13:52:44",194000
24.2,-0.1,500,"bu","13:51:32",193100
24.2,-0.1,500,"bu","13:50:07",192600
24.2,-0.1,100,"bu","13:50:01",192100
24.2,-0.1,500,"bu","13:49:27",192000
24.2,-0.1,1400,"sd","13:49:13",191500
24.2,-0.1,2000,"sd","13:47:31",190100
24.25,-0.05,1000,"bu","13:47:16",188100
24.25,-0.05,1500,"bu","13:46:30",187100
24.25,-0.05,1000,"bu","13:44:43",185600
24.2,-0.1,200,"sd","13:37:30",184600
24.2,-0.1,3400,"sd","13:36:50",184400
24.2,-0.1,500,"sd","13:35:56",181000
24.25,-0.05,200,"bu","13:34:54",180500
24.25,-0.05,1600,"sd","13:34:16",180300
24.25,-0.05,1000,"sd","13:33:54",178700
24.25,-0.05,200,"sd","13:33:31",177700
24.25,-0.05,100,"bu","13:32:36",177500
24.15,-0.15,1000,"sd","13:28:47",177400
24.15,-0.15,400,"sd","13:25:45",176400
24.15,-0.15,5000,"sd","13:25:38",176000
24.2,-0.1,100,"bu","13:23:17",171000
24.2,-0.1,1000,"sd","13:23:11",170900
24.3,0,700,"bu","13:18:24",169900
24.25,-0.05,200,"bu","13:18:24",169200
24.2,-0.1,5000,"sd","13:17:22",169000
24.2,-0.1,5000,"sd","13:15:27",164000
24.2,-0.1,1000,"sd","13:13:15",159000
24.15,-0.15,5000,"sd","13:10:27",158000
24.1,-0.2,5000,"sd","13:09:37",153000
24.1,-0.2,5000,"sd","13:09:34",148000
24.1,-0.2,100,"sd","13:09:30",143000
24.1,-0.2,3000,"sd","13:09:29",142900
24.15,-0.15,2000,"sd","13:09:29",139900
24.1,-0.2,4000,"sd","13:08:29",137900
24.15,-0.15,2500,"sd","13:08:26",132400
24.2,-0.1,3000,"sd","13:08:26",129900
24.1,-0.2,1100,"sd","13:04:55",126900
24.15,-0.15,1900,"sd","13:04:55",125800
24.15,-0.15,3000,"sd","13:04:50",123900
24.15,-0.15,3000,"sd","13:04:47",120900
24.15,-0.15,3000,"sd","13:04:38",117900
24.15,-0.15,500,"sd","13:04:34",114900
24.2,-0.1,2500,"sd","13:04:34",114400
24.2,-0.1,3000,"sd","13:04:28",111900
24.2,-0.1,2000,"sd","13:04:09",108900
24.3,0,200,"bu","13:00:00",106900
24.3,0,100,"bu","11:29:54",104600
24.25,-0.05,300,"sd","11:28:45",104500
24.25,-0.05,2000,"sd","11:24:55",104200
24.25,-0.05,300,"sd","11:20:00",102200
24.25,-0.05,3700,"bu","11:19:21",101900
24.25,-0.05,100,"bu","11:17:56",98200
24.25,-0.05,200,"bu","11:16:55",98100
24.2,-0.1,200,"bu","11:07:06",97900
24.2,-0.1,300,"bu","11:06:22",97700
24.2,-0.1,2000,"sd","11:05:23",97400
24.25,-0.05,300,"bu","11:00:29",95400
24.25,-0.05,100,"bu","11:00:09",95100
24.25,-0.05,3000,"bu","10:56:59",95000
24.2,-0.1,600,"bu","10:56:58",92000
24.2,-0.1,200,"bu","10:56:48",91400
24.2,-0.1,200,"bu","10:56:46",91200
24.2,-0.1,2200,"bu","10:54:40",91000
24.2,-0.1,500,"bu","10:52:00",88800
24.15,-0.15,2900,"bu","10:50:27",88300
24.15,-0.15,100,"bu","10:50:14",85400
24.15,-0.15,500,"sd","10:49:59",85300
24.15,-0.15,600,"bu","10:48:11",84800
24.15,-0.15,100,"bu","10:48:08",84200
24.15,-0.15,1000,"bu","10:48:04",84100
24.15,-0.15,300,"bu","10:48:01",83100
24.15,-0.15,300,"bu","10:47:34",82800
24.15,-0.15,5700,"sd","10:47:11",82500
24.15,-0.15,500,"bu","10:44:53",76800
24.1,-0.2,100,"sd","10:44:27",76300
24.15,-0.15,100,"bu","10:44:19",76200
24.15,-0.15,2000,"bu","10:43:49",76100
24.15,-0.15,800,"bu","10:43:17",74100
24.15,-0.15,500,"bu","10:43:00",73300
24.15,-0.15,100,"sd","10:42:47",72800
24.15,-0.15,900,"bu","10:42:41",72700
24.15,-0.15,2100,"sd","10:42:34",71800
24.2,-0.1,500,"bu","10:42:18",69700
24.2,-0.1,100,"bu","10:42:08",69200
24.2,-0.1,100,"bu","10:42:03",69100
24.25,-0.05,1000,"bu","10:41:58",69000
24.25,-0.05,1000,"bu","10:41:44",68000
24.25,-0.05,1000,"bu","10:41:01",67000
24.2,-0.1,10000,"sd","10:41:01",66000
24.25,-0.05,500,"bu","10:40:03",56000
24.2,-0.1,1100,"sd","10:38:55",55500
24.2,-0.1,4000,"sd","10:37:17",54400
24.25,-0.05,400,"bu","10:35:52",50400
24.25,-0.05,100,"bu","10:35:20",50000
24.25,-0.05,1000,"bu","10:32:54",49900
24.2,-0.1,1000,"sd","10:31:08",48900
24.2,-0.1,600,"sd","10:30:41",47900
24.25,-0.05,400,"sd","10:30:39",47300
24.25,-0.05,1500,"sd","10:30:37",46900
24.3,0,300,"bu","10:25:26",45400
24.3,0,2000,"bu","10:21:51",45100
24.3,0,3000,"bu","10:21:27",43100
24.3,0,100,"bu","10:21:24",40100
24.3,0,8400,"sd","10:18:53",40000
24.35,0.05,1000,"sd","10:18:53",31600
24.35,0.05,5000,"sd","10:18:39",30600
24.35,0.05,900,"sd","10:18:12",25600
24.4,0.1,1000,"bu","10:17:22",24700
24.4,0.1,600,"sd","10:14:01",23700
24.4,0.1,2700,"bu","10:11:49",23100
24.35,0.05,100,"sd","10:11:34",20400
24.4,0.1,800,"sd","10:08:07",20300
24.45,0.15,100,"sd","09:58:36",19500
24.45,0.15,100,"sd","09:56:03",19400
24.45,0.15,300,"sd","09:52:01",19300
24.65,0.35,1000,"bu","09:48:07",19000
24.65,0.35,2900,"bu","09:47:39",18000
24.6,0.3,100,"bu","09:47:39",15100
24.7,0.4,100,"bu","09:44:56",15000
24.65,0.35,300,"bu","09:44:56",14900
24.6,0.3,100,"bu","09:44:56",14600
24.55,0.25,2500,"bu","09:44:56",14500
24.55,0.25,1000,"bu","09:44:45",12000
24.5,0.2,2000,"bu","09:44:45",11000
24.45,0.15,2000,"bu","09:44:45",9000
24.4,0.1,700,"bu","09:44:25",7000
24.4,0.1,500,"bu","09:41:30",6300
24.4,0.1,300,"bu","09:41:06",5800
24.4,0.1,300,"bu","09:40:45",5500
24.35,0.05,1700,"bu","09:36:55",5200
24.35,0.05,300,"sd","09:36:27",3500
24.35,0.05,500,"sd","09:33:34",3200
24.35,0.05,100,"sd","09:31:24",2700
24.35,0.05,300,"sd","09:30:33",2600
24.35,0.05,300,"bu","09:29:24",2300
24.3,0,2000,"","09:15:02",2000
