"price","change","match_qtty","side","time","total_vol"
18.5,0.35,915200,"","14:45:04",8637100
18.4,0.25,200,"bu","14:29:56",7721900
18.4,0.25,1000,"bu","14:29:51",7721700
18.4,0.25,1200,"bu","14:29:36",7720700
18.4,0.25,200,"bu","14:29:34",7719500
18.4,0.25,8700,"sd","14:29:33",7719300
18.4,0.25,100,"sd","14:29:32",7710600
18.4,0.25,2900,"sd","14:29:30",7710500
18.4,0.25,1000,"sd","14:29:24",7707600
18.4,0.25,1000,"sd","14:29:14",7706600
18.4,0.25,15800,"sd","14:29:12",7705600
18.4,0.25,100,"sd","14:29:09",7689800
18.4,0.25,15800,"sd","14:29:02",7689700
18.4,0.25,200,"sd","14:28:43",7673900
18.4,0.25,100,"sd","14:28:41",7673700
18.4,0.25,100,"sd","14:28:18",7673600
18.4,0.25,1000,"sd","14:28:12",7673500
18.4,0.25,1000,"sd","14:28:05",7672500
18.45,0.3,100,"bu","14:27:54",7671500
18.4,0.25,3000,"sd","14:27:52",7671400
18.4,0.25,5000,"sd","14:27:46",7668400
18.4,0.25,800,"sd","14:27:41",7663400
18.4,0.25,200,"sd","14:27:37",7662600
18.4,0.25,2700,"sd","14:27:28",7662400
18.4,0.25,14000,"sd","14:27:27",7659700
18.4,0.25,500,"sd","14:27:18",7645700
18.4,0.25,1900,"sd","14:27:00",7645200
18.4,0.25,30000,"sd","14:26:55",7643300
18.4,0.25,500,"sd","14:26:54",7613300
18.4,0.25,4000,"sd","14:26:35",7612800
18.4,0.25,1500,"sd","14:26:33",7608800
18.4,0.25,1600,"sd","14:26:25",7607300
18.45,0.3,4700,"bu","14:26:23",7605700
18.4,0.25,3400,"sd","14:25:56",7601000
18.4,0.25,1500,"sd","14:25:48",7597600
18.4,0.25,100,"sd","14:25:42",7596100
18.4,0.25,100,"sd","14:25:35",7596000
18.4,0.25,1000,"sd","14:25:30",7595900
18.35,0.2,13500,"sd","14:25:13",7594900
18.4,0.25,16500,"sd","14:25:13",7581400
18.4,0.25,1000,"sd","14:25:09",7564900
18.4,0.25,100,"sd","14:24:54",7563900
18.4,0.25,30000,"sd","14:24:53",7563800
18.4,0.25,3000,"sd","14:24:52",7533800
18.4,0.25,29300,"bu","14:24:45",7530800
18.35,0.2,30000,"sd","14:24:41",7501500
18.4,0.25,1000,"bu","14:24:39",7471500
18.4,0.25,9700,"sd","14:24:34",7470500
18.4,0.25,300,"bu","14:24:31",7460800
18.35,0.2,24500,"sd","14:24:30",7460500
18.4,0.25,5500,"sd","14:24:25",7436000
18.4,0.25,100,"sd","14:24:17",7430500
18.4,0.25,60000,"sd","14:24:07",7430400
18.4,0.25,15000,"sd","14:24:06",7370400
18.4,0.25,1800,"sd","14:24:01",7355400
18.4,0.25,2400,"sd","14:23:52",7353600
18.45,0.3,18100,"bu","14:23:47",7351200
18.35,0.2,15000,"sd","14:23:30",7333100
18.35,0.2,900,"sd","14:23:29",7318100
18.35,0.2,55500,"sd","14:23:19",7317200
18.4,0.25,10000,"bu","14:23:13",7261700
18.4,0.25,1000,"bu","14:23:11",7251700
18.4,0.25,200,"bu","14:23:10",7250700
18.4,0.25,100,"bu","14:23:10",7250500
18.4,0.25,8200,"sd","14:23:05",7250400
18.4,0.25,29900,"sd","14:23:03",7242200
18.4,0.25,900,"sd","14:22:57",7212300
18.4,0.25,40000,"sd","14:22:53",7211400
18.4,0.25,15000,"sd","14:22:47",7171400
18.4,0.25,10000,"sd","14:22:35",7156400
18.4,0.25,900,"sd","14:22:24",7146400
18.4,0.25,1000,"sd","14:21:59",7145500
18.4,0.25,900,"sd","14:21:52",7144500
18.45,0.3,200,"bu","14:21:50",7143600
18.4,0.25,15000,"sd","14:21:43",7143400
18.4,0.25,15000,"sd","14:21:36",7128400
18.45,0.3,100,"bu","14:21:33",7113400
18.4,0.25,15000,"sd","14:21:30",7113300
18.45,0.3,100,"bu","14:21:24",7098300
18.4,0.25,900,"sd","14:21:19",7098200
18.4,0.25,15000,"sd","14:21:18",7097300
18.4,0.25,15000,"sd","14:21:07",7082300
18.4,0.25,11800,"sd","14:21:00",7067300
18.45,0.3,3200,"sd","14:20:53",7055500
18.45,0.3,10000,"sd","14:20:49",7052300
18.45,0.3,900,"sd","14:20:47",7042300
18.45,0.3,600,"sd","14:20:34",7041400
18.45,0.3,500,"sd","14:20:21",7040800
18.45,0.3,200,"sd","14:20:19",7040300
18.45,0.3,500,"sd","14:20:18",7040100
18.45,0.3,800,"sd","14:20:15",7039600
18.45,0.3,30000,"sd","14:20:09",7038800
18.5,0.35,500,"bu","14:20:01",7008800
18.45,0.3,800,"sd","14:19:54",7008300
18.45,0.3,100,"sd","14:19:50",7007500
18.45,0.3,6000,"sd","14:19:48",7007400
18.45,0.3,800,"sd","14:19:42",7001400
18.45,0.3,1200,"sd","14:19:37",7000600
18.45,0.3,200,"sd","14:19:24",6999400
18.45,0.3,300,"sd","14:19:21",6999200
18.45,0.3,1100,"sd","14:19:20",6998900
18.45,0.3,500,"sd","14:19:18",6997800
18.45,0.3,800,"sd","14:19:10",6997300
18.45,0.3,100,"sd","14:19:00",6996500
18.45,0.3,100,"sd","14:18:54",6996400
18.45,0.3,300,"sd","14:18:46",6996300
18.45,0.3,800,"sd","14:18:37",6996000
18.5,0.35,200,"bu","14:18:31",6995200
18.45,0.3,300,"sd","14:18:24",6995000
18.45,0.3,500,"sd","14:18:08",6994700
18.45,0.3,800,"sd","14:18:05",6994200
18.45,0.3,2500,"sd","14:17:54",6993400
18.45,0.3,2000,"sd","14:17:46",6990900
18.45,0.3,800,"sd","14:17:32",6988900
18.5,0.35,5000,"bu","14:17:30",6988100
18.5,0.35,13500,"bu","14:17:27",6983100
18.45,0.3,4600,"bu","14:17:27",6969600
18.45,0.3,1300,"sd","14:17:13",6965000
18.45,0.3,200,"sd","14:17:07",6963700
18.4,0.25,1800,"sd","14:17:01",6963500
18.45,0.3,200,"sd","14:17:01",6961700
18.45,0.3,800,"sd","14:17:00",6961500
18.4,0.25,800,"sd","14:16:27",6960700
18.5,0.35,6100,"bu","14:16:04",6959900
18.5,0.35,10600,"bu","14:16:03",6953800
18.4,0.25,800,"sd","14:15:55",6943200
18.5,0.35,1500,"bu","14:15:43",6942400
18.45,0.3,10000,"bu","14:15:43",6940900
18.5,0.35,14100,"bu","14:15:27",6930900
18.45,0.3,4000,"bu","14:15:27",6916800
18.4,0.25,7500,"sd","14:15:24",6912800
18.4,0.25,800,"sd","14:15:23",6905300
18.5,0.35,11500,"bu","14:15:21",6904500
18.5,0.35,15200,"bu","14:15:15",6893000
18.45,0.3,1000,"bu","14:15:15",6877800
18.5,0.35,300,"bu","14:15:09",6876800
18.45,0.3,16000,"bu","14:15:09",6876500
18.4,0.25,600,"sd","14:15:02",6860500
18.4,0.25,2000,"sd","14:15:02",6859900
18.45,0.3,11500,"bu","14:15:01",6857900
18.45,0.3,16200,"bu","14:14:58",6846400
18.45,0.3,17200,"bu","14:14:51",6830200
18.4,0.25,800,"sd","14:14:50",6813000
18.45,0.3,16700,"bu","14:14:42",6812200
18.45,0.3,11500,"bu","14:14:41",6795500
18.45,0.3,1000,"bu","14:14:40",6784000
18.45,0.3,16800,"bu","14:14:36",6783000
18.4,0.25,1000,"sd","14:14:31",6766200
18.45,0.3,11500,"bu","14:14:20",6765200
18.4,0.25,1900,"sd","14:14:19",6753700
18.4,0.25,800,"sd","14:14:18",6751800
18.45,0.3,100,"bu","14:14:16",6751000
18.4,0.25,500,"sd","14:14:01",6750900
18.4,0.25,12000,"sd","14:14:00",6750400
18.4,0.25,300,"sd","14:13:54",6738400
18.4,0.25,1900,"sd","14:13:47",6738100
18.4,0.25,700,"sd","14:13:45",6736200
18.4,0.25,1100,"sd","14:13:24",6735500
18.4,0.25,500,"sd","14:13:20",6734400
18.4,0.25,1800,"sd","14:13:16",6733900
18.4,0.25,4700,"sd","14:13:14",6732100
18.4,0.25,300,"sd","14:13:13",6727400
18.4,0.25,700,"sd","14:13:12",6727100
18.4,0.25,3500,"sd","14:12:54",6726400
18.4,0.25,2200,"sd","14:12:45",6722900
18.4,0.25,700,"sd","14:12:40",6720700
18.4,0.25,20000,"sd","14:12:39",6720000
18.4,0.25,1000,"sd","14:12:29",6700000
18.4,0.25,1900,"sd","14:12:24",6699000
18.4,0.25,10100,"sd","14:12:23",6697100
18.4,0.25,5000,"sd","14:12:18",6687000
18.4,0.25,10000,"sd","14:12:12",6682000
18.4,0.25,2400,"sd","14:12:10",6672000
18.4,0.25,700,"sd","14:12:08",6669600
18.4,0.25,100,"sd","14:11:58",6668900
18.4,0.25,500,"sd","14:11:55",6668800
18.4,0.25,300,"sd","14:11:54",6668300
18.4,0.25,700,"sd","14:11:35",6668000
18.4,0.25,2000,"sd","14:11:30",6667300
18.4,0.25,400,"sd","14:11:24",6665300
18.4,0.25,2000,"sd","14:11:16",6664900
18.4,0.25,700,"sd","14:11:02",6662900
18.4,0.25,2200,"sd","14:10:57",6662200
18.45,0.3,5000,"bu","14:10:46",6660000
18.4,0.25,10000,"sd","14:10:41",6655000
18.4,0.25,500,"sd","14:10:40",6645000
18.4,0.25,1000,"sd","14:10:36",6644500
18.4,0.25,2600,"sd","14:10:29",6643500
18.4,0.25,1200,"sd","14:10:24",6640900
18.4,0.25,1900,"sd","14:10:21",6639700
18.4,0.25,5000,"sd","14:10:09",6637800
18.4,0.25,4000,"sd","14:10:00",6632800
18.4,0.25,700,"sd","14:09:57",6628800
18.4,0.25,200,"sd","14:09:56",6628100
18.4,0.25,300,"sd","14:09:54",6627900
18.4,0.25,1900,"sd","14:09:49",6627600
18.4,0.25,700,"sd","14:09:25",6625700
18.4,0.25,1300,"sd","14:09:24",6625000
18.4,0.25,1900,"sd","14:09:18",6623700
18.45,0.3,11500,"bu","14:09:02",6621800
18.4,0.25,300,"sd","14:08:54",6610300
18.4,0.25,700,"sd","14:08:52",6610000
18.4,0.25,2300,"sd","14:08:46",6609300
18.45,0.3,100,"bu","14:08:26",6607000
18.4,0.25,400,"sd","14:08:24",6606900
18.4,0.25,700,"sd","14:08:20",6606500
18.4,0.25,500,"sd","14:08:18",6605800
18.4,0.25,2100,"sd","14:08:10",6605300
18.4,0.25,1400,"sd","14:07:54",6603200
18.4,0.25,700,"sd","14:07:47",6601800
18.45,0.3,1000,"bu","14:07:36",6601100
18.4,0.25,2400,"sd","14:07:35",6600100
18.4,0.25,10400,"sd","14:07:24",6597700
18.4,0.25,700,"sd","14:07:14",6587300
18.4,0.25,2200,"sd","14:06:54",6586600
18.4,0.25,1300,"sd","14:06:54",6584400
18.4,0.25,700,"sd","14:06:42",6583100
18.4,0.25,3800,"sd","14:06:32",6582400
18.4,0.25,7500,"sd","14:06:26",6578600
18.4,0.25,1400,"sd","14:06:24",6571100
18.4,0.25,9400,"sd","14:06:18",6569700
18.4,0.25,700,"sd","14:06:09",6560300
18.45,0.3,4000,"bu","14:06:06",6559600
18.4,0.25,300,"sd","14:05:54",6555600
18.4,0.25,1900,"sd","14:05:48",6555300
18.4,0.25,300,"sd","14:05:47",6553400
18.4,0.25,600,"sd","14:05:41",6553100
18.4,0.25,700,"sd","14:05:36",6552500
18.4,0.25,300,"sd","14:05:24",6551800
18.4,0.25,100,"sd","14:05:17",6551500
18.4,0.25,2100,"sd","14:05:10",6551400
18.4,0.25,700,"sd","14:05:03",6549300
18.45,0.3,1000,"bu","14:04:59",6548600
18.45,0.3,1000,"bu","14:04:48",6547600
18.45,0.3,100,"bu","14:04:45",6546600
18.45,0.3,5000,"bu","14:04:43",6546500
18.45,0.3,100,"bu","14:04:39",6541500
18.45,0.3,15200,"sd","14:04:36",6541400
18.45,0.3,3000,"sd","14:04:31",6526200
18.45,0.3,700,"sd","14:04:31",6523200
18.45,0.3,5000,"sd","14:04:28",6522500
18.45,0.3,2900,"sd","14:04:24",6517500
18.45,0.3,7500,"sd","14:04:19",6514600
18.45,0.3,100,"sd","14:04:18",6507100
18.45,0.3,10000,"sd","14:04:11",6507000
18.45,0.3,700,"sd","14:03:58",6497000
18.45,0.3,10900,"sd","14:03:54",6496300
18.45,0.3,44200,"bu","14:03:49",6485400
18.45,0.3,200,"bu","14:03:41",6441200
18.45,0.3,100,"bu","14:03:38",6441000
18.4,0.25,2300,"sd","14:03:29",6440900
18.45,0.3,61500,"bu","14:03:28",6438600
18.45,0.3,100,"bu","14:03:26",6377100
18.4,0.25,700,"sd","14:03:25",6377000
18.45,0.3,12000,"bu","14:03:23",6376300
18.45,0.3,23500,"bu","14:03:19",6364300
18.45,0.3,6500,"bu","14:03:18",6340800
18.4,0.25,700,"sd","14:03:13",6334300
18.45,0.3,11500,"bu","14:03:08",6333600
18.4,0.25,5000,"sd","14:03:01",6322100
18.4,0.25,20100,"sd","14:02:57",6317100
18.4,0.25,1200,"sd","14:02:54",6297000
18.4,0.25,2900,"sd","14:02:52",6295800
18.45,0.3,10000,"bu","14:02:24",6292900
18.45,0.3,10000,"bu","14:02:22",6282900
18.4,0.25,700,"sd","14:02:19",6272900
18.4,0.25,2200,"sd","14:02:15",6272200
18.4,0.25,1000,"sd","14:02:08",6270000
18.45,0.3,100,"bu","14:02:05",6269000
18.45,0.3,100,"bu","14:02:00",6268900
18.4,0.25,400,"sd","14:01:54",6268800
18.4,0.25,700,"sd","14:01:47",6268400
18.4,0.25,2600,"sd","14:01:39",6267700
18.4,0.25,1300,"sd","14:01:24",6265100
18.4,0.25,700,"sd","14:01:14",6263800
18.4,0.25,8600,"sd","14:01:00",6263100
18.4,0.25,1400,"sd","14:00:59",6254500
18.4,0.25,1900,"sd","14:00:56",6253100
18.4,0.25,900,"sd","14:00:54",6251200
18.4,0.25,700,"sd","14:00:41",6250300
18.4,0.25,5000,"sd","14:00:26",6249600
18.4,0.25,2400,"sd","14:00:25",6244600
18.4,0.25,1100,"sd","14:00:24",6242200
18.4,0.25,700,"sd","14:00:08",6241100
18.45,0.3,10000,"bu","14:00:04",6240400
18.4,0.25,400,"sd","13:59:54",6230400
18.4,0.25,2200,"sd","13:59:46",6230000
18.4,0.25,700,"sd","13:59:36",6227800
18.4,0.25,1000,"sd","13:59:29",6227100
18.4,0.25,300,"sd","13:59:24",6226100
18.4,0.25,2300,"sd","13:59:09",6225800
18.4,0.25,700,"sd","13:59:04",6223500
18.45,0.3,500,"bu","13:58:45",6222800
18.45,0.3,100,"bu","13:58:44",6222300
18.45,0.3,50000,"bu","13:58:36",6222200
18.45,0.3,10000,"bu","13:58:32",6172200
18.4,0.25,700,"sd","13:58:32",6162200
18.4,0.25,2000,"sd","13:58:25",6161500
18.45,0.3,6100,"bu","13:58:13",6159500
18.45,0.3,100,"bu","13:58:11",6153400
18.45,0.3,11500,"bu","13:58:01",6153300
18.4,0.25,700,"sd","13:58:00",6141800
18.45,0.3,14300,"bu","13:57:45",6141100
18.45,0.3,11500,"bu","13:57:43",6126800
18.45,0.3,1000,"bu","13:57:32",6115300
18.4,0.25,700,"sd","13:57:28",6114300
18.45,0.3,15800,"bu","13:57:26",6113600
18.4,0.25,2700,"sd","13:57:24",6097800
18.4,0.25,2200,"sd","13:57:22",6095100
18.45,0.3,11500,"bu","13:57:21",6092900
18.45,0.3,11500,"bu","13:56:59",6081400
18.4,0.25,700,"sd","13:56:56",6069900
18.4,0.25,1400,"sd","13:56:54",6069200
18.4,0.25,2200,"sd","13:56:45",6067800
18.45,0.3,11500,"bu","13:56:28",6065600
18.4,0.25,700,"sd","13:56:24",6054100
18.45,0.3,11500,"bu","13:56:07",6053400
18.4,0.25,2800,"sd","13:55:54",6041900
18.4,0.25,700,"sd","13:55:52",6039100
18.45,0.3,11500,"bu","13:55:47",6038400
18.45,0.3,900,"bu","13:55:39",6026900
18.4,0.25,2300,"sd","13:55:36",6026000
18.45,0.3,11500,"bu","13:55:28",6023700
18.4,0.25,1800,"sd","13:55:24",6012200
18.4,0.25,700,"sd","13:55:20",6010400
18.4,0.25,100,"sd","13:55:10",6009700
18.45,0.3,11500,"bu","13:55:08",6009600
18.4,0.25,1900,"sd","13:54:59",5998100
18.4,0.25,3600,"sd","13:54:54",5996200
18.45,0.3,300,"bu","13:54:54",5992600
18.4,0.25,700,"sd","13:54:47",5992300
18.45,0.3,11500,"bu","13:54:46",5991600
18.4,0.25,20000,"sd","13:54:43",5980100
18.4,0.25,1900,"sd","13:54:28",5960100
18.4,0.25,2300,"sd","13:54:24",5958200
18.4,0.25,700,"sd","13:54:16",5955900
18.45,0.3,15000,"bu","13:54:03",5955200
18.4,0.25,100,"sd","13:54:00",5940200
18.4,0.25,5000,"sd","13:53:58",5940100
18.4,0.25,2000,"sd","13:53:56",5935100
18.4,0.25,200,"sd","13:53:55",5933100
18.4,0.25,400,"sd","13:53:54",5932900
18.4,0.25,100,"sd","13:53:49",5932500
18.4,0.25,700,"sd","13:53:44",5932400
18.4,0.25,3000,"sd","13:53:31",5931700
18.4,0.25,800,"sd","13:53:24",5928700
18.4,0.25,2100,"sd","13:53:23",5927900
18.45,0.3,100,"bu","13:53:17",5925800
18.4,0.25,700,"sd","13:53:13",5925700
18.4,0.25,800,"bu","13:52:59",5925000
18.4,0.25,4200,"sd","13:52:59",5924200
18.4,0.25,800,"sd","13:52:54",5920000
18.4,0.25,5000,"sd","13:52:52",5919200
18.4,0.25,2200,"sd","13:52:48",5914200
18.4,0.25,700,"sd","13:52:40",5912000
18.45,0.3,100,"bu","13:52:30",5911300
18.45,0.3,400,"bu","13:52:15",5911200
18.4,0.25,600,"sd","13:52:08",5910800
18.4,0.25,10000,"sd","13:52:04",5910200
18.4,0.25,1000,"sd","13:51:59",5900200
18.4,0.25,8400,"sd","13:51:54",5899200
18.4,0.25,10000,"sd","13:51:51",5890800
18.4,0.25,600,"sd","13:51:36",5880800
18.4,0.25,69600,"bu","13:51:35",5880200
18.4,0.25,300,"bu","13:51:33",5810600
18.35,0.2,2200,"sd","13:51:31",5810300
18.35,0.2,2000,"sd","13:51:29",5808100
18.35,0.2,200,"sd","13:51:24",5806100
18.35,0.2,600,"sd","13:51:04",5805900
18.35,0.2,2200,"sd","13:50:54",5805300
18.4,0.25,3000,"bu","13:50:36",5803100
18.35,0.2,600,"sd","13:50:32",5800100
18.4,0.25,10000,"bu","13:50:20",5799500
18.35,0.2,2000,"sd","13:50:18",5789500
18.4,0.25,100,"bu","13:50:05",5787500
18.35,0.2,600,"sd","13:50:01",5787400
18.4,0.25,5000,"bu","13:49:57",5786800
18.4,0.25,200,"bu","13:49:55",5781800
18.4,0.25,200,"bu","13:49:47",5781600
18.35,0.2,2000,"sd","13:49:45",5781400
18.4,0.25,2000,"bu","13:49:41",5779400
18.35,0.2,600,"sd","13:49:29",5777400
18.35,0.2,7500,"sd","13:49:28",5776800
18.4,0.25,300,"bu","13:49:27",5769300
18.35,0.2,200,"sd","13:49:24",5769000
18.35,0.2,1900,"sd","13:49:13",5768800
18.35,0.2,600,"sd","13:48:57",5766900
18.4,0.25,200,"bu","13:48:53",5766300
18.35,0.2,2100,"sd","13:48:41",5766100
18.4,0.25,40000,"bu","13:48:27",5764000
18.35,0.2,800,"sd","13:48:24",5724000
18.35,0.2,2000,"sd","13:48:06",5723200
18.35,0.2,300,"sd","13:47:54",5721200
18.35,0.2,600,"sd","13:47:52",5720900
18.35,0.2,2300,"sd","13:47:35",5720300
18.35,0.2,300,"sd","13:47:24",5718000
18.35,0.2,600,"sd","13:47:21",5717700
18.35,0.2,1900,"sd","13:46:57",5717100
18.35,0.2,700,"sd","13:46:54",5715200
18.35,0.2,600,"sd","13:46:49",5714500
18.35,0.2,200,"sd","13:46:48",5713900
18.35,0.2,1000,"sd","13:46:45",5713700
18.35,0.2,2000,"sd","13:46:25",5712700
18.35,0.2,3400,"sd","13:46:24",5710700
18.35,0.2,7500,"sd","13:46:21",5707300
18.35,0.2,600,"sd","13:46:16",5699800
18.4,0.25,15000,"bu","13:46:15",5699200
18.4,0.25,1000,"sd","13:45:57",5684200
18.4,0.25,1000,"sd","13:45:56",5683200
18.4,0.25,300,"sd","13:45:54",5682200
18.4,0.25,9500,"sd","13:45:54",5681900
18.4,0.25,2100,"sd","13:45:51",5672400
18.4,0.25,50000,"sd","13:45:48",5670300
18.4,0.25,600,"sd","13:45:44",5620300
18.4,0.25,500,"sd","13:45:35",5619700
18.4,0.25,2000,"sd","13:45:34",5619200
18.4,0.25,32500,"sd","13:45:25",5617200
18.4,0.25,300,"sd","13:45:24",5584700
18.4,0.25,2500,"sd","13:45:18",5584400
18.4,0.25,600,"sd","13:45:12",5581900
18.4,0.25,600,"sd","13:44:54",5581300
18.4,0.25,800,"sd","13:44:52",5580700
18.4,0.25,1000,"sd","13:44:41",5579900
18.4,0.25,500,"sd","13:44:41",5578900
18.4,0.25,600,"sd","13:44:40",5578400
18.4,0.25,2100,"sd","13:44:39",5577800
18.4,0.25,1000,"sd","13:44:38",5575700
18.4,0.25,900,"sd","13:44:24",5574700
18.4,0.25,1000,"sd","13:44:14",5573800
18.4,0.25,600,"sd","13:44:08",5572800
18.4,0.25,1900,"sd","13:44:05",5572200
18.4,0.25,300,"sd","13:44:00",5570300
18.4,0.25,5000,"sd","13:43:59",5570000
18.4,0.25,300,"sd","13:43:54",5565000
18.4,0.25,600,"sd","13:43:37",5564700
18.4,0.25,2200,"sd","13:43:34",5564100
18.4,0.25,200,"sd","13:43:24",5561900
18.4,0.25,600,"sd","13:43:05",5561700
18.4,0.25,2000,"sd","13:42:57",5561100
18.4,0.25,200,"sd","13:42:54",5559100
18.4,0.25,600,"sd","13:42:33",5558900
18.4,0.25,2300,"sd","13:42:24",5558300
18.45,0.3,100,"bu","13:42:08",5556000
18.4,0.25,600,"sd","13:42:01",5555900
18.4,0.25,800,"sd","13:41:54",5555300
18.4,0.25,1900,"sd","13:41:46",5554500
18.4,0.25,1000,"sd","13:41:32",5552600
18.4,0.25,500,"sd","13:41:31",5551600
18.4,0.25,600,"sd","13:41:29",5551100
18.4,0.25,500,"sd","13:41:26",5550500
18.4,0.25,800,"sd","13:41:24",5546500
18.4,0.25,300,"sd","13:41:19",5545700
18.4,0.25,2100,"sd","13:41:15",5545400
18.4,0.25,3000,"sd","13:41:09",5543300
18.4,0.25,600,"sd","13:40:57",5540300
18.4,0.25,2200,"sd","13:40:54",5539700
18.4,0.25,2100,"sd","13:40:40",5537500
18.4,0.25,20000,"sd","13:40:30",5535400
18.4,0.25,600,"sd","13:40:25",5515400
18.4,0.25,200,"sd","13:40:24",5514800
18.4,0.25,2000,"sd","13:40:07",5514600
18.4,0.25,300,"sd","13:39:54",5512600
18.4,0.25,600,"sd","13:39:53",5512300
18.4,0.25,2200,"sd","13:39:33",5511700
18.4,0.25,200,"sd","13:39:24",5509500
18.4,0.25,600,"sd","13:39:21",5509300
18.4,0.25,2200,"sd","13:38:57",5508700
18.4,0.25,100,"sd","13:38:54",5506500
18.4,0.25,600,"sd","13:38:50",5506400
18.4,0.25,100,"sd","13:38:45",5505800
18.4,0.25,500,"sd","13:38:24",5505700
18.4,0.25,2000,"sd","13:38:20",5505200
18.4,0.25,600,"sd","13:38:18",5503200
18.4,0.25,1000,"sd","13:38:14",5502600
18.45,0.3,2300,"bu","13:37:55",5501600
18.45,0.3,100,"bu","13:37:48",5499300
18.4,0.25,2200,"sd","13:37:47",5499200
18.4,0.25,600,"sd","13:37:46",5497000
18.45,0.3,1600,"bu","13:37:38",5496400
18.4,0.25,300,"sd","13:37:24",5494800
18.4,0.25,500,"sd","13:37:23",5494500
18.4,0.25,600,"sd","13:37:14",5494000
18.4,0.25,2000,"sd","13:37:12",5493400
18.4,0.25,700,"sd","13:36:54",5491400
18.4,0.25,600,"sd","13:36:42",5490700
18.45,0.3,100,"bu","13:36:29",5490100
18.45,0.3,6200,"sd","13:36:24",5490000
18.45,0.3,500,"sd","13:36:22",5483700
18.45,0.3,200,"sd","13:36:21",5483200
18.45,0.3,5000,"sd","13:36:18",5483000
18.45,0.3,500,"sd","13:36:17",5478000
18.45,0.3,4100,"sd","13:36:15",5477500
18.5,0.35,5000,"bu","13:36:13",5473400
18.45,0.3,600,"sd","13:36:11",5468400
18.45,0.3,600,"sd","13:36:10",5467800
18.45,0.3,1000,"sd","13:36:09",5467200
18.45,0.3,37000,"sd","13:36:07",5466200
18.45,0.3,5000,"sd","13:36:06",5429200
18.45,0.3,10000,"sd","13:36:05",5424200
18.45,0.3,200,"sd","13:36:01",5414200
18.45,0.3,500,"sd","13:35:59",5414000
18.45,0.3,1700,"sd","13:35:54",5413500
18.45,0.3,100,"sd","13:35:51",5411800
18.45,0.3,300,"sd","13:35:50",5411700
18.45,0.3,1500,"sd","13:35:47",5411400
18.45,0.3,6000,"sd","13:35:45",5409900
18.45,0.3,100,"sd","13:35:44",5403900
18.45,0.3,600,"sd","13:35:39",5403800
18.45,0.3,100,"sd","13:35:38",5403200
18.45,0.3,500,"sd","13:35:35",5403100
18.45,0.3,2000,"sd","13:35:34",5402600
18.45,0.3,4300,"sd","13:35:32",5400600
18.45,0.3,100,"sd","13:35:28",5396300
18.45,0.3,1800,"sd","13:35:24",5396200
18.45,0.3,6600,"sd","13:35:23",5394400
18.45,0.3,1200,"sd","13:35:20",5387800
18.45,0.3,4000,"sd","13:35:12",5386600
18.45,0.3,600,"sd","13:35:07",5382600
18.45,0.3,4000,"sd","13:35:02",5382000
18.45,0.3,2300,"sd","13:35:01",5378000
18.45,0.3,100,"sd","13:34:58",5375700
18.45,0.3,100,"sd","13:34:54",5375600
18.45,0.3,600,"sd","13:34:34",5375500
18.45,0.3,1000,"sd","13:34:24",5374900
18.45,0.3,2000,"sd","13:34:23",5373900
18.45,0.3,100,"sd","13:34:20",5371900
18.45,0.3,500,"sd","13:34:16",5371800
18.45,0.3,1000,"sd","13:34:06",5371300
18.45,0.3,600,"sd","13:34:03",5370300
18.45,0.3,5000,"sd","13:33:57",5369700
18.45,0.3,1100,"sd","13:33:54",5364700
18.45,0.3,2100,"sd","13:33:50",5363600
18.45,0.3,7500,"sd","13:33:39",5361500
18.45,0.3,600,"sd","13:33:31",5354000
18.45,0.3,1100,"sd","13:33:24",5353400
18.45,0.3,500,"sd","13:33:18",5352300
18.5,0.35,100,"bu","13:33:17",5351800
18.45,0.3,2300,"sd","13:33:16",5351700
18.45,0.3,7500,"sd","13:33:14",5349400
18.45,0.3,600,"sd","13:32:59",5341900
18.45,0.3,300,"sd","13:32:54",5341300
18.45,0.3,2200,"sd","13:32:38",5341000
18.5,0.35,400,"bu","13:32:31",5338800
18.45,0.3,600,"sd","13:32:27",5338400
18.5,0.35,100,"bu","13:32:13",5337800
18.45,0.3,2200,"sd","13:32:03",5337700
18.45,0.3,600,"sd","13:31:55",5335500
18.5,0.35,5000,"bu","13:31:45",5334900
18.45,0.3,100,"sd","13:31:42",5329900
18.5,0.35,3600,"bu","13:31:37",5329800
18.45,0.3,1900,"sd","13:31:26",5326200
18.45,0.3,1500,"sd","13:31:24",5324300
18.45,0.3,600,"sd","13:31:23",5322800
18.5,0.35,1000,"bu","13:31:18",5322200
18.5,0.35,500,"bu","13:31:02",5321200
18.45,0.3,10000,"sd","13:30:57",5320700
18.45,0.3,2000,"sd","13:30:54",5310700
18.5,0.35,100,"bu","13:30:52",5308700
18.45,0.3,600,"sd","13:30:51",5308600
18.5,0.35,200,"bu","13:30:45",5308000
18.45,0.3,100,"sd","13:30:45",5307800
18.5,0.35,100,"bu","13:30:29",5307700
18.45,0.3,800,"sd","13:30:24",5307600
18.45,0.3,2200,"sd","13:30:22",5306800
18.45,0.3,500,"sd","13:30:21",5304600
18.45,0.3,600,"sd","13:30:19",5304100
18.45,0.3,2000,"sd","13:30:15",5303500
18.45,0.3,200,"sd","13:30:08",5301500
18.45,0.3,2000,"sd","13:30:00",5301300
18.45,0.3,800,"sd","13:29:55",5299300
18.45,0.3,600,"sd","13:29:47",5298500
18.45,0.3,1900,"sd","13:29:46",5297900
18.45,0.3,400,"sd","13:29:45",5296000
18.45,0.3,2500,"sd","13:29:41",5295600
18.5,0.35,2000,"bu","13:29:29",5293100
18.45,0.3,1000,"sd","13:29:27",5291100
18.45,0.3,500,"sd","13:29:24",5290100
18.45,0.3,600,"sd","13:29:15",5289600
18.45,0.3,2000,"sd","13:29:13",5289000
18.45,0.3,2400,"sd","13:28:54",5287000
18.45,0.3,500,"sd","13:28:53",5284600
18.45,0.3,500,"sd","13:28:46",5284100
18.45,0.3,600,"sd","13:28:43",5283600
18.45,0.3,1900,"sd","13:28:41",5283000
18.45,0.3,20000,"sd","13:28:38",5281100
18.45,0.3,1000,"sd","13:28:25",5261100
18.45,0.3,300,"sd","13:28:24",5260100
18.45,0.3,100,"sd","13:28:17",5259800
18.45,0.3,600,"sd","13:28:11",5259700
18.45,0.3,2100,"sd","13:28:09",5259100
18.45,0.3,200,"sd","13:27:57",5257000
18.45,0.3,300,"sd","13:27:55",5256800
18.45,0.3,600,"sd","13:27:40",5256500
18.45,0.3,1900,"sd","13:27:35",5255900
18.45,0.3,1300,"sd","13:27:24",5254000
18.45,0.3,100,"sd","13:27:22",5252700
18.45,0.3,600,"sd","13:27:08",5252600
18.45,0.3,10000,"sd","13:27:04",5252000
18.45,0.3,2100,"sd","13:27:04",5242000
18.45,0.3,600,"sd","13:26:54",5239900
18.45,0.3,500,"sd","13:26:52",5239300
18.5,0.35,1000,"bu","13:26:43",5238800
18.45,0.3,600,"sd","13:26:35",5237800
18.45,0.3,1900,"sd","13:26:30",5237200
18.45,0.3,100,"sd","13:26:25",5235300
18.45,0.3,1900,"sd","13:26:24",5235200
18.45,0.3,100,"sd","13:26:22",5233300
18.45,0.3,100,"sd","13:26:14",5233200
18.45,0.3,100,"sd","13:26:08",5233100
18.45,0.3,1500,"sd","13:26:06",5233000
18.45,0.3,200,"sd","13:26:05",5231500
18.45,0.3,600,"sd","13:26:04",5231300
18.45,0.3,1000,"sd","13:26:02",5230700
18.45,0.3,5800,"sd","13:26:02",5229700
18.45,0.3,2100,"sd","13:25:58",5223900
18.45,0.3,800,"bu","13:25:56",5221800
18.45,0.3,6800,"bu","13:25:56",5221000
18.45,0.3,200,"bu","13:25:49",5214200
18.45,0.3,1000,"sd","13:25:43",5214000
18.45,0.3,200,"sd","13:25:42",5213000
18.45,0.3,1100,"sd","13:25:32",5212800
18.45,0.3,5000,"sd","13:25:27",5211700
18.45,0.3,900,"sd","13:25:24",5206700
18.45,0.3,2100,"sd","13:25:22",5205800
18.45,0.3,5000,"sd","13:25:10",5203700
18.45,0.3,600,"sd","13:25:00",5198700
18.45,0.3,1400,"sd","13:24:54",5198100
18.45,0.3,1900,"sd","13:24:49",5196700
18.45,0.3,2000,"sd","13:24:48",5194800
18.45,0.3,500,"sd","13:24:47",5192800
18.45,0.3,8200,"sd","13:24:29",5192300
18.45,0.3,600,"sd","13:24:27",5184100
18.45,0.3,1500,"sd","13:24:24",5183500
18.45,0.3,300,"sd","13:24:23",5182000
18.45,0.3,2200,"sd","13:24:18",5181700
18.5,0.35,100,"bu","13:24:09",5179500
18.45,0.3,2100,"sd","13:24:06",5179400
18.4,0.25,600,"sd","13:23:56",5177300
18.5,0.35,200,"bu","13:23:56",5176700
18.5,0.35,14100,"bu","13:23:48",5176500
18.45,0.3,9600,"bu","13:23:48",5162400
18.45,0.3,1000,"bu","13:23:46",5152800
18.45,0.3,2300,"sd","13:23:39",5151800
18.45,0.3,400,"bu","13:23:34",5149500
18.45,0.3,1000,"bu","13:23:33",5149100
18.45,0.3,1000,"bu","13:23:32",5148100
18.45,0.3,2800,"bu","13:23:28",5147100
18.4,0.25,600,"sd","13:23:24",5144300
18.45,0.3,200,"bu","13:23:22",5143700
18.45,0.3,7900,"bu","13:23:06",5143500
18.45,0.3,1000,"bu","13:23:02",5135600
18.45,0.3,100,"bu","13:22:56",5134600
18.4,0.25,2400,"sd","13:22:54",5134500
18.4,0.25,600,"sd","13:22:52",5132100
18.45,0.3,100,"bu","13:22:51",5131500
18.45,0.3,23700,"bu","13:22:50",5131400
18.45,0.3,200,"bu","13:22:37",5107700
18.45,0.3,200,"bu","13:22:35",5107500
18.45,0.3,1000,"bu","13:22:22",5107300
18.4,0.25,600,"sd","13:22:20",5106300
18.45,0.3,7900,"bu","13:22:16",5105700
18.45,0.3,26500,"bu","13:22:09",5097800
18.45,0.3,100,"bu","13:21:59",5071300
18.4,0.25,11400,"sd","13:21:54",5071200
18.45,0.3,23700,"bu","13:21:54",5059800
18.4,0.25,600,"sd","13:21:48",5036100
18.45,0.3,7300,"bu","13:21:43",5035500
18.45,0.3,16400,"bu","13:21:43",5028200
18.45,0.3,7900,"bu","13:21:40",5011800
18.4,0.25,1900,"sd","13:21:33",5003900
18.45,0.3,80000,"bu","13:21:33",5002000
18.45,0.3,100,"bu","13:21:28",4922000
18.4,0.25,200,"sd","13:21:24",4921900
18.4,0.25,100,"sd","13:21:23",4921700
18.4,0.25,600,"sd","13:21:17",4921600
18.4,0.25,2100,"sd","13:21:02",4921000
18.45,0.3,3100,"bu","13:20:50",4918900
18.4,0.25,100,"sd","13:20:49",4915800
18.4,0.25,600,"sd","13:20:44",4915700
18.4,0.25,100,"sd","13:20:30",4915100
18.4,0.25,1900,"sd","13:20:27",4915000
18.4,0.25,200,"sd","13:20:24",4913100
18.4,0.25,600,"sd","13:20:13",4912900
18.4,0.25,1900,"sd","13:19:56",4912300
18.4,0.25,400,"sd","13:19:54",4910400
18.4,0.25,600,"sd","13:19:41",4910000
18.45,0.3,1000,"bu","13:19:37",4909400
18.4,0.25,200,"sd","13:19:28",4908400
18.4,0.25,2300,"sd","13:19:25",4908200
18.4,0.25,100,"sd","13:19:24",4905900
18.4,0.25,300,"sd","13:19:21",4905800
18.4,0.25,600,"sd","13:19:09",4905500
18.4,0.25,600,"sd","13:18:54",4904900
18.4,0.25,1900,"sd","13:18:47",4904300
18.4,0.25,600,"sd","13:18:37",4902400
18.4,0.25,1700,"sd","13:18:30",4901800
18.4,0.25,2600,"sd","13:18:24",4900100
18.4,0.25,21000,"sd","13:18:17",4897500
18.4,0.25,2100,"sd","13:18:15",4876500
18.4,0.25,1000,"sd","13:18:14",4874400
18.4,0.25,600,"sd","13:18:05",4873400
18.4,0.25,1000,"sd","13:17:55",4872800
18.4,0.25,500,"sd","13:17:54",4871800
18.4,0.25,100,"sd","13:17:53",4871300
18.4,0.25,2000,"sd","13:17:48",4871200
18.4,0.25,2000,"sd","13:17:40",4869200
18.4,0.25,100,"sd","13:17:35",4867200
18.4,0.25,600,"sd","13:17:34",4867100
18.45,0.3,200,"bu","13:17:30",4866500
18.4,0.25,600,"sd","13:17:24",4866300
18.4,0.25,1900,"sd","13:17:08",4865700
18.4,0.25,600,"sd","13:17:02",4863800
18.45,0.3,400,"bu","13:17:01",4863200
18.4,0.25,3900,"sd","13:16:54",4862800
18.4,0.25,1000,"sd","13:16:38",4858900
18.4,0.25,2100,"sd","13:16:37",4857900
18.45,0.3,28000,"bu","13:16:35",4855800
18.4,0.25,7000,"sd","13:16:32",4827800
18.4,0.25,600,"sd","13:16:30",4820800
18.4,0.25,400,"sd","13:16:24",4820200
18.4,0.25,500,"sd","13:16:18",4819800
18.4,0.25,2000,"sd","13:16:01",4819300
18.4,0.25,600,"sd","13:15:55",4817300
18.4,0.25,900,"sd","13:15:54",4816700
18.4,0.25,4000,"sd","13:15:34",4815800
18.4,0.25,2000,"sd","13:15:29",4811800
18.4,0.25,2000,"sd","13:15:27",4809800
18.4,0.25,500,"sd","13:15:24",4807800
18.4,0.25,600,"sd","13:15:24",4807300
18.4,0.25,3600,"sd","13:15:19",4806700
18.4,0.25,1900,"sd","13:14:56",4803100
18.45,0.3,100,"bu","13:14:55",4801200
18.4,0.25,200,"sd","13:14:54",4801100
18.4,0.25,600,"sd","13:14:51",4800900
18.4,0.25,200,"sd","13:14:42",4800300
18.4,0.25,1900,"sd","13:14:25",4800100
18.4,0.25,100,"sd","13:14:24",4798200
18.4,0.25,600,"sd","13:14:20",4798100
18.4,0.25,800,"sd","13:14:19",4797500
18.4,0.25,300,"sd","13:13:54",4796700
18.4,0.25,1900,"sd","13:13:53",4796400
18.4,0.25,600,"sd","13:13:48",4794500
18.4,0.25,1100,"sd","13:13:24",4793900
18.4,0.25,2000,"sd","13:13:21",4792800
18.4,0.25,600,"sd","13:13:17",4790800
18.45,0.3,100,"bu","13:13:11",4790200
18.4,0.25,700,"sd","13:13:09",4790100
18.4,0.25,7500,"sd","13:12:59",4789400
18.4,0.25,500,"sd","13:12:54",4781900
18.4,0.25,1900,"sd","13:12:49",4781400
18.4,0.25,600,"sd","13:12:45",4779500
18.4,0.25,1400,"sd","13:12:36",4778900
18.4,0.25,1100,"sd","13:12:24",4777500
18.4,0.25,2400,"sd","13:12:18",4776400
18.4,0.25,300,"sd","13:12:16",4774000
18.4,0.25,600,"sd","13:12:14",4773700
18.4,0.25,7200,"sd","13:12:10",4773100
18.45,0.3,1000,"bu","13:12:07",4765900
18.4,0.25,300,"sd","13:11:54",4764900
18.4,0.25,100,"sd","13:11:48",4764600
18.4,0.25,600,"sd","13:11:42",4764500
18.4,0.25,2400,"sd","13:11:38",4763900
18.4,0.25,300,"sd","13:11:24",4761500
18.4,0.25,600,"sd","13:11:11",4761200
18.4,0.25,1900,"sd","13:10:59",4760600
18.4,0.25,1300,"sd","13:10:54",4758700
18.4,0.25,500,"sd","13:10:50",4757400
18.4,0.25,600,"sd","13:10:39",4756900
18.4,0.25,5900,"sd","13:10:35",4756300
18.4,0.25,2000,"sd","13:10:27",4750400
18.4,0.25,4500,"sd","13:10:24",4748400
18.4,0.25,8500,"bu","13:10:17",4743900
18.4,0.25,2000,"bu","13:10:13",4735400
18.4,0.25,3000,"bu","13:10:09",4733400
18.35,0.2,600,"sd","13:10:07",4730400
18.45,0.3,19400,"bu","13:09:58",4729800
18.4,0.25,4300,"bu","13:09:58",4710400
18.4,0.25,5000,"bu","13:09:56",4706100
18.35,0.2,2500,"sd","13:09:54",4701100
18.35,0.2,600,"sd","13:09:35",4698600
18.4,0.25,5000,"bu","13:09:25",4698000
18.35,0.2,600,"sd","13:09:24",4693000
18.35,0.2,1900,"sd","13:09:23",4692400
18.35,0.2,600,"sd","13:09:03",4690500
18.4,0.25,2000,"bu","13:09:02",4689900
18.4,0.25,2000,"bu","13:09:01",4687900
18.35,0.2,400,"sd","13:08:54",4685900
18.35,0.2,2200,"sd","13:08:52",4685500
18.35,0.2,1300,"sd","13:08:40",4683300
18.4,0.25,500,"bu","13:08:38",4682000
18.35,0.2,600,"sd","13:08:32",4681500
18.35,0.2,200,"sd","13:08:24",4680900
18.35,0.2,1900,"sd","13:08:17",4680700
18.35,0.2,600,"sd","13:08:00",4678800
18.4,0.25,46000,"sd","13:07:53",4678200
18.45,0.3,6900,"bu","13:07:49",4632200
18.4,0.25,2300,"sd","13:07:44",4625300
18.4,0.25,1000,"sd","13:07:42",4623000
18.4,0.25,10000,"sd","13:07:40",4622000
18.4,0.25,5000,"sd","13:07:33",4612000
18.4,0.25,600,"sd","13:07:27",4607000
18.4,0.25,300,"sd","13:07:24",4606400
18.4,0.25,1900,"sd","13:07:07",4606100
18.4,0.25,1000,"sd","13:07:04",4604200
18.4,0.25,600,"sd","13:06:55",4603200
18.4,0.25,400,"sd","13:06:54",4602600
18.4,0.25,2100,"sd","13:06:34",4602200
18.4,0.25,1500,"sd","13:06:25",4600100
18.4,0.25,500,"sd","13:06:24",4598600
18.4,0.25,600,"sd","13:06:23",4598100
18.4,0.25,100,"sd","13:06:18",4597500
18.4,0.25,200,"sd","13:06:17",4597400
18.4,0.25,4800,"sd","13:05:54",4597200
18.4,0.25,600,"sd","13:05:51",4592400
18.4,0.25,2200,"sd","13:05:28",4591800
18.4,0.25,45500,"bu","13:05:27",4589600
18.35,0.2,200,"sd","13:05:24",4544100
18.35,0.2,600,"sd","13:05:19",4543900
18.4,0.25,1000,"bu","13:05:06",4543300
18.35,0.2,1000,"sd","13:04:56",4542300
18.35,0.2,100,"sd","13:04:54",4541300
18.35,0.2,600,"sd","13:04:46",4541200
18.35,0.2,500,"sd","13:04:24",4540600
18.35,0.2,600,"sd","13:04:14",4540100
18.4,0.25,5000,"bu","13:04:14",4539500
18.35,0.2,100,"sd","13:03:55",4534500
18.4,0.25,5000,"bu","13:03:52",4534400
18.35,0.2,600,"sd","13:03:43",4529400
18.4,0.25,7400,"sd","13:03:36",4528800
18.4,0.25,5000,"sd","13:03:30",4521400
18.4,0.25,4000,"sd","13:03:24",4516400
18.4,0.25,8900,"bu","13:03:23",4512400
18.4,0.25,1600,"bu","13:03:19",4503500
18.4,0.25,3800,"sd","13:03:10",4501900
18.4,0.25,2300,"sd","13:03:07",4498100
18.45,0.3,23700,"bu","13:02:59",4495800
18.4,0.25,600,"sd","13:02:54",4472100
18.4,0.25,4000,"sd","13:02:44",4471500
18.4,0.25,300,"sd","13:02:38",4467500
18.4,0.25,900,"sd","13:02:32",4467200
18.4,0.25,1700,"sd","13:02:24",4466300
18.4,0.25,100,"sd","13:02:11",4464600
18.4,0.25,7100,"sd","13:01:56",4464500
18.4,0.25,10100,"sd","13:01:54",4457400
18.4,0.25,90900,"bu","13:01:32",4447300
18.4,0.25,10000,"bu","13:01:28",4356400
18.35,0.2,600,"sd","13:01:24",4346400
18.35,0.2,2200,"sd","13:01:19",4345800
18.35,0.2,1000,"sd","13:00:55",4343600
18.35,0.2,3400,"sd","13:00:54",4342600
18.35,0.2,1900,"sd","13:00:43",4339200
18.35,0.2,5300,"sd","13:00:24",4337300
18.4,0.25,500,"bu","13:00:23",4332000
18.35,0.2,200,"sd","13:00:17",4331500
18.35,0.2,1800,"sd","13:00:14",4331300
18.35,0.2,400,"sd","13:00:12",4329500
18.35,0.2,700,"sd","13:00:11",4329100
18.35,0.2,100,"sd","13:00:11",4328400
18.35,0.2,300,"sd","13:00:10",4328300
18.35,0.2,1000,"sd","13:00:07",4328000
18.4,0.25,300,"bu","13:00:06",4327000
18.35,0.2,1000,"sd","13:00:04",4326700
18.4,0.25,600,"bu","13:00:03",4325700
18.35,0.2,10000,"sd","13:00:02",4325100
18.35,0.2,50800,"sd","13:00:01",4315100
18.4,0.25,10000,"bu","13:00:00",4264300
18.4,0.25,2200,"bu","13:00:00",4254300
18.35,0.2,1000,"sd","11:29:57",4252100
18.4,0.25,1000,"bu","11:29:52",4251100
18.35,0.2,2000,"sd","11:29:41",4250100
18.4,0.25,1400,"bu","11:29:26",4248100
18.35,0.2,2200,"sd","11:29:23",4246700
18.35,0.2,100,"sd","11:29:21",4244500
18.35,0.2,10000,"sd","11:29:19",4244400
18.35,0.2,1900,"sd","11:29:08",4234400
18.35,0.2,10000,"sd","11:29:01",4232500
18.35,0.2,200,"sd","11:28:53",4222500
18.35,0.2,2100,"sd","11:28:37",4222300
18.4,0.25,3900,"bu","11:28:12",4220200
18.35,0.2,500,"sd","11:28:11",4216300
18.4,0.25,3000,"bu","11:28:09",4215800
18.35,0.2,1500,"sd","11:28:03",4212800
18.35,0.2,600,"sd","11:28:03",4211300
18.35,0.2,200,"sd","11:27:53",4210700
18.35,0.2,2000,"sd","11:27:28",4210500
18.35,0.2,200,"sd","11:27:24",4208500
18.35,0.2,2100,"sd","11:26:55",4208300
18.4,0.25,200,"bu","11:26:44",4206200
18.4,0.25,100,"bu","11:26:37",4206000
18.4,0.25,200,"bu","11:26:25",4205900
18.35,0.2,200,"sd","11:26:23",4205700
18.35,0.2,1900,"sd","11:26:20",4205500
18.4,0.25,100,"bu","11:25:54",4203600
18.35,0.2,200,"sd","11:25:54",4203500
18.35,0.2,2000,"sd","11:25:49",4203300
18.35,0.2,300,"sd","11:25:23",4201300
18.35,0.2,2400,"sd","11:25:16",4201000
18.4,0.25,500,"bu","11:25:12",4198600
18.35,0.2,200,"sd","11:24:53",4198100
18.35,0.2,1900,"sd","11:24:37",4197900
18.35,0.2,200,"sd","11:24:23",4196000
18.35,0.2,2400,"sd","11:24:05",4195800
18.4,0.25,100,"bu","11:23:46",4193400
18.35,0.2,2300,"sd","11:23:27",4193300
18.4,0.25,1000,"bu","11:22:54",4191000
18.35,0.2,100,"sd","11:22:54",4190000
18.35,0.2,1900,"sd","11:22:49",4189900
18.4,0.25,200,"bu","11:22:22",4188000
18.4,0.25,1300,"sd","11:22:06",4187800
18.4,0.25,10000,"sd","11:22:02",4186500
18.4,0.25,200,"sd","11:21:53",4176500
18.4,0.25,300,"sd","11:21:51",4176300
18.4,0.25,1900,"sd","11:21:42",4176000
18.4,0.25,100,"sd","11:21:37",4174100
18.4,0.25,200,"sd","11:21:24",4174000
18.4,0.25,100,"sd","11:21:18",4173800
18.4,0.25,1900,"sd","11:21:10",4173700
18.4,0.25,200,"sd","11:20:53",4171800
18.4,0.25,1900,"sd","11:20:39",4171600
18.4,0.25,300,"sd","11:20:23",4169700
18.4,0.25,100,"sd","11:20:09",4169400
18.4,0.25,2200,"sd","11:20:08",4169300
18.4,0.25,100,"sd","11:20:07",4167100
18.4,0.25,900,"sd","11:19:54",4167000
18.4,0.25,7500,"sd","11:19:46",4166100
18.4,0.25,2000,"sd","11:19:32",4158600
18.4,0.25,200,"sd","11:19:23",4156600
18.4,0.25,1900,"sd","11:18:59",4156400
18.4,0.25,200,"sd","11:18:53",4154500
18.4,0.25,2100,"sd","11:18:27",4154300
18.4,0.25,200,"sd","11:18:23",4152200
18.4,0.25,200,"sd","11:17:58",4152000
18.4,0.25,2100,"sd","11:17:54",4151800
18.45,0.3,200,"bu","11:17:42",4149700
18.45,0.3,2000,"bu","11:17:24",4149500
18.4,0.25,500,"sd","11:17:24",4147500
18.4,0.25,2100,"sd","11:17:18",4147000
18.4,0.25,3000,"sd","11:17:03",4144900
18.4,0.25,500,"sd","11:16:53",4141900
18.4,0.25,600,"sd","11:16:49",4141400
18.4,0.25,2100,"sd","11:16:44",4140800
18.4,0.25,3000,"sd","11:16:29",4138700
18.45,0.3,8400,"bu","11:16:19",4135700
18.4,0.25,2000,"sd","11:16:10",4127300
18.45,0.3,4500,"bu","11:15:39",4125300
18.4,0.25,1900,"sd","11:15:37",4120800
18.4,0.25,200,"sd","11:15:23",4118900
18.4,0.25,1900,"sd","11:15:06",4118700
18.4,0.25,200,"sd","11:14:53",4116800
18.4,0.25,2100,"sd","11:14:34",4116600
18.4,0.25,200,"sd","11:14:33",4114500
18.45,0.3,200,"bu","11:14:15",4114300
18.4,0.25,2200,"sd","11:13:57",4114100
18.4,0.25,1500,"sd","11:13:53",4111900
18.4,0.25,8200,"bu","11:13:48",4110400
18.4,0.25,100,"bu","11:13:47",4102200
18.4,0.25,3000,"bu","11:13:45",4102100
18.4,0.25,3700,"bu","11:13:33",4099100
18.4,0.25,300,"bu","11:13:30",4095400
18.35,0.2,200,"sd","11:13:23",4095100
18.35,0.2,2000,"sd","11:13:20",4094900
18.4,0.25,200,"bu","11:12:40",4092900
18.4,0.25,600,"sd","11:12:29",4092700
18.4,0.25,3000,"sd","11:12:24",4092100
18.4,0.25,1000,"sd","11:12:21",4089100
18.4,0.25,25400,"bu","11:12:18",4088100
18.35,0.2,2000,"sd","11:12:13",4062700
18.4,0.25,2100,"bu","11:11:55",4060700
18.35,0.2,300,"sd","11:11:53",4058600
18.35,0.2,2100,"sd","11:11:42",4058300
18.35,0.2,800,"sd","11:11:38",4056200
18.35,0.2,200,"sd","11:11:23",4055400
18.35,0.2,2200,"sd","11:11:06",4055200
18.35,0.2,300,"sd","11:10:54",4053000
18.35,0.2,2300,"sd","11:10:31",4052700
18.4,0.25,1000,"bu","11:10:29",4050400
18.4,0.25,100,"bu","11:10:28",4049400
18.4,0.25,100,"bu","11:10:19",4049300
18.4,0.25,7900,"bu","11:09:59",4049200
18.4,0.25,7900,"bu","11:09:58",4041300
18.35,0.2,1900,"sd","11:09:53",4033400
18.4,0.25,2000,"bu","11:09:27",4031500
18.4,0.25,1000,"bu","11:09:19",4029500
18.4,0.25,4800,"bu","11:09:09",4028500
18.4,0.25,400,"bu","11:09:06",4023700
18.4,0.25,100,"bu","11:08:58",4023300
18.4,0.25,2300,"sd","11:08:53",4023200
18.4,0.25,2100,"sd","11:08:49",4020900
18.4,0.25,5600,"bu","11:08:47",4018800
18.4,0.25,27200,"bu","11:08:46",4013200
18.4,0.25,500,"bu","11:08:27",3986000
18.4,0.25,300,"bu","11:08:23",3985500
18.4,0.25,4700,"bu","11:08:16",3985200
18.35,0.2,1900,"sd","11:08:16",3980500
18.4,0.25,300,"bu","11:08:00",3978600
18.35,0.2,300,"sd","11:07:53",3978300
18.35,0.2,1900,"sd","11:07:44",3978000
18.4,0.25,1000,"bu","11:07:42",3976100
18.35,0.2,200,"sd","11:07:24",3975100
18.35,0.2,2100,"sd","11:07:12",3974900
18.4,0.25,100,"bu","11:07:04",3972800
18.4,0.25,300,"bu","11:07:00",3972700
18.35,0.2,200,"sd","11:06:53",3972400
18.35,0.2,2000,"sd","11:06:38",3972200
18.4,0.25,300,"bu","11:06:19",3970200
18.35,0.2,1900,"sd","11:06:06",3969900
18.4,0.25,2800,"bu","11:06:03",3968000
18.4,0.25,500,"bu","11:05:43",3965200
18.35,0.2,2000,"sd","11:05:34",3964700
18.4,0.25,1000,"bu","11:05:17",3962700
18.35,0.2,2100,"sd","11:05:01",3961700
18.35,0.2,200,"sd","11:04:54",3959600
18.35,0.2,2300,"sd","11:04:27",3959400
18.35,0.2,500,"sd","11:04:24",3957100
18.35,0.2,1400,"sd","11:04:01",3956600
18.4,0.25,1600,"bu","11:03:56",3955200
18.35,0.2,2100,"sd","11:03:53",3953600
18.35,0.2,1800,"sd","11:03:49",3951500
18.4,0.25,1000,"bu","11:03:49",3949700
18.4,0.25,800,"sd","11:03:43",3948700
18.4,0.25,16400,"sd","11:03:39",3947900
18.4,0.25,400,"sd","11:03:38",3931500
18.4,0.25,1300,"sd","11:03:23",3931100
18.4,0.25,2400,"sd","11:03:18",3929800
18.4,0.25,300,"sd","11:03:16",3927400
18.4,0.25,7000,"sd","11:03:09",3927100
18.4,0.25,3500,"sd","11:02:54",3920100
18.4,0.25,20000,"sd","11:02:48",3916600
18.4,0.25,300,"sd","11:02:47",3896600
18.4,0.25,2000,"sd","11:02:40",3896300
18.4,0.25,10500,"sd","11:02:39",3894300
18.4,0.25,2200,"sd","11:02:23",3883800
18.4,0.25,20000,"sd","11:02:13",3881600
18.4,0.25,2200,"sd","11:02:06",3861600
18.45,0.3,400,"bu","11:01:44",3859400
18.4,0.25,400,"sd","11:01:33",3859000
18.4,0.25,1900,"sd","11:01:30",3858600
18.4,0.25,2000,"sd","11:01:24",3856700
18.4,0.25,200,"sd","11:01:23",3854700
18.4,0.25,2200,"sd","11:00:58",3854500
18.45,0.3,1400,"bu","11:00:50",3852300
18.4,0.25,200,"sd","11:00:42",3850900
18.4,0.25,2200,"sd","11:00:23",3850700
18.45,0.3,1000,"bu","11:00:12",3848500
18.4,0.25,10000,"sd","11:00:02",3847500
18.4,0.25,500,"sd","10:59:55",3837500
18.4,0.25,400,"sd","10:59:53",3837000
18.4,0.25,2200,"sd","10:59:47",3836600
18.4,0.25,1500,"sd","10:59:36",3834400
18.4,0.25,400,"sd","10:59:24",3832900
18.4,0.25,2000,"sd","10:59:10",3832500
18.45,0.3,2000,"bu","10:59:09",3830500
18.4,0.25,200,"sd","10:58:53",3828500
18.4,0.25,1900,"sd","10:58:38",3828300
18.4,0.25,500,"sd","10:58:23",3826400
18.4,0.25,1600,"sd","10:58:13",3825900
18.4,0.25,2100,"sd","10:58:07",3824300
18.4,0.25,1400,"sd","10:58:03",3822200
18.4,0.25,500,"sd","10:57:53",3820800
18.4,0.25,2000,"sd","10:57:32",3820300
18.4,0.25,100,"sd","10:57:30",3818300
18.4,0.25,3700,"sd","10:57:23",3818200
18.4,0.25,35200,"sd","10:57:19",3814500
18.4,0.25,1900,"sd","10:56:58",3779300
18.45,0.3,100,"bu","10:56:41",3777400
18.45,0.3,4700,"sd","10:55:46",3777300
18.45,0.3,48300,"bu","10:55:31",3772600
18.45,0.3,3000,"bu","10:55:29",3724300
18.45,0.3,10000,"bu","10:55:28",3721300
18.4,0.25,6700,"sd","10:55:23",3711300
18.4,0.25,1000,"sd","10:55:22",3704600
18.4,0.25,2000,"sd","10:55:19",3703600
18.45,0.3,40000,"bu","10:55:15",3701600
18.4,0.25,20000,"sd","10:55:14",3661600
18.4,0.25,500,"sd","10:55:13",3641600
18.4,0.25,3000,"sd","10:55:04",3641100
18.4,0.25,200,"sd","10:55:02",3638100
18.4,0.25,1200,"sd","10:54:53",3637900
18.4,0.25,10000,"sd","10:54:51",3636700
18.4,0.25,1900,"sd","10:54:47",3626700
18.4,0.25,1000,"sd","10:54:23",3624800
18.4,0.25,2400,"sd","10:54:15",3623800
18.45,0.3,500,"bu","10:54:03",3621400
18.4,0.25,7600,"sd","10:53:53",3620900
18.4,0.25,60000,"sd","10:53:51",3613300
18.45,0.3,3000,"bu","10:53:50",3553300
18.45,0.3,600,"bu","10:53:42",3550300
18.45,0.3,100,"bu","10:53:38",3549700
18.4,0.25,1800,"sd","10:53:37",3549600
18.45,0.3,8000,"bu","10:53:31",3547800
18.45,0.3,3000,"bu","10:53:29",3539800
18.45,0.3,300,"bu","10:53:12",3536800
18.4,0.25,2000,"sd","10:53:05",3536500
18.4,0.25,100,"sd","10:53:02",3534500
18.4,0.25,200,"sd","10:52:53",3534400
18.4,0.25,2000,"sd","10:52:34",3534200
18.45,0.3,1000,"bu","10:52:10",3532200
18.4,0.25,1900,"sd","10:52:00",3531200
18.45,0.3,300,"bu","10:51:39",3529300
18.45,0.3,100,"bu","10:51:32",3529000
18.4,0.25,2100,"sd","10:51:28",3528900
18.45,0.3,5000,"bu","10:51:19",3526800
18.45,0.3,200,"bu","10:51:01",3521800
18.4,0.25,2200,"sd","10:50:55",3521600
18.45,0.3,3000,"bu","10:50:46",3519400
18.4,0.25,300,"sd","10:50:23",3516400
18.4,0.25,2000,"sd","10:50:19",3516100
18.4,0.25,1000,"sd","10:49:53",3514100
18.4,0.25,1900,"sd","10:49:46",3513100
18.45,0.3,7500,"bu","10:49:41",3511200
18.4,0.25,500,"sd","10:49:33",3503700
18.4,0.25,300,"sd","10:49:23",3503200
18.4,0.25,2100,"sd","10:49:14",3502900
18.4,0.25,100,"sd","10:49:01",3500800
18.45,0.3,500,"bu","10:48:58",3500700
18.4,0.25,500,"sd","10:48:53",3500200
18.4,0.25,1800,"sd","10:48:40",3499700
18.4,0.25,4000,"sd","10:48:32",3497900
18.45,0.3,400,"bu","10:48:21",3493900
18.4,0.25,2100,"sd","10:48:10",3493500
18.4,0.25,2800,"sd","10:48:02",3491400
18.4,0.25,800,"sd","10:47:54",3488600
18.4,0.25,1800,"sd","10:47:36",3487800
18.45,0.3,6000,"bu","10:47:34",3486000
18.4,0.25,700,"sd","10:47:23",3480000
18.4,0.25,2200,"sd","10:47:05",3479300
18.45,0.3,5000,"bu","10:46:58",3477100
18.4,0.25,300,"sd","10:46:53",3472100
18.4,0.25,2000,"sd","10:46:29",3471800
18.4,0.25,1800,"sd","10:46:23",3469800
18.4,0.25,4000,"sd","10:46:20",3468000
18.45,0.3,2000,"bu","10:46:11",3464000
18.45,0.3,200,"bu","10:46:06",3462000
18.45,0.3,300,"bu","10:45:58",3461800
18.4,0.25,2000,"sd","10:45:57",3461500
18.45,0.3,400,"bu","10:45:56",3459500
18.4,0.25,10000,"sd","10:45:52",3459100
18.45,0.3,600,"bu","10:45:33",3449100
18.4,0.25,1900,"sd","10:45:24",3448500
18.45,0.3,200,"bu","10:45:04",3446600
18.4,0.25,200,"sd","10:44:53",3446400
18.4,0.25,2200,"sd","10:44:52",3446200
18.4,0.25,500,"sd","10:44:38",3444000
18.4,0.25,200,"sd","10:44:23",3443500
18.4,0.25,2000,"sd","10:44:17",3443300
18.45,0.3,1000,"bu","10:43:50",3441300
18.4,0.25,2000,"sd","10:43:43",3440300
18.4,0.25,600,"sd","10:43:23",3438300
18.4,0.25,6100,"sd","10:43:10",3437700
18.4,0.25,500,"sd","10:42:53",3431600
18.4,0.25,2200,"sd","10:42:36",3431100
18.45,0.3,3000,"bu","10:42:26",3428900
18.45,0.3,100,"bu","10:42:19",3425900
18.45,0.3,200,"bu","10:42:13",3425800
18.4,0.25,1900,"sd","10:42:00",3425600
18.45,0.3,500,"bu","10:41:35",3423700
18.4,0.25,2100,"sd","10:41:29",3423200
18.4,0.25,300,"sd","10:41:23",3421100
18.4,0.25,1600,"sd","10:40:54",3420800
18.4,0.25,2100,"sd","10:40:53",3419200
18.4,0.25,200,"sd","10:40:46",3417100
18.45,0.3,15800,"bu","10:40:45",3416900
18.4,0.25,400,"sd","10:40:23",3401100
18.4,0.25,1900,"sd","10:40:19",3400700
18.45,0.3,200,"bu","10:40:14",3398800
18.45,0.3,200,"bu","10:40:05",3398600
18.45,0.3,500,"bu","10:39:57",3398400
18.4,0.25,1200,"sd","10:39:54",3397900
18.4,0.25,1900,"sd","10:39:47",3396700
18.4,0.25,500,"sd","10:39:40",3394800
18.4,0.25,10000,"sd","10:39:38",3394300
18.4,0.25,200,"sd","10:39:23",3384300
18.4,0.25,2000,"sd","10:39:16",3384100
18.45,0.3,300,"bu","10:39:04",3382100
18.45,0.3,200,"bu","10:39:02",3381800
18.45,0.3,3500,"bu","10:38:44",3381600
18.4,0.25,2000,"sd","10:38:43",3378100
18.4,0.25,200,"sd","10:38:41",3376100
18.4,0.25,1300,"sd","10:38:24",3375900
18.45,0.3,100,"bu","10:38:17",3374600
18.4,0.25,500,"sd","10:38:14",3374500
18.45,0.3,300,"bu","10:38:11",3374000
18.4,0.25,2200,"sd","10:38:10",3373700
18.45,0.3,100,"bu","10:37:57",3371500
18.45,0.3,6700,"bu","10:37:55",3371400
18.45,0.3,3300,"bu","10:37:55",3364700
18.45,0.3,2000,"bu","10:37:46",3361400
18.4,0.25,1900,"sd","10:37:34",3359400
18.45,0.3,2000,"bu","10:37:06",3357500
18.45,0.3,100,"bu","10:36:58",3355500
18.45,0.3,20000,"bu","10:36:54",3355400
18.45,0.3,1000,"bu","10:36:41",3335400
18.45,0.3,20000,"bu","10:36:39",3334400
18.4,0.25,2200,"sd","10:36:29",3314400
18.45,0.3,20000,"bu","10:36:14",3312200
18.45,0.3,500,"bu","10:36:07",3292200
18.4,0.25,10000,"sd","10:35:54",3291700
18.4,0.25,400,"sd","10:35:53",3281700
18.4,0.25,2000,"sd","10:35:52",3281300
18.45,0.3,500,"bu","10:35:44",3279300
18.45,0.3,1500,"bu","10:35:40",3278800
18.45,0.3,100,"bu","10:35:35",3277300
18.4,0.25,500,"sd","10:35:23",3277200
18.4,0.25,2000,"sd","10:35:19",3276700
18.45,0.3,3000,"bu","10:34:58",3274700
18.4,0.25,200,"sd","10:34:54",3271700
18.4,0.25,1900,"sd","10:34:47",3271500
18.45,0.3,100,"bu","10:34:33",3269600
18.45,0.3,15800,"bu","10:34:19",3269500
18.45,0.3,15900,"bu","10:34:18",3253700
18.4,0.25,2000,"sd","10:34:15",3237800
18.45,0.3,1000,"bu","10:34:13",3235800
18.45,0.3,600,"bu","10:34:07",3234800
18.45,0.3,100,"bu","10:34:03",3234200
18.45,0.3,1000,"bu","10:33:56",3234100
18.45,0.3,17000,"bu","10:33:50",3233100
18.4,0.25,1900,"sd","10:33:43",3216100
18.45,0.3,2000,"bu","10:33:15",3214200
18.45,0.3,400,"bu","10:33:13",3212200
18.4,0.25,1900,"sd","10:33:12",3211800
18.4,0.25,200,"sd","10:32:53",3209900
18.4,0.25,2100,"sd","10:32:39",3209700
18.45,0.3,100,"bu","10:32:07",3207600
18.4,0.25,1900,"sd","10:32:06",3207500
18.4,0.25,10000,"sd","10:32:01",3205600
18.4,0.25,300,"sd","10:31:53",3195600
18.4,0.25,1900,"sd","10:31:33",3195300
18.45,0.3,800,"bu","10:31:31",3193400
18.4,0.25,500,"sd","10:31:23",3192600
18.4,0.25,200,"sd","10:31:10",3192100
18.4,0.25,2000,"sd","10:31:02",3191900
18.4,0.25,3300,"sd","10:30:53",3189900
18.4,0.25,2000,"sd","10:30:29",3186600
18.45,0.3,19900,"bu","10:30:26",3184600
18.45,0.3,10100,"bu","10:30:26",3164700
18.45,0.3,1000,"bu","10:30:25",3154600
18.45,0.3,100,"bu","10:30:11",3153600
18.4,0.25,2000,"sd","10:29:57",3153500
18.4,0.25,400,"sd","10:29:53",3151500
18.4,0.25,3000,"sd","10:29:53",3151100
18.4,0.25,2000,"sd","10:29:50",3148100
18.4,0.25,2100,"sd","10:29:24",3146100
18.45,0.3,2000,"bu","10:29:22",3144000
18.4,0.25,300,"sd","10:28:53",3142000
18.4,0.25,2100,"sd","10:28:49",3141700
18.45,0.3,300,"bu","10:28:39",3139600
18.45,0.3,100,"bu","10:28:38",3139300
18.45,0.3,1000,"bu","10:28:29",3139200
18.4,0.25,200,"sd","10:28:23",3138200
18.4,0.25,2200,"sd","10:28:15",3138000
18.4,0.25,200,"sd","10:27:53",3135800
18.4,0.25,2200,"sd","10:27:38",3135600
18.45,0.3,800,"bu","10:27:18",3133400
18.4,0.25,200,"sd","10:27:09",3132600
18.4,0.25,1900,"sd","10:27:03",3132400
18.4,0.25,300,"sd","10:26:53",3130500
18.4,0.25,2100,"sd","10:26:30",3130200
18.4,0.25,1000,"sd","10:26:25",3128100
18.4,0.25,500,"sd","10:26:23",3127100
18.4,0.25,1900,"sd","10:25:56",3126600
18.4,0.25,2000,"sd","10:25:54",3124700
18.4,0.25,1300,"sd","10:25:53",3122700
18.4,0.25,4000,"sd","10:25:37",3121400
18.4,0.25,4000,"sd","10:25:25",3117400
18.4,0.25,2300,"sd","10:25:24",3113400
18.4,0.25,3100,"sd","10:25:23",3111100
18.4,0.25,10300,"sd","10:25:21",3108000
18.4,0.25,100,"sd","10:25:05",3097700
18.45,0.3,500,"bu","10:24:59",3097600
18.4,0.25,20000,"sd","10:24:54",3097100
18.4,0.25,200,"sd","10:24:53",3077100
18.4,0.25,2100,"sd","10:24:46",3076900
18.4,0.25,500,"sd","10:24:34",3074800
18.4,0.25,200,"sd","10:24:23",3074300
18.4,0.25,2000,"sd","10:24:12",3074100
18.4,0.25,700,"sd","10:23:53",3072100
18.4,0.25,2000,"sd","10:23:43",3071400
18.4,0.25,1900,"sd","10:23:40",3069400
18.4,0.25,500,"sd","10:23:37",3067500
18.4,0.25,3000,"sd","10:23:27",3067000
18.4,0.25,200,"sd","10:23:23",3064000
18.4,0.25,2300,"sd","10:23:08",3063800
18.45,0.3,100,"bu","10:22:42",3061500
18.4,0.25,2000,"sd","10:22:30",3061400
18.45,0.3,3000,"bu","10:22:21",3059400
18.4,0.25,1900,"sd","10:21:58",3056400
18.4,0.25,300,"sd","10:21:53",3054500
18.4,0.25,1000,"sd","10:21:46",3054200
18.45,0.3,200,"bu","10:21:35",3053200
18.4,0.25,300,"sd","10:21:32",3053000
18.4,0.25,2000,"sd","10:21:27",3052700
18.4,0.25,200,"sd","10:21:23",3050700
18.4,0.25,2400,"sd","10:20:53",3050500
18.4,0.25,2000,"sd","10:20:25",3048100
18.4,0.25,200,"sd","10:20:23",3046100
18.4,0.25,2000,"sd","10:20:17",3045900
18.45,0.3,3000,"bu","10:19:53",3043900
18.4,0.25,10000,"sd","10:19:46",3040900
18.4,0.25,2100,"sd","10:19:44",3030900
18.4,0.25,1100,"sd","10:19:41",3028800
18.4,0.25,200,"sd","10:19:23",3027700
18.4,0.25,2100,"sd","10:19:09",3027500
18.4,0.25,100,"sd","10:19:07",3025400
18.4,0.25,300,"sd","10:18:53",3025300
18.4,0.25,1500,"sd","10:18:47",3025000
18.4,0.25,100,"sd","10:18:42",3023500
18.4,0.25,2000,"sd","10:18:35",3023400
18.4,0.25,200,"sd","10:18:23",3021400
18.4,0.25,100,"sd","10:18:22",3021200
18.4,0.25,1800,"sd","10:18:03",3021100
18.4,0.25,1000,"sd","10:18:01",3019300
18.45,0.3,2000,"bu","10:17:50",3018300
18.4,0.25,1000,"sd","10:17:43",3016300
18.4,0.25,2300,"sd","10:17:32",3015300
18.4,0.25,10000,"sd","10:17:30",3013000
18.45,0.3,1000,"bu","10:17:25",3003000
18.45,0.3,100,"bu","10:17:06",3002000
18.4,0.25,2000,"sd","10:16:54",3001900
18.4,0.25,300,"sd","10:16:53",2999900
18.4,0.25,2000,"sd","10:16:51",2999600
18.45,0.3,500,"bu","10:16:48",2997600
18.45,0.3,400,"bu","10:16:37",2997100
18.45,0.3,200,"bu","10:16:25",2996700
18.4,0.25,800,"sd","10:16:23",2996500
18.4,0.25,1800,"sd","10:16:22",2995700
18.45,0.3,1400,"bu","10:16:11",2993900
18.45,0.3,500,"bu","10:15:58",2992500
18.45,0.3,4500,"bu","10:15:53",2992000
18.4,0.25,700,"sd","10:15:53",2987500
18.4,0.25,2300,"sd","10:15:51",2986800
18.45,0.3,5000,"bu","10:15:37",2984500
18.4,0.25,200,"sd","10:15:23",2979500
18.4,0.25,2000,"sd","10:15:15",2979300
18.4,0.25,600,"sd","10:14:53",2977300
18.4,0.25,2100,"sd","10:14:42",2976700
18.4,0.25,100,"sd","10:14:38",2974600
18.45,0.3,4000,"bu","10:14:30",2974500
18.45,0.3,1500,"bu","10:14:20",2970500
18.4,0.25,2000,"sd","10:14:09",2969000
18.45,0.3,10000,"bu","10:13:44",2967000
18.4,0.25,2200,"sd","10:13:36",2957000
18.4,0.25,100,"sd","10:13:35",2954800
18.4,0.25,100,"sd","10:13:32",2954700
18.45,0.3,900,"bu","10:13:21",2954600
18.4,0.25,1900,"sd","10:12:58",2953700
18.4,0.25,400,"sd","10:12:54",2951800
18.4,0.25,1000,"sd","10:12:44",2951400
18.4,0.25,2300,"sd","10:12:27",2950400
18.4,0.25,1100,"sd","10:12:25",2948100
18.4,0.25,100,"sd","10:12:23",2947000
18.4,0.25,1100,"sd","10:11:53",2946900
18.4,0.25,2200,"sd","10:11:50",2945800
18.4,0.25,100,"sd","10:11:44",2943600
18.45,0.3,2500,"bu","10:11:39",2943500
18.4,0.25,200,"sd","10:11:35",2941000
18.4,0.25,6000,"sd","10:11:24",2940800
18.4,0.25,200,"sd","10:11:23",2934800
18.4,0.25,2400,"sd","10:11:14",2934600
18.4,0.25,200,"sd","10:10:53",2932200
18.4,0.25,2100,"sd","10:10:34",2932000
18.45,0.3,1000,"bu","10:10:11",2929900
18.45,0.3,3000,"bu","10:10:02",2928900
18.4,0.25,1900,"sd","10:09:59",2925900
18.45,0.3,23700,"bu","10:09:46",2924000
18.4,0.25,300,"sd","10:09:42",2900300
18.45,0.3,2500,"bu","10:09:40",2900000
18.4,0.25,1900,"sd","10:09:28",2897500
18.4,0.25,1300,"sd","10:09:23",2895600
18.4,0.25,100,"sd","10:09:22",2894300
18.4,0.25,1100,"sd","10:09:05",2894200
18.4,0.25,2000,"sd","10:08:57",2893100
18.4,0.25,300,"sd","10:08:55",2891100
18.4,0.25,200,"sd","10:08:53",2890800
18.4,0.25,400,"sd","10:08:29",2890600
18.4,0.25,2000,"sd","10:08:24",2890200
18.45,0.3,300,"bu","10:08:22",2888200
18.4,0.25,1000,"sd","10:08:04",2887900
18.4,0.25,400,"sd","10:07:54",2886900
18.4,0.25,1200,"sd","10:07:53",2886500
18.4,0.25,2200,"sd","10:07:51",2885300
18.4,0.25,10000,"sd","10:07:30",2883100
18.4,0.25,400,"sd","10:07:23",2873100
18.4,0.25,2800,"sd","10:07:17",2872700
18.4,0.25,1900,"sd","10:07:14",2869900
18.45,0.3,200,"bu","10:06:50",2868000
18.4,0.25,2000,"sd","10:06:43",2867800
18.4,0.25,100,"sd","10:06:34",2865800
18.4,0.25,1100,"sd","10:06:23",2865700
18.4,0.25,100,"sd","10:06:13",2864600
18.4,0.25,2000,"sd","10:06:10",2864500
18.4,0.25,8400,"sd","10:06:03",2862500
18.4,0.25,900,"sd","10:05:53",2854100
18.4,0.25,2000,"sd","10:05:37",2853200
18.4,0.25,5000,"sd","10:05:34",2851200
18.4,0.25,2400,"sd","10:05:24",2846200
18.4,0.25,200,"sd","10:05:19",2843800
18.4,0.25,20000,"sd","10:05:16",2843600
18.4,0.25,300,"sd","10:05:12",2823600
18.45,0.3,400,"bu","10:05:12",2823300
18.4,0.25,2200,"sd","10:05:04",2822900
18.4,0.25,1400,"sd","10:04:53",2820700
18.4,0.25,1000,"sd","10:04:50",2819300
18.4,0.25,2000,"sd","10:04:43",2818300
18.4,0.25,2000,"sd","10:04:38",2816300
18.4,0.25,6100,"sd","10:04:34",2814300
18.4,0.25,2700,"sd","10:04:29",2808200
18.4,0.25,100,"sd","10:04:25",2805500
18.4,0.25,100,"sd","10:04:23",2805400
18.45,0.3,500,"bu","10:04:21",2805300
18.4,0.25,100,"sd","10:04:10",2804800
18.4,0.25,2300,"sd","10:03:55",2804700
18.4,0.25,600,"sd","10:03:53",2802400
18.4,0.25,4000,"sd","10:03:37",2801800
18.4,0.25,2000,"sd","10:03:26",2797800
18.4,0.25,200,"sd","10:03:23",2795800
18.4,0.25,1900,"sd","10:03:18",2795600
18.4,0.25,300,"sd","10:03:05",2793700
18.4,0.25,400,"sd","10:02:56",2793400
18.4,0.25,300,"sd","10:02:53",2793000
18.4,0.25,100,"sd","10:02:49",2792700
18.4,0.25,2300,"sd","10:02:46",2792600
18.4,0.25,600,"sd","10:02:23",2790300
18.4,0.25,300,"sd","10:02:20",2789700
18.4,0.25,2400,"sd","10:02:08",2789400
18.4,0.25,3000,"sd","10:02:06",2787000
18.4,0.25,400,"sd","10:01:53",2784000
18.4,0.25,2000,"sd","10:01:50",2783600
18.4,0.25,200,"sd","10:01:41",2781600
18.45,0.3,200,"bu","10:01:38",2781400
18.4,0.25,2200,"sd","10:01:30",2781200
18.4,0.25,200,"sd","10:01:23",2779000
18.4,0.25,2000,"sd","10:00:53",2778800
18.4,0.25,2000,"sd","10:00:52",2776800
18.4,0.25,10000,"sd","10:00:43",2774800
18.4,0.25,2000,"sd","10:00:23",2764800
18.4,0.25,6000,"sd","10:00:23",2762800
18.4,0.25,2300,"sd","10:00:20",2756800
18.4,0.25,1300,"sd","10:00:18",2754500
18.4,0.25,10700,"sd","10:00:10",2753200
18.4,0.25,62900,"sd","10:00:00",2742500
18.4,0.25,3300,"sd","09:59:53",2679600
18.4,0.25,2000,"sd","09:59:42",2676300
18.4,0.25,10000,"sd","09:59:41",2674300
18.4,0.25,700,"sd","09:59:30",2664300
18.4,0.25,600,"sd","09:59:24",2663600
18.4,0.25,2000,"sd","09:59:10",2662400
18.4,0.25,2000,"sd","09:59:09",2660400
18.4,0.25,1300,"sd","09:58:54",2658400
18.4,0.25,1000,"sd","09:58:53",2657100
18.4,0.25,200,"sd","09:58:48",2656100
18.4,0.25,10000,"sd","09:58:46",2655900
18.4,0.25,2300,"sd","09:58:35",2645900
18.4,0.25,1000,"sd","09:58:28",2643600
18.4,0.25,400,"sd","09:58:23",2642600
18.4,0.25,1700,"sd","09:58:14",2642200
18.4,0.25,2000,"sd","09:57:58",2640500
18.4,0.25,500,"sd","09:57:54",2638500
18.4,0.25,1500,"sd","09:57:47",2638000
18.4,0.25,2000,"sd","09:57:37",2636500
18.45,0.3,400,"bu","09:57:36",2634500
18.4,0.25,2000,"sd","09:57:24",2634100
18.45,0.3,1000,"bu","09:57:02",2632100
18.45,0.3,1800,"bu","09:56:42",2631100
18.45,0.3,5000,"bu","09:56:19",2629300
18.45,0.3,100,"bu","09:56:14",2624300
18.45,0.3,23700,"bu","09:56:11",2624200
18.45,0.3,7600,"bu","09:56:09",2600500
18.45,0.3,5300,"bu","09:56:01",2592900
18.45,0.3,700,"bu","09:55:58",2587600
18.45,0.3,23700,"bu","09:55:57",2586900
18.4,0.25,6100,"sd","09:55:53",2563200
18.4,0.25,100,"sd","09:55:40",2557100
18.45,0.3,15800,"bu","09:55:35",2557000
18.45,0.3,15800,"bu","09:55:33",2541200
18.4,0.25,4000,"sd","09:55:33",2525400
18.4,0.25,300,"sd","09:55:32",2521400
18.45,0.3,23700,"bu","09:55:32",2521100
18.4,0.25,1700,"sd","09:55:23",2497400
18.4,0.25,2000,"sd","09:55:20",2495700
18.4,0.25,1000,"sd","09:55:15",2493700
18.4,0.25,2100,"sd","09:55:15",2492700
18.4,0.25,3000,"sd","09:54:57",2490600
18.45,0.3,8900,"bu","09:54:57",2487600
18.4,0.25,100,"sd","09:54:56",2478700
18.45,0.3,500,"bu","09:54:50",2478600
18.4,0.25,2000,"sd","09:54:48",2478100
18.4,0.25,2000,"sd","09:54:40",2476100
18.4,0.25,500,"sd","09:54:35",2474100
18.45,0.3,1000,"bu","09:54:35",2473600
18.4,0.25,2000,"sd","09:54:28",2472600
18.4,0.25,4500,"sd","09:54:27",2470600
18.45,0.3,8000,"bu","09:54:24",2466100
18.4,0.25,600,"sd","09:54:23",2458100
18.4,0.25,200,"sd","09:54:21",2457500
18.4,0.25,2200,"sd","09:54:08",2457300
18.4,0.25,2000,"sd","09:54:04",2455100
18.4,0.25,1400,"sd","09:53:54",2453100
18.4,0.25,700,"sd","09:53:53",2451700
18.4,0.25,1000,"sd","09:53:49",2451000
18.45,0.3,2000,"bu","09:53:45",2450000
18.4,0.25,2000,"sd","09:53:31",2448000
18.4,0.25,2000,"sd","09:53:26",2446000
18.4,0.25,400,"sd","09:53:23",2444000
18.4,0.25,1000,"sd","09:53:22",2443600
18.45,0.3,100,"bu","09:53:14",2442600
18.4,0.25,2100,"sd","09:52:58",2442500
18.4,0.25,400,"sd","09:52:56",2440400
18.45,0.3,500,"bu","09:52:56",2440000
18.45,0.3,100,"bu","09:52:46",2439500
18.45,0.3,300,"bu","09:52:33",2439400
18.4,0.25,2000,"sd","09:52:24",2439100
18.4,0.25,500,"sd","09:51:53",2437100
18.4,0.25,2000,"sd","09:51:50",2436600
18.4,0.25,2000,"sd","09:51:40",2434600
18.45,0.3,500,"bu","09:51:27",2432600
18.4,0.25,500,"sd","09:51:23",2432100
18.4,0.25,1900,"sd","09:51:19",2431600
18.4,0.25,2000,"sd","09:51:18",2429700
18.45,0.3,800,"bu","09:51:18",2427700
18.4,0.25,300,"sd","09:51:15",2426900
18.45,0.3,300,"bu","09:51:15",2426600
18.45,0.3,100,"bu","09:50:54",2426300
18.4,0.25,300,"sd","09:50:53",2426200
18.4,0.25,1900,"sd","09:50:46",2425900
18.4,0.25,100,"sd","09:50:37",2424000
18.4,0.25,1600,"sd","09:50:23",2423900
18.4,0.25,2100,"sd","09:50:15",2422300
18.4,0.25,2800,"sd","09:50:00",2420200
18.45,0.3,11500,"bu","09:49:53",2417400
18.45,0.3,6000,"bu","09:49:51",2405900
18.45,0.3,1000,"bu","09:49:50",2399900
18.45,0.3,100,"bu","09:49:43",2398900
18.4,0.25,2000,"sd","09:49:40",2398800
18.45,0.3,11500,"bu","09:49:33",2396800
18.45,0.3,100,"bu","09:49:26",2385300
18.45,0.3,100,"bu","09:49:21",2385200
18.45,0.3,11500,"bu","09:49:11",2385100
18.4,0.25,2300,"sd","09:49:08",2373600
18.45,0.3,100,"bu","09:48:57",2371300
18.4,0.25,800,"sd","09:48:53",2371200
18.4,0.25,300,"sd","09:48:45",2370400
18.4,0.25,5900,"sd","09:48:37",2370100
18.4,0.25,1900,"sd","09:48:31",2364200
18.4,0.25,100,"sd","09:48:26",2362300
18.4,0.25,400,"sd","09:48:23",2362200
18.4,0.25,1000,"sd","09:48:21",2361800
18.4,0.25,300,"sd","09:48:20",2360800
18.4,0.25,1900,"sd","09:47:59",2360500
18.4,0.25,1000,"sd","09:47:55",2358600
18.4,0.25,200,"sd","09:47:54",2357600
18.4,0.25,100,"sd","09:47:38",2357400
18.4,0.25,2100,"sd","09:47:28",2357300
18.45,0.3,10000,"bu","09:47:06",2355200
18.4,0.25,2000,"sd","09:46:54",2345200
18.45,0.3,6000,"bu","09:46:52",2343200
18.45,0.3,100,"bu","09:46:44",2337200
18.45,0.3,100,"bu","09:46:41",2337100
18.45,0.3,37000,"sd","09:46:38",2337000
18.45,0.3,500,"sd","09:46:37",2300000
18.45,0.3,900,"sd","09:46:35",2299500
18.45,0.3,4000,"sd","09:46:34",2298600
18.45,0.3,20400,"sd","09:46:33",2294600
18.45,0.3,100,"sd","09:46:31",2274200
18.45,0.3,6500,"sd","09:46:28",2274100
18.45,0.3,1000,"sd","09:46:26",2267600
18.45,0.3,300,"sd","09:46:23",2266600
18.45,0.3,100,"sd","09:46:20",2266300
18.45,0.3,2100,"sd","09:46:19",2266200
18.45,0.3,200,"sd","09:46:19",2264100
18.45,0.3,1100,"sd","09:46:09",2263900
18.5,0.35,200,"bu","09:46:05",2262800
18.45,0.3,200,"sd","09:45:53",2262600
18.45,0.3,500,"sd","09:45:46",2262400
18.45,0.3,2000,"sd","09:45:45",2261900
18.45,0.3,100,"sd","09:45:33",2259900
18.45,0.3,300,"sd","09:45:23",2259800
18.45,0.3,200,"sd","09:45:20",2259500
18.45,0.3,1900,"sd","09:45:12",2259300
18.45,0.3,500,"sd","09:45:04",2257400
18.45,0.3,1000,"sd","09:44:54",2256900
18.45,0.3,500,"sd","09:44:50",2255900
18.5,0.35,200,"bu","09:44:47",2255400
18.45,0.3,4000,"bu","09:44:43",2255200
18.45,0.3,500,"bu","09:44:38",2251200
18.5,0.35,2000,"bu","09:44:35",2250700
18.45,0.3,2000,"bu","09:44:35",2248700
18.45,0.3,1000,"bu","09:44:31",2246700
18.45,0.3,500,"bu","09:44:30",2245700
18.45,0.3,100,"sd","09:44:23",2245200
18.45,0.3,20000,"sd","09:44:17",2245100
18.45,0.3,2000,"sd","09:44:08",2225100
18.45,0.3,4700,"sd","09:43:53",2223100
18.45,0.3,200,"bu","09:43:52",2218400
18.45,0.3,800,"sd","09:43:51",2218200
18.45,0.3,1000,"sd","09:43:50",2217400
18.45,0.3,200,"sd","09:43:46",2216400
18.5,0.35,9800,"bu","09:43:44",2216200
18.45,0.3,1700,"bu","09:43:44",2206400
18.45,0.3,200,"bu","09:43:42",2204700
18.45,0.3,1000,"bu","09:43:36",2204500
18.45,0.3,1000,"bu","09:43:36",2203500
18.45,0.3,200,"bu","09:43:33",2202500
18.45,0.3,18000,"sd","09:43:26",2202300
18.45,0.3,1800,"sd","09:43:23",2184300
18.5,0.35,11500,"bu","09:43:23",2182500
18.45,0.3,100,"sd","09:43:04",2171000
18.45,0.3,2000,"sd","09:43:03",2170900
18.5,0.35,11300,"bu","09:43:00",2168900
18.45,0.3,1200,"bu","09:43:00",2157600
18.45,0.3,200,"bu","09:42:59",2156400
18.45,0.3,600,"sd","09:42:58",2156200
18.45,0.3,3500,"sd","09:42:53",2155600
18.45,0.3,2000,"sd","09:42:42",2152100
18.5,0.35,15700,"bu","09:42:42",2150100
18.5,0.35,11500,"bu","09:42:41",2134400
18.45,0.3,100,"bu","09:42:34",2122900
18.5,0.35,800,"bu","09:42:31",2122800
18.4,0.25,1500,"sd","09:42:30",2122000
18.45,0.3,400,"sd","09:42:30",2120500
18.45,0.3,2000,"sd","09:42:28",2120100
18.5,0.35,10600,"bu","09:42:20",2118100
18.45,0.3,900,"bu","09:42:20",2107500
18.45,0.3,3800,"bu","09:42:19",2106600
18.45,0.3,2000,"bu","09:42:19",2102800
18.45,0.3,200,"bu","09:42:18",2100800
18.45,0.3,500,"bu","09:42:16",2100600
18.5,0.35,3700,"bu","09:42:01",2100100
18.45,0.3,7800,"bu","09:42:01",2096400
18.45,0.3,900,"sd","09:41:55",2088600
18.45,0.3,9100,"bu","09:41:54",2087700
18.45,0.3,24000,"sd","09:41:53",2078600
18.45,0.3,300,"sd","09:41:50",2054600
18.45,0.3,1000,"sd","09:41:50",2054300
18.45,0.3,2000,"sd","09:41:48",2053300
18.45,0.3,2000,"sd","09:41:47",2051300
18.45,0.3,34600,"sd","09:41:46",2049300
18.5,0.35,300,"bu","09:41:44",2014700
18.45,0.3,500,"sd","09:41:40",2002900
18.45,0.3,70000,"sd","09:41:36",2002400
18.45,0.3,3400,"sd","09:41:33",1932400
18.45,0.3,1000,"sd","09:41:24",1929000
18.45,0.3,4400,"sd","09:41:23",1928000
18.45,0.3,1900,"sd","09:41:22",1923600
18.5,0.35,200,"bu","09:41:21",1921700
18.5,0.35,5000,"bu","09:41:13",1921500
18.45,0.3,2000,"sd","09:41:07",1916500
18.5,0.35,20000,"bu","09:41:01",1914500
18.5,0.35,6000,"bu","09:40:58",1894500
18.45,0.3,2900,"sd","09:40:53",1888500
18.45,0.3,1900,"sd","09:40:51",1885600
18.5,0.35,11500,"bu","09:40:47",1883700
18.5,0.35,5000,"bu","09:40:38",1872200
18.5,0.35,3400,"bu","09:40:26",1867200
18.5,0.35,8100,"bu","09:40:25",1863800
18.5,0.35,5000,"bu","09:40:22",1855700
18.5,0.35,200,"bu","09:40:12",1850700
18.5,0.35,5000,"bu","09:40:07",1850500
18.5,0.35,11500,"bu","09:40:06",1845500
18.45,0.3,1500,"sd","09:39:59",1834000
18.45,0.3,100,"sd","09:39:55",1832500
18.45,0.3,15900,"sd","09:39:53",1832400
18.45,0.3,3000,"sd","09:39:48",1816500
18.5,0.35,40000,"bu","09:39:47",1813500
18.5,0.35,11500,"bu","09:39:47",1773500
18.45,0.3,100500,"sd","09:39:46",1762000
18.45,0.3,4000,"sd","09:39:26",1661500
18.5,0.35,1200,"bu","09:39:15",1657500
18.45,0.3,600,"sd","09:39:14",1656300
18.5,0.35,40600,"bu","09:39:10",1655700
18.45,0.3,2000,"sd","09:39:09",1615100
18.45,0.3,10600,"bu","09:39:05",1613100
18.45,0.3,6000,"bu","09:39:04",1602500
18.45,0.3,200,"bu","09:39:01",1596500
18.45,0.3,15800,"bu","09:38:57",1596300
18.45,0.3,100,"bu","09:38:54",1580500
18.45,0.3,16000,"bu","09:38:48",1580400
18.45,0.3,11500,"bu","09:38:45",1564400
18.45,0.3,1000,"bu","09:38:42",1552900
18.4,0.25,2100,"sd","09:38:37",1551900
18.45,0.3,4100,"bu","09:38:29",1549800
18.45,0.3,100,"bu","09:38:25",1545700
18.45,0.3,5000,"bu","09:38:18",1545600
18.45,0.3,200,"bu","09:38:10",1540600
18.45,0.3,4000,"bu","09:38:09",1540400
18.45,0.3,200,"bu","09:38:07",1536400
18.45,0.3,3000,"bu","09:38:06",1536200
18.4,0.25,1900,"sd","09:38:02",1533200
18.45,0.3,700,"bu","09:38:01",1531300
18.45,0.3,5500,"bu","09:38:00",1530600
18.45,0.3,1000,"bu","09:37:58",1525100
18.45,0.3,5000,"bu","09:37:48",1524100
18.45,0.3,300,"bu","09:37:46",1519100
18.45,0.3,100,"bu","09:37:42",1518800
18.45,0.3,5000,"bu","09:37:39",1518700
18.45,0.3,800,"bu","09:37:34",1513700
18.4,0.25,2000,"sd","09:37:31",1512900
18.45,0.3,4000,"bu","09:37:26",1510900
18.45,0.3,2000,"bu","09:37:25",1506900
18.45,0.3,2100,"bu","09:37:24",1504900
18.45,0.3,15800,"bu","09:37:20",1502800
18.45,0.3,2100,"bu","09:37:17",1487000
18.45,0.3,2700,"bu","09:37:11",1484900
18.45,0.3,800,"bu","09:37:09",1482200
18.45,0.3,100,"bu","09:36:59",1481400
18.4,0.25,2000,"sd","09:36:58",1481300
18.45,0.3,2000,"bu","09:36:52",1479300
18.4,0.25,100,"sd","09:36:49",1477300
18.45,0.3,3000,"bu","09:36:43",1477200
18.45,0.3,3000,"bu","09:36:39",1474200
18.45,0.3,300,"bu","09:36:33",1471200
18.45,0.3,5000,"bu","09:36:29",1470900
18.45,0.3,1500,"bu","09:36:27",1465900
18.45,0.3,1500,"bu","09:36:25",1464400
18.4,0.25,2000,"sd","09:36:25",1462900
18.45,0.3,10000,"bu","09:36:24",1460900
18.45,0.3,5000,"bu","09:36:22",1450900
18.45,0.3,3000,"bu","09:36:20",1445900
18.45,0.3,4000,"bu","09:36:13",1442900
18.45,0.3,4000,"bu","09:36:11",1438900
18.45,0.3,200,"bu","09:36:07",1434900
18.45,0.3,3500,"bu","09:36:03",1434700
18.4,0.25,10000,"sd","09:36:02",1431200
18.45,0.3,10000,"bu","09:36:02",1421200
18.45,0.3,5000,"bu","09:36:00",1411200
18.45,0.3,2000,"bu","09:35:56",1406200
18.4,0.25,2200,"sd","09:35:53",1404200
18.45,0.3,2000,"bu","09:35:49",1402000
18.45,0.3,2000,"bu","09:35:46",1400000
18.45,0.3,5700,"bu","09:35:45",1398000
18.4,0.25,2600,"sd","09:35:45",1392300
18.45,0.3,2000,"bu","09:35:23",1389700
18.4,0.25,2100,"sd","09:35:17",1387700
18.45,0.3,29600,"bu","09:35:13",1385600
18.45,0.3,100,"bu","09:34:59",1356000
18.45,0.3,500,"bu","09:34:55",1355900
18.45,0.3,1000,"bu","09:34:53",1355400
18.45,0.3,11900,"bu","09:34:50",1354400
18.45,0.3,1000,"bu","09:34:43",1342500
18.45,0.3,3000,"bu","09:34:42",1341500
18.4,0.25,2200,"sd","09:34:42",1338500
18.45,0.3,11500,"bu","09:34:31",1336300
18.45,0.3,23700,"bu","09:34:30",1324800
18.45,0.3,23700,"bu","09:34:14",1301100
18.45,0.3,11500,"bu","09:34:09",1277400
18.4,0.25,500,"sd","09:34:07",1265900
18.4,0.25,2000,"sd","09:34:05",1265400
18.45,0.3,3700,"bu","09:33:59",1263400
18.4,0.25,20000,"bu","09:33:59",1259700
18.4,0.25,11500,"bu","09:33:50",1239700
18.4,0.25,800,"sd","09:33:40",1228200
18.4,0.25,500,"sd","09:33:39",1227400
18.4,0.25,200,"sd","09:33:35",1226900
18.4,0.25,10000,"sd","09:33:31",1226700
18.45,0.3,200,"bu","09:33:31",1216700
18.4,0.25,100,"sd","09:33:30",1216500
18.45,0.3,11500,"bu","09:33:29",1216400
18.4,0.25,1000,"sd","09:33:29",1204900
18.45,0.3,15800,"bu","09:33:09",1203900
18.4,0.25,100,"sd","09:33:05",1188100
18.4,0.25,214300,"bu","09:32:57",1188000
18.4,0.25,28600,"bu","09:32:57",973700
18.35,0.2,25800,"bu","09:32:57",945100
18.35,0.2,300,"bu","09:32:54",919300
18.35,0.2,3000,"bu","09:32:48",919000
18.35,0.2,11500,"bu","09:32:43",916000
18.3,0.15,1000,"sd","09:32:38",904500
18.35,0.2,200,"bu","09:32:33",903500
18.35,0.2,200,"bu","09:32:32",903300
18.35,0.2,1600,"bu","09:32:30",903100
18.3,0.15,500,"sd","09:32:23",901500
18.3,0.15,300,"sd","09:32:21",901000
18.35,0.2,400,"bu","09:32:06",900700
18.35,0.2,400,"bu","09:32:03",900300
18.35,0.2,200,"bu","09:32:01",899900
18.35,0.2,100,"bu","09:31:55",899700
18.35,0.2,4000,"bu","09:31:54",899600
18.35,0.2,10200,"bu","09:31:47",895600
18.35,0.2,300,"bu","09:31:41",885400
18.3,0.15,5700,"sd","09:31:41",885100
18.35,0.2,100,"bu","09:31:40",879400
18.35,0.2,23700,"bu","09:31:31",879300
18.35,0.2,20000,"bu","09:31:26",855600
18.3,0.15,8800,"sd","09:31:23",835600
18.3,0.15,2500,"sd","09:31:20",826800
18.35,0.2,23700,"bu","09:31:19",824300
18.35,0.2,11500,"bu","09:31:18",800600
18.3,0.15,4300,"sd","09:31:17",789100
18.3,0.15,300,"sd","09:31:02",784800
18.3,0.15,6300,"bu","09:30:57",784500
18.3,0.15,15800,"bu","09:30:56",778200
18.3,0.15,23700,"bu","09:30:54",762400
18.25,0.1,700,"sd","09:30:53",738700
18.25,0.1,5000,"sd","09:30:47",738000
18.25,0.1,1800,"sd","09:30:40",733000
18.25,0.1,200,"sd","09:30:23",731200
18.25,0.1,2200,"sd","09:30:09",731000
18.25,0.1,200,"sd","09:29:53",728800
18.25,0.1,2200,"sd","09:29:33",728600
18.25,0.1,400,"sd","09:29:23",726400
18.25,0.1,500,"sd","09:29:09",726000
18.25,0.1,2000,"sd","09:28:57",725500
18.25,0.1,900,"sd","09:28:53",723500
18.25,0.1,1000,"sd","09:28:53",722600
18.25,0.1,1200,"sd","09:28:37",721600
18.25,0.1,2000,"sd","09:28:24",720400
18.25,0.1,5900,"sd","09:28:23",718400
18.25,0.1,21000,"bu","09:28:18",712500
18.25,0.1,400,"bu","09:28:17",691500
18.25,0.1,23700,"sd","09:28:03",691100
18.25,0.1,10000,"sd","09:28:02",667400
18.25,0.1,4600,"sd","09:27:53",657400
18.25,0.1,1900,"sd","09:27:51",652800
18.25,0.1,40000,"sd","09:27:50",650900
18.25,0.1,1400,"sd","09:27:48",610900
18.25,0.1,3200,"sd","09:27:23",609500
18.25,0.1,1900,"sd","09:27:20",606300
18.25,0.1,300,"sd","09:27:15",604400
18.25,0.1,100,"sd","09:27:05",604100
18.25,0.1,30000,"sd","09:26:56",604000
18.25,0.1,400,"sd","09:26:53",574000
18.25,0.1,1900,"sd","09:26:49",573600
18.25,0.1,800,"sd","09:26:36",571700
18.3,0.15,100,"bu","09:26:34",570900
18.3,0.15,1000,"bu","09:26:30",570800
18.25,0.1,700,"sd","09:26:23",569800
18.25,0.1,2100,"sd","09:26:17",569100
18.3,0.15,5000,"bu","09:26:13",567000
18.3,0.15,100,"bu","09:25:50",562000
18.3,0.15,1000,"bu","09:25:48",561900
18.25,0.1,2300,"sd","09:25:42",560900
18.3,0.15,500,"bu","09:25:33",558600
18.3,0.15,300,"bu","09:25:31",558100
18.25,0.1,100,"sd","09:25:23",557800
18.25,0.1,1800,"sd","09:25:06",557700
18.3,0.15,200,"bu","09:24:43",555900
18.25,0.1,1600,"sd","09:24:35",555700
18.3,0.15,500,"sd","09:24:35",554100
18.3,0.15,2000,"sd","09:24:34",553600
18.3,0.15,6000,"sd","09:24:25",551600
18.3,0.15,100,"sd","09:24:17",545600
18.3,0.15,2200,"sd","09:24:01",545500
18.3,0.15,85000,"sd","09:23:48",543300
18.35,0.2,100,"bu","09:23:46",458300
18.35,0.2,900,"bu","09:23:45",458200
18.35,0.2,500,"bu","09:23:44",457300
18.35,0.2,300,"bu","09:23:35",456800
18.35,0.2,200,"bu","09:23:27",456500
18.3,0.15,2100,"sd","09:23:24",456300
18.35,0.2,1000,"bu","09:23:20",454200
18.35,0.2,1000,"bu","09:23:08",453200
18.35,0.2,1000,"bu","09:23:02",452200
18.35,0.2,15000,"bu","09:22:41",451200
18.3,0.15,3000,"sd","09:22:25",436200
18.3,0.15,1900,"sd","09:22:15",433200
18.35,0.2,100,"bu","09:22:11",431300
18.35,0.2,5000,"bu","09:22:06",431200
18.35,0.2,30000,"bu","09:22:05",426200
18.3,0.15,1900,"sd","09:21:44",396200
18.3,0.15,1900,"sd","09:21:13",394300
18.35,0.2,34000,"sd","09:21:08",392400
18.35,0.2,7100,"sd","09:21:07",358400
18.35,0.2,600,"sd","09:21:04",351300
18.35,0.2,8500,"sd","09:20:42",350700
18.35,0.2,1900,"sd","09:20:41",342200
18.35,0.2,20000,"sd","09:20:21",340300
18.35,0.2,500,"sd","09:20:20",320300
18.35,0.2,1000,"sd","09:20:19",319800
18.35,0.2,1400,"bu","09:20:16",318800
18.35,0.2,8200,"bu","09:20:15",317400
18.35,0.2,100,"bu","09:20:06",309200
18.35,0.2,100,"bu","09:19:55",309100
18.35,0.2,2400,"sd","09:19:53",309000
18.35,0.2,2000,"sd","09:19:53",306600
18.35,0.2,10000,"sd","09:19:51",304600
18.35,0.2,3000,"sd","09:19:51",294600
18.35,0.2,500,"sd","09:19:44",291600
18.4,0.25,500,"bu","09:19:41",291100
18.35,0.2,4300,"sd","09:19:40",290600
18.35,0.2,50300,"sd","09:19:35",286300
18.35,0.2,1000,"sd","09:19:24",236000
18.35,0.2,200,"sd","09:19:19",235000
18.35,0.2,2600,"sd","09:19:12",234800
18.4,0.25,10000,"bu","09:18:55",232200
18.35,0.2,2000,"sd","09:18:45",222200
18.35,0.2,500,"sd","09:18:40",220200
18.35,0.2,10000,"sd","09:18:29",219700
18.35,0.2,500,"sd","09:18:14",209700
18.35,0.2,200,"sd","09:18:13",209200
18.35,0.2,600,"sd","09:18:11",209000
18.35,0.2,5900,"bu","09:18:08",208400
18.35,0.2,200,"bu","09:18:03",202500
18.3,0.15,5000,"sd","09:18:02",202300
18.35,0.2,1000,"bu","09:17:49",197300
18.35,0.2,1100,"sd","09:17:42",196300
18.35,0.2,500,"sd","09:17:40",195200
18.35,0.2,1000,"sd","09:17:35",194700
18.35,0.2,1000,"sd","09:17:30",193700
18.35,0.2,100,"bu","09:17:27",192700
18.35,0.2,100,"sd","09:17:17",192600
18.35,0.2,1400,"bu","09:17:17",192500
18.35,0.2,1000,"sd","09:17:05",191100
18.35,0.2,3800,"sd","09:17:05",190100
18.4,0.25,5000,"bu","09:16:57",186300
18.35,0.2,100,"sd","09:16:52",181300
18.35,0.2,5200,"bu","09:16:50",181200
18.3,0.15,1700,"sd","09:16:43",176000
18.35,0.2,4300,"sd","09:16:43",174300
18.35,0.2,2300,"sd","09:16:41",170000
18.35,0.2,200,"sd","09:16:39",167700
18.35,0.2,500,"sd","09:16:38",167500
18.35,0.2,2000,"sd","09:16:32",167000
18.35,0.2,14800,"bu","09:16:31",165000
18.35,0.2,100,"bu","09:16:28",150200
18.3,0.15,100,"sd","09:16:25",150100
18.3,0.15,500,"sd","09:16:19",150000
18.35,0.2,1000,"bu","09:16:17",149500
18.3,0.15,300,"sd","09:16:16",148500
18.35,0.2,500,"bu","09:16:11",148200
18.3,0.15,100,"sd","09:16:11",147700
18.3,0.15,100,"sd","09:16:09",147600
18.35,0.2,23700,"bu","09:16:09",147500
18.35,0.2,23700,"bu","09:15:57",123800
18.3,0.15,4600,"sd","09:15:57",100100
18.3,0.15,1000,"sd","09:15:47",95500
18.3,0.15,9600,"bu","09:15:44",94500
18.3,0.15,23700,"bu","09:15:30",84900
18.3,0.15,200,"bu","09:15:29",61200
18.3,0.15,4600,"bu","09:15:28",61000
18.25,0.1,400,"bu","09:15:28",56400
18.25,0.1,1600,"sd","09:15:27",56000
18.3,0.15,500,"bu","09:15:08",54400
18.25,0.1,53900,"","09:15:01",53900
