"symbol","time","price","change","vol","total","side"
"DRH","14:45:00",5.12,-0.14,76200,1679200,
"DRH","14:29:50",5.13,-0.13,500,1603000,"S"
"DRH","14:29:43",5.13,-0.13,100,1602500,"S"
"DRH","14:29:41",5.13,-0.13,3200,1602400,"S"
"DRH","14:29:34",5.13,-0.13,1000,1599200,"S"
"DRH","14:29:29",5.13,-0.13,1300,1598200,"S"
"DRH","14:29:26",5.13,-0.13,300,1596900,"S"
"DRH","14:29:20",5.13,-0.13,2000,1596600,"S"
"DRH","14:29:19",5.13,-0.13,1000,1594600,"S"
"DRH","14:29:14",5.13,-0.13,15400,1593600,"S"
"DRH","14:29:09",5.13,-0.13,100,1578200,"S"
"DRH","14:28:56",5.12,-0.14,9800,1578100,"S"
"DRH","14:28:53",5.12,-0.14,1300,1568300,"S"
"DRH","14:28:41",5.12,-0.14,1000,1567000,"S"
"DRH","14:28:03",5.1,-0.16,400,1566000,"S"
"DRH","14:28:03",5.09,-0.17,5200,1565600,"S"
"DRH","14:28:00",5.09,-0.17,1000,1560400,"S"
"DRH","14:27:56",5.08,-0.18,1000,1559400,"B"
"DRH","14:27:53",5.09,-0.17,600,1558400,"S"
"DRH","14:27:52",5.09,-0.17,200,1557800,"S"
"DRH","14:27:39",5.08,-0.18,300,1557600,"B"
"DRH","14:27:37",5.08,-0.18,500,1557300,"S"
"DRH","14:27:36",5.08,-0.18,1000,1556800,"S"
"DRH","14:27:35",5.08,-0.18,300,1555800,"S"
"DRH","14:27:34",5.08,-0.18,100,1555500,"S"
"DRH","14:27:31",5.08,-0.18,100,1555400,"S"
"DRH","14:27:22",5.08,-0.18,100,1555300,"S"
"DRH","14:27:14",5.07,-0.19,1000,1555200,"B"
"DRH","14:27:11",5.08,-0.18,2000,1554200,"S"
"DRH","14:27:09",5.08,-0.18,1000,1552200,"S"
"DRH","14:27:04",5.07,-0.19,11300,1551200,"B"
"DRH","14:27:00",5.08,-0.18,500,1539900,"S"
"DRH","14:26:59",5.08,-0.18,200,1539400,"S"
"DRH","14:26:56",5.08,-0.18,100,1539200,"S"
"DRH","14:26:53",5.08,-0.18,100,1539100,"S"
"DRH","14:26:52",5.08,-0.18,500,1539000,"B"
"DRH","14:26:33",5.07,-0.19,1600,1538500,"B"
"DRH","14:26:30",5.08,-0.18,9600,1536500,"S"
"DRH","14:26:21",5.07,-0.19,10000,1526900,"B"
"DRH","14:25:33",5.08,-0.18,6300,1516900,"S"
"DRH","14:25:23",5.08,-0.18,400,1510600,"S"
"DRH","14:25:16",5.08,-0.18,500,1510200,"S"
"DRH","14:25:12",5.07,-0.19,2000,1509700,"B"
"DRH","14:25:03",5.08,-0.18,3700,1507700,"B"
"DRH","14:24:54",5.08,-0.18,5000,1504000,"B"
"DRH","14:24:50",5.08,-0.18,100,1499000,"S"
"DRH","14:24:50",5.07,-0.19,1200,1498900,"S"
"DRH","14:24:45",5.06,-0.2,1000,1497700,"B"
"DRH","14:24:39",5.06,-0.2,9200,1496700,"B"
"DRH","14:24:33",5.07,-0.19,2700,1487500,"B"
"DRH","14:24:29",5.08,-0.18,200,1484800,"S"
"DRH","14:24:21",5.07,-0.19,1000,1484600,"B"
"DRH","14:24:19",5.08,-0.18,100,1483600,"S"
"DRH","14:24:14",5.08,-0.18,100,1483500,"S"
"DRH","14:24:05",5.08,-0.18,2900,1483400,"B"
"DRH","14:23:57",5.09,-0.17,100,1480500,"S"
"DRH","14:23:45",5.08,-0.18,100,1480400,"S"
"DRH","14:23:45",5.07,-0.19,20000,1480300,"B"
"DRH","14:23:44",5.08,-0.18,4900,1460300,"B"
"DRH","14:23:39",5.08,-0.18,14800,1455400,"B"
"DRH","14:23:37",5.09,-0.17,100,1440600,"S"
"DRH","14:23:23",5.08,-0.18,11800,1440500,"B"
"DRH","14:23:23",5.09,-0.17,1000,1428700,"S"
"DRH","14:23:22",5.09,-0.17,1000,1427700,"S"
"DRH","14:23:21",5.09,-0.17,200,1426700,"S"
"DRH","14:23:20",5.09,-0.17,400,1426500,"B"
"DRH","14:23:13",5.09,-0.17,200,1426100,"B"
"DRH","14:23:06",5.1,-0.16,200,1425900,"S"
"DRH","14:23:04",5.1,-0.16,100,1425700,"S"
"DRH","14:23:01",5.09,-0.17,200,1425600,"B"
"DRH","14:22:57",5.09,-0.17,11800,1425400,"B"
"DRH","14:22:53",5.1,-0.16,5000,1413600,"S"
"DRH","14:22:48",5.1,-0.16,300,1408600,"S"
"DRH","14:22:12",5.1,-0.16,9400,1408300,"B"
"DRH","14:20:58",5.13,-0.13,400,1398900,"S"
"DRH","14:20:58",5.12,-0.14,100,1398500,"S"
"DRH","14:19:33",5.13,-0.13,1000,1398400,"S"
"DRH","14:19:30",5.1,-0.16,100,1397400,"S"
"DRH","14:19:27",5.1,-0.16,10000,1397300,"S"
"DRH","14:19:18",5.1,-0.16,3000,1387300,"S"
"DRH","14:19:03",5.09,-0.17,100,1384300,"S"
"DRH","14:18:59",5.09,-0.17,5000,1384200,"S"
"DRH","14:18:51",5.09,-0.17,4900,1379200,"B"
"DRH","14:18:44",5.1,-0.16,2000,1374300,"S"
"DRH","14:18:42",5.09,-0.17,100,1372300,"S"
"DRH","14:18:41",5.09,-0.17,4900,1372200,"B"
"DRH","14:17:49",5.09,-0.17,4000,1367300,"B"
"DRH","14:17:43",5.1,-0.16,500,1363300,"S"
"DRH","14:17:42",5.1,-0.16,2000,1362800,"S"
"DRH","14:17:38",5.1,-0.16,11100,1360800,"B"
"DRH","14:17:32",5.11,-0.15,500,1349700,"S"
"DRH","14:17:24",5.11,-0.15,300,1349200,"B"
"DRH","14:17:11",5.13,-0.13,10900,1348900,"B"
"DRH","14:17:03",5.14,-0.12,1300,1338000,"B"
"DRH","14:16:55",5.14,-0.12,1000,1336700,"B"
"DRH","14:16:46",5.14,-0.12,2600,1335700,"S"
"DRH","14:16:41",5.13,-0.13,2500,1333100,"B"
"DRH","14:16:39",5.13,-0.13,10000,1330600,"B"
"DRH","14:16:13",5.14,-0.12,600,1320600,"S"
"DRH","14:15:23",5.14,-0.12,1300,1320000,"B"
"DRH","14:15:16",5.14,-0.12,1400,1318700,"S"
"DRH","14:14:59",5.13,-0.13,25000,1317300,"B"
"DRH","14:14:37",5.14,-0.12,200,1292300,"S"
"DRH","14:14:23",5.14,-0.12,1900,1292100,"B"
"DRH","14:14:22",5.15,-0.11,200,1290200,"S"
"DRH","14:14:11",5.15,-0.11,200,1290000,"S"
"DRH","14:14:07",5.15,-0.11,500,1289800,"S"
"DRH","14:13:37",5.14,-0.12,2600,1289300,"S"
"DRH","14:13:32",5.13,-0.13,20000,1286700,"B"
"DRH","14:13:29",5.14,-0.12,100,1266700,"S"
"DRH","14:13:25",5.14,-0.12,100,1266600,"S"
"DRH","14:13:12",5.14,-0.12,200,1266500,"S"
"DRH","14:13:06",5.13,-0.13,1800,1266300,"B"
"DRH","14:13:04",5.14,-0.12,2000,1264500,"S"
"DRH","14:12:54",5.13,-0.13,10000,1262500,"B"
"DRH","14:12:28",5.14,-0.12,1000,1252500,"S"
"DRH","14:12:22",5.14,-0.12,500,1251500,"S"
"DRH","14:12:06",5.1,-0.16,11000,1251000,"B"
"DRH","14:12:06",5.11,-0.15,1000,1240000,"B"
"DRH","14:11:49",5.12,-0.14,3000,1239000,"B"
"DRH","14:11:24",5.12,-0.14,500,1236000,"S"
"DRH","14:11:03",5.13,-0.13,100,1235500,"S"
"DRH","14:10:59",5.1,-0.16,10000,1235400,"B"
"DRH","14:10:52",5.13,-0.13,2000,1225400,"S"
"DRH","14:10:39",5.1,-0.16,300,1223400,"B"
"DRH","14:10:39",5.11,-0.15,200,1223100,"B"
"DRH","14:10:39",5.13,-0.13,1500,1222900,"B"
"DRH","14:10:23",5.14,-0.12,2000,1221400,"S"
"DRH","14:10:12",5.13,-0.13,500,1219400,"S"
"DRH","14:09:28",5.13,-0.13,500,1218900,"S"
"DRH","14:09:21",5.1,-0.16,100,1218400,"B"
"DRH","14:08:54",5.14,-0.12,2000,1218300,"S"
"DRH","14:08:49",5.09,-0.17,1400,1216300,"B"
"DRH","14:08:49",5.1,-0.16,500,1214900,"B"
"DRH","14:08:30",5.15,-0.11,700,1214400,"S"
"DRH","14:08:30",5.1,-0.16,300,1213700,"S"
"DRH","14:08:10",5.09,-0.17,3000,1213400,"S"
"DRH","14:07:56",5.08,-0.18,700,1210400,"S"
"DRH","14:07:16",5.06,-0.2,1800,1209700,"B"
"DRH","14:07:10",5.06,-0.2,3000,1207900,"B"
"DRH","14:07:10",5.07,-0.19,200,1204900,"B"
"DRH","14:06:58",5.07,-0.19,300,1204700,"S"
"DRH","14:06:47",5.06,-0.2,900,1204400,"S"
"DRH","14:06:43",5.06,-0.2,500,1203500,"S"
"DRH","14:06:41",5.06,-0.2,5000,1203000,"S"
"DRH","14:06:35",5.06,-0.2,5700,1198000,"B"
"DRH","14:06:31",5.06,-0.2,3300,1192300,"S"
"DRH","14:06:30",5.06,-0.2,1000,1189000,"S"
"DRH","14:06:29",5.06,-0.2,8500,1188000,"B"
"DRH","14:06:26",5.06,-0.2,5000,1179500,"B"
"DRH","14:06:22",5.06,-0.2,19700,1174500,"B"
"DRH","14:06:10",5.06,-0.2,3100,1154800,"B"
"DRH","14:06:09",5.07,-0.19,1000,1151700,"S"
"DRH","14:06:06",5.07,-0.19,200,1150700,"S"
"DRH","14:06:05",5.07,-0.19,5500,1150500,"B"
"DRH","14:06:01",5.07,-0.19,4500,1145000,"S"
"DRH","14:05:58",5.07,-0.19,1100,1140500,"B"
"DRH","14:05:48",5.07,-0.19,1000,1139400,"B"
"DRH","14:05:35",5.07,-0.19,500,1138400,"B"
"DRH","14:05:34",5.08,-0.18,200,1137900,"S"
"DRH","14:05:28",5.08,-0.18,2000,1137700,"S"
"DRH","14:05:18",5.08,-0.18,500,1135700,"S"
"DRH","14:05:17",5.08,-0.18,100,1135200,"S"
"DRH","14:05:15",5.08,-0.18,500,1135100,"S"
"DRH","14:05:07",5.08,-0.18,10000,1134600,"S"
"DRH","14:05:00",5.06,-0.2,4800,1124600,"B"
"DRH","14:05:00",5.07,-0.19,200,1119800,"B"
"DRH","14:04:58",5.08,-0.18,1000,1119600,"S"
"DRH","14:04:57",5.08,-0.18,100,1118600,"S"
"DRH","14:04:55",5.08,-0.18,500,1118500,"S"
"DRH","14:04:52",5.08,-0.18,100,1118000,"S"
"DRH","14:04:47",5.08,-0.18,100,1117900,"S"
"DRH","14:04:46",5.08,-0.18,800,1117800,"B"
"DRH","14:04:41",5.1,-0.16,1000,1117000,"S"
"DRH","14:04:38",5.1,-0.16,100,1116000,"S"
"DRH","14:04:36",5.1,-0.16,100,1115900,"S"
"DRH","14:04:35",5.09,-0.17,800,1115800,"B"
"DRH","14:04:33",5.1,-0.16,1300,1115000,"S"
"DRH","14:04:13",5.1,-0.16,6000,1113700,"S"
"DRH","14:04:13",5.09,-0.17,800,1107700,"B"
"DRH","14:04:00",5.1,-0.16,33100,1106900,"B"
"DRH","14:04:00",5.11,-0.15,6700,1073800,"B"
"DRH","14:04:00",5.12,-0.14,2000,1067100,"B"
"DRH","14:03:46",5.11,-0.15,5000,1065100,"B"
"DRH","14:03:45",5.12,-0.14,100,1060100,"B"
"DRH","14:03:38",5.13,-0.13,1000,1060000,"S"
"DRH","14:03:35",5.12,-0.14,1000,1059000,"B"
"DRH","14:03:25",5.12,-0.14,10000,1058000,"B"
"DRH","14:03:24",5.13,-0.13,3000,1048000,"S"
"DRH","14:03:19",5.13,-0.13,100,1045000,"S"
"DRH","14:03:11",5.13,-0.13,100,1044900,"S"
"DRH","14:03:10",5.13,-0.13,10300,1044800,"B"
"DRH","14:03:10",5.14,-0.12,2400,1034500,"B"
"DRH","14:03:05",5.15,-0.11,1000,1032100,"S"
"DRH","14:02:32",5.15,-0.11,400,1031100,"B"
"DRH","14:01:32",5.15,-0.11,700,1030700,"S"
"DRH","14:01:31",5.15,-0.11,100,1030000,"S"
"DRH","14:01:07",5.15,-0.11,400,1029900,"S"
"DRH","14:01:02",5.15,-0.11,200,1029500,"S"
"DRH","14:00:38",5.15,-0.11,9600,1029300,"B"
"DRH","13:59:46",5.15,-0.11,2600,1019700,"S"
"DRH","13:59:31",5.15,-0.11,6700,1017100,"S"
"DRH","13:59:30",5.15,-0.11,2400,1010400,"S"
"DRH","13:59:28",5.15,-0.11,1300,1008000,"S"
"DRH","13:59:03",5.15,-0.11,2000,1006700,"S"
"DRH","13:58:52",5.12,-0.14,900,1004700,"B"
"DRH","13:58:51",5.13,-0.13,5000,1003800,"S"
"DRH","13:58:50",5.13,-0.13,500,998800,"S"
"DRH","13:58:41",5.13,-0.13,5000,998300,"S"
"DRH","13:58:30",5.13,-0.13,900,993300,"S"
"DRH","13:58:27",5.13,-0.13,6300,992400,"S"
"DRH","13:58:26",5.13,-0.13,500,986100,"S"
"DRH","13:58:13",5.13,-0.13,500,985600,"S"
"DRH","13:58:00",5.13,-0.13,12000,985100,"B"
"DRH","13:58:00",5.14,-0.12,19700,973100,"B"
"DRH","13:58:00",5.15,-0.11,5400,953400,"B"
"DRH","13:57:53",5.15,-0.11,2800,948000,"B"
"DRH","13:57:42",5.15,-0.11,30900,945200,"B"
"DRH","13:57:33",5.16,-0.1,100,914300,"S"
"DRH","13:57:28",5.16,-0.1,3000,914200,"S"
"DRH","13:56:49",5.16,-0.1,100,911200,"B"
"DRH","13:56:48",5.16,-0.1,5000,911100,"B"
"DRH","13:55:40",5.17,-0.09,3000,906100,"S"
"DRH","13:54:59",5.17,-0.09,100,903100,"S"
"DRH","13:54:34",5.17,-0.09,500,903000,"S"
"DRH","13:54:07",5.17,-0.09,5700,902500,"B"
"DRH","13:54:06",5.17,-0.09,4800,896800,"B"
"DRH","13:53:31",5.19,-0.07,4100,892000,"B"
"DRH","13:53:17",5.19,-0.07,500,887900,"B"
"DRH","13:53:13",5.19,-0.07,1200,887400,"B"
"DRH","13:53:06",5.19,-0.07,4500,886200,"S"
"DRH","13:53:06",5.18,-0.08,400,881700,"B"
"DRH","13:53:04",5.18,-0.08,1600,881300,"B"
"DRH","13:52:15",5.19,-0.07,2000,879700,"B"
"DRH","13:51:57",5.19,-0.07,3000,877700,"S"
"DRH","13:51:38",5.17,-0.09,300,874700,"B"
"DRH","13:51:33",5.19,-0.07,100,873700,"B"
"DRH","13:51:13",5.19,-0.07,300,873600,"B"
"DRH","13:50:27",5.19,-0.07,200,873300,"B"
"DRH","13:50:17",5.19,-0.07,1000,873100,"B"
"DRH","13:50:15",5.19,-0.07,5300,872100,"S"
"DRH","13:50:11",5.19,-0.07,1700,866800,"S"
"DRH","13:49:32",5.19,-0.07,5000,865100,"B"
"DRH","13:49:17",5.19,-0.07,200,860100,"B"
"DRH","13:49:09",5.19,-0.07,100,859900,"B"
"DRH","13:48:56",5.19,-0.07,3000,859800,"B"
"DRH","13:48:37",5.19,-0.07,600,856800,"S"
"DRH","13:48:13",5.19,-0.07,400,856200,"S"
"DRH","13:47:45",5.18,-0.08,100,855800,"B"
"DRH","13:47:33",5.19,-0.07,200,855700,"S"
"DRH","13:46:58",5.18,-0.08,500,855500,"S"
"DRH","13:46:53",5.18,-0.08,2000,855000,"S"
"DRH","13:46:38",5.18,-0.08,1000,853000,"S"
"DRH","13:46:36",5.18,-0.08,1000,852000,"S"
"DRH","13:46:14",5.18,-0.08,900,851000,"S"
"DRH","13:46:10",5.18,-0.08,1000,850100,"S"
"DRH","13:46:09",5.18,-0.08,200,849100,"S"
"DRH","13:45:56",5.18,-0.08,200,848900,"S"
"DRH","13:45:45",5.18,-0.08,5000,848700,"S"
"DRH","13:44:58",5.17,-0.09,500,843700,"B"
"DRH","13:44:45",5.18,-0.08,300,843200,"B"
"DRH","13:44:33",5.18,-0.08,2000,842900,"S"
"DRH","13:44:22",5.18,-0.08,1700,840900,"S"
"DRH","13:44:13",5.17,-0.09,200,839200,"B"
"DRH","13:44:12",5.18,-0.08,3000,839000,"S"
"DRH","13:43:59",5.18,-0.08,200,836000,"S"
"DRH","13:43:38",5.18,-0.08,100,835800,"S"
"DRH","13:43:28",5.16,-0.1,900,835700,"B"
"DRH","13:42:43",5.15,-0.11,9800,834800,"B"
"DRH","13:42:42",5.15,-0.11,1100,825000,"B"
"DRH","13:41:18",5.15,-0.11,5000,823900,"B"
"DRH","13:41:02",5.15,-0.11,800,818900,"B"
"DRH","13:39:25",5.15,-0.11,10100,816900,"B"
"DRH","13:39:25",5.16,-0.1,3200,806800,"B"
"DRH","13:37:58",5.15,-0.11,1200,801900,"B"
"DRH","13:37:12",5.15,-0.11,2000,800700,"B"
"DRH","13:37:10",5.15,-0.11,6900,798700,"B"
"DRH","13:37:10",5.16,-0.1,19700,791800,"B"
"DRH","13:37:10",5.17,-0.09,3400,772100,"B"
"DRH","13:35:48",5.17,-0.09,900,768700,"B"
"DRH","13:35:01",5.19,-0.07,100,767800,"S"
"DRH","13:34:33",5.18,-0.08,1000,767700,"B"
"DRH","13:34:11",5.17,-0.09,300,766700,"B"
"DRH","13:34:11",5.18,-0.08,700,766400,"B"
"DRH","13:33:58",5.18,-0.08,1000,765700,"B"
"DRH","13:32:05",5.2,-0.06,5000,764700,"S"
"DRH","13:31:40",5.16,-0.1,12000,759700,"B"
"DRH","13:31:40",5.17,-0.09,12100,747700,"B"
"DRH","13:31:40",5.18,-0.08,5900,735600,"B"
"DRH","13:31:31",5.18,-0.08,2100,729700,"S"
"DRH","13:31:05",5.18,-0.08,500,727600,"S"
"DRH","13:30:55",5.18,-0.08,12000,727100,"B"
"DRH","13:30:55",5.19,-0.07,5900,715100,"B"
"DRH","13:30:16",5.19,-0.07,4700,709200,"B"
"DRH","13:30:16",5.2,-0.06,5300,704500,"B"
"DRH","13:29:42",5.2,-0.06,200,699200,"S"
"DRH","13:29:33",5.2,-0.06,800,699000,"B"
"DRH","13:28:50",5.2,-0.06,1000,698200,"B"
"DRH","13:28:49",5.2,-0.06,100,697200,"S"
"DRH","13:28:37",5.2,-0.06,200,697100,"B"
"DRH","13:28:01",5.2,-0.06,300,696900,"S"
"DRH","13:27:48",5.2,-0.06,100,696600,"S"
"DRH","13:27:10",5.2,-0.06,500,696500,"B"
"DRH","13:26:42",5.2,-0.06,1000,696000,"B"
"DRH","13:26:20",5.2,-0.06,8000,695000,"B"
"DRH","13:25:22",5.2,-0.06,1500,687000,"B"
"DRH","13:24:23",5.2,-0.06,6900,685500,"B"
"DRH","13:24:14",5.2,-0.06,100,678600,"B"
"DRH","13:23:41",5.2,-0.06,100,678500,"B"
"DRH","13:23:37",5.22,-0.04,100,678400,"S"
"DRH","13:23:02",5.22,-0.04,8400,678300,"S"
"DRH","13:22:18",5.21,-0.05,10700,669900,"S"
"DRH","13:21:52",5.2,-0.06,600,659200,"S"
"DRH","13:21:42",5.2,-0.06,5800,658600,"S"
"DRH","13:21:26",5.19,-0.07,6000,652800,"S"
"DRH","13:21:00",5.18,-0.08,100,646800,"B"
"DRH","13:20:29",5.18,-0.08,2000,646700,"B"
"DRH","13:20:22",5.19,-0.07,100,644700,"S"
"DRH","13:20:07",5.19,-0.07,2000,644600,"S"
"DRH","13:19:18",5.19,-0.07,900,642600,"S"
"DRH","13:18:50",5.19,-0.07,100,641700,"S"
"DRH","13:18:48",5.19,-0.07,100,641600,"S"
"DRH","13:18:43",5.19,-0.07,14700,641500,"B"
"DRH","13:18:35",5.2,-0.06,200,626800,"S"
"DRH","13:18:34",5.19,-0.07,300,626600,"B"
"DRH","13:17:47",5.19,-0.07,2600,626300,"B"
"DRH","13:17:40",5.19,-0.07,100,623700,"B"
"DRH","13:17:30",5.2,-0.06,300,623600,"S"
"DRH","13:17:27",5.19,-0.07,14100,623300,"B"
"DRH","13:16:54",5.2,-0.06,3000,609200,"S"
"DRH","13:16:44",5.2,-0.06,2000,606200,"S"
"DRH","13:16:25",5.2,-0.06,4700,604200,"B"
"DRH","13:15:57",5.2,-0.06,100,599500,"B"
"DRH","13:15:50",5.21,-0.05,800,599400,"S"
"DRH","13:15:37",5.2,-0.06,5300,598600,"B"
"DRH","13:15:12",5.2,-0.06,600,593300,"B"
"DRH","13:15:10",5.2,-0.06,200,592700,"B"
"DRH","13:15:03",5.2,-0.06,500,592500,"B"
"DRH","13:14:36",5.2,-0.06,10000,592000,"B"
"DRH","13:13:57",5.21,-0.05,500,582000,"S"
"DRH","13:13:54",5.21,-0.05,100,581500,"S"
"DRH","13:13:18",5.21,-0.05,900,581400,"B"
"DRH","13:12:49",5.21,-0.05,7500,580500,"S"
"DRH","13:12:40",5.21,-0.05,400,573000,"S"
"DRH","13:12:36",5.21,-0.05,500,572600,"S"
"DRH","13:12:27",5.21,-0.05,100,572100,"S"
"DRH","13:12:22",5.2,-0.06,4300,572000,"S"
"DRH","13:12:04",5.2,-0.06,200,567700,"S"
"DRH","13:12:00",5.2,-0.06,5700,567500,"S"
"DRH","13:11:43",5.2,-0.06,200,561800,"S"
"DRH","13:11:31",5.2,-0.06,5000,561600,"S"
"DRH","13:11:26",5.19,-0.07,10000,556600,"B"
"DRH","13:11:12",5.2,-0.06,100,546600,"S"
"DRH","13:10:16",5.19,-0.07,4500,546500,"B"
"DRH","13:09:47",5.19,-0.07,600,542000,"S"
"DRH","13:09:42",5.19,-0.07,100,541400,"S"
"DRH","13:09:38",5.19,-0.07,1000,541300,"S"
"DRH","13:09:27",5.19,-0.07,100,540300,"B"
"DRH","13:09:19",5.19,-0.07,600,540200,"S"
"DRH","13:09:03",5.19,-0.07,2000,539600,"S"
"DRH","13:08:56",5.19,-0.07,7700,537600,"B"
"DRH","13:08:34",5.2,-0.06,200,529900,"S"
"DRH","13:08:20",5.2,-0.06,600,529700,"S"
"DRH","13:08:17",5.2,-0.06,1000,529100,"S"
"DRH","13:07:51",5.2,-0.06,400,528100,"S"
"DRH","13:07:41",5.19,-0.07,300,527700,"B"
"DRH","13:07:20",5.19,-0.07,1400,527400,"B"
"DRH","13:07:12",5.19,-0.07,3600,526000,"S"
"DRH","13:07:08",5.19,-0.07,2000,522400,"S"
"DRH","13:06:44",5.19,-0.07,200,520400,"S"
"DRH","13:06:41",5.19,-0.07,15300,520200,"B"
"DRH","13:06:14",5.2,-0.06,200,504900,"S"
"DRH","13:05:48",5.2,-0.06,400,504700,"B"
"DRH","13:05:03",5.2,-0.06,1200,504300,"B"
"DRH","13:04:35",5.2,-0.06,400,503100,"B"
"DRH","13:03:57",5.2,-0.06,1200,502700,"S"
"DRH","13:03:56",5.2,-0.06,1000,501500,"S"
"DRH","13:03:45",5.2,-0.06,300,500500,"S"
"DRH","13:03:36",5.2,-0.06,6000,500200,"S"
"DRH","13:03:04",5.2,-0.06,500,494200,"S"
"DRH","13:02:39",5.2,-0.06,1000,493700,"S"
"DRH","13:00:48",5.2,-0.06,6300,492700,"B"
"DRH","13:00:39",5.2,-0.06,5000,486400,"B"
"DRH","13:00:24",5.2,-0.06,8000,481400,"B"
"DRH","13:00:22",5.2,-0.06,100,473400,"B"
"DRH","13:00:22",5.21,-0.05,2000,473300,"B"
"DRH","13:00:15",5.21,-0.05,100,471300,"B"
"DRH","13:00:03",5.2,-0.06,24800,471200,"B"
"DRH","13:00:03",5.21,-0.05,100,446400,"B"
"DRH","13:00:00",5.21,-0.05,1000,446300,"B"
"DRH","11:29:10",5.21,-0.05,200,445300,"S"
"DRH","11:28:53",5.21,-0.05,5000,445100,"S"
"DRH","11:28:10",5.21,-0.05,200,440100,"B"
"DRH","11:28:07",5.21,-0.05,12500,439900,"B"
"DRH","11:28:06",5.21,-0.05,3000,427400,"B"
"DRH","11:27:36",5.22,-0.04,5100,424400,"B"
"DRH","11:25:50",5.23,-0.03,200,419300,"S"
"DRH","11:23:20",5.23,-0.03,200,419100,"B"
"DRH","11:22:36",5.24,-0.02,400,418900,"S"
"DRH","11:19:54",5.24,-0.02,1000,418500,"B"
"DRH","11:18:26",5.24,-0.02,2000,417500,"S"
"DRH","11:17:41",5.24,-0.02,18000,415500,"B"
"DRH","11:16:33",5.24,-0.02,2000,397500,"S"
"DRH","11:14:36",5.25,-0.01,23300,395500,"S"
"DRH","11:14:13",5.24,-0.02,1500,372200,"S"
"DRH","11:13:56",5.24,-0.02,2000,370700,"S"
"DRH","11:04:53",5.24,-0.02,2300,368700,"S"
"DRH","11:03:16",5.24,-0.02,2000,366400,"S"
"DRH","11:00:59",5.25,-0.01,2000,364400,"S"
"DRH","10:56:03",5.25,-0.01,200,362400,"B"
"DRH","10:55:56",5.25,-0.01,200,362200,"B"
"DRH","10:54:39",5.25,-0.01,1000,362000,"B"
"DRH","10:51:50",5.25,-0.01,5800,361000,"S"
"DRH","10:51:01",5.24,-0.02,3100,355200,"S"
"DRH","10:51:00",5.21,-0.05,200,352100,"B"
"DRH","10:49:11",5.21,-0.05,2600,351900,"B"
"DRH","10:48:42",5.24,-0.02,100,349300,"S"
"DRH","10:47:40",5.21,-0.05,100,349200,"B"
"DRH","10:46:33",5.24,-0.02,800,349100,"S"
"DRH","10:45:33",5.24,-0.02,3200,348300,"S"
"DRH","10:45:33",5.23,-0.03,500,345100,"S"
"DRH","10:45:33",5.22,-0.04,200,344600,"S"
"DRH","10:45:16",5.21,-0.05,400,344400,"S"
"DRH","10:44:49",5.21,-0.05,3300,344000,"S"
"DRH","10:44:13",5.21,-0.05,5000,340700,"S"
"DRH","10:43:53",5.21,-0.05,1000,335700,"S"
"DRH","10:42:56",5.21,-0.05,100,334700,"S"
"DRH","10:42:47",5.21,-0.05,600,334600,"B"
"DRH","10:42:44",5.22,-0.04,100,334000,"S"
"DRH","10:42:32",5.22,-0.04,9700,333900,"B"
"DRH","10:42:08",5.23,-0.03,1000,324200,"S"
"DRH","10:41:51",5.22,-0.04,3000,323200,"B"
"DRH","10:38:41",5.22,-0.04,2000,320200,"B"
"DRH","10:38:22",5.22,-0.04,1000,318200,"B"
"DRH","10:37:46",5.22,-0.04,1200,317200,"B"
"DRH","10:37:20",5.23,-0.03,1500,316000,"B"
"DRH","10:37:10",5.23,-0.03,900,314500,"B"
"DRH","10:36:56",5.24,-0.02,900,313600,"B"
"DRH","10:36:36",5.24,-0.02,500,312700,"B"
"DRH","10:35:40",5.25,-0.01,200,312200,"S"
"DRH","10:33:18",5.26,0,1500,312000,"S"
"DRH","10:28:09",5.27,0.01,1000,310500,"S"
"DRH","10:25:12",5.27,0.01,1000,309500,"S"
"DRH","10:23:15",5.27,0.01,300,308500,"S"
"DRH","10:22:27",5.27,0.01,300,308200,"S"
"DRH","10:22:26",5.26,0,900,307900,"B"
"DRH","10:21:01",5.27,0.01,100,307000,"S"
"DRH","10:21:00",5.27,0.01,6000,306900,"S"
"DRH","10:19:25",5.26,0,300,300900,"S"
"DRH","10:19:22",5.26,0,2000,300600,"S"
"DRH","10:19:18",5.26,0,100,298600,"S"
"DRH","10:19:11",5.26,0,5000,298500,"S"
"DRH","10:18:40",5.26,0,1400,293500,"S"
"DRH","10:17:45",5.25,-0.01,600,292100,"S"
"DRH","10:17:34",5.25,-0.01,500,291500,"S"
"DRH","10:17:19",5.25,-0.01,10000,291000,"S"
"DRH","10:16:15",5.24,-0.02,2000,281000,"S"
"DRH","10:15:24",5.23,-0.03,3400,279000,"B"
"DRH","10:15:24",5.23,-0.03,2200,275600,"B"
"DRH","10:12:10",5.23,-0.03,1300,273400,"B"
"DRH","10:11:04",5.23,-0.03,6100,272100,"S"
"DRH","10:11:04",5.22,-0.04,400,266000,"S"
"DRH","10:09:42",5.2,-0.06,1300,265600,"S"
"DRH","10:09:39",5.2,-0.06,800,264300,"S"
"DRH","10:09:22",5.2,-0.06,2000,263500,"S"
"DRH","10:08:33",5.19,-0.07,600,261500,"S"
"DRH","10:08:11",5.19,-0.07,100,260900,"B"
"DRH","10:07:51",5.2,-0.06,400,260800,"B"
"DRH","10:07:51",5.21,-0.05,500,260400,"B"
"DRH","10:07:01",5.2,-0.06,300,259900,"B"
"DRH","10:06:32",5.2,-0.06,700,259600,"S"
"DRH","10:05:45",5.2,-0.06,2000,258900,"S"
"DRH","10:05:33",5.21,-0.05,27900,256900,"S"
"DRH","10:05:30",5.19,-0.07,500,227000,"B"
"DRH","10:05:26",5.2,-0.06,200,226500,"S"
"DRH","10:05:08",5.2,-0.06,200,226300,"S"
"DRH","10:05:05",5.2,-0.06,1000,226100,"S"
"DRH","10:04:58",5.2,-0.06,3000,225100,"S"
"DRH","10:04:48",5.2,-0.06,6500,222100,"B"
"DRH","10:04:13",5.2,-0.06,3000,215600,"B"
"DRH","10:04:07",5.21,-0.05,1000,212600,"S"
"DRH","10:03:23",5.2,-0.06,5600,211600,"B"
"DRH","10:03:17",5.21,-0.05,600,206000,"S"
"DRH","10:03:05",5.21,-0.05,1300,205400,"S"
"DRH","10:02:53",5.21,-0.05,100,204100,"S"
"DRH","10:02:41",5.2,-0.06,5700,204000,"B"
"DRH","10:00:16",5.2,-0.06,5000,198300,"B"
"DRH","10:00:07",5.2,-0.06,500,193300,"B"
"DRH","10:00:01",5.21,-0.05,500,192800,"S"
"DRH","09:59:56",5.21,-0.05,5000,192300,"S"
"DRH","09:59:37",5.22,-0.04,500,187300,"S"
"DRH","09:59:29",5.22,-0.04,500,186800,"S"
"DRH","09:58:03",5.23,-0.03,3700,186300,"S"
"DRH","09:57:20",5.21,-0.05,100,182600,"B"
"DRH","09:56:02",5.2,-0.06,6000,182500,"B"
"DRH","09:55:48",5.2,-0.06,10000,176500,"B"
"DRH","09:55:26",5.2,-0.06,8000,166500,"B"
"DRH","09:55:26",5.21,-0.05,1300,158500,"B"
"DRH","09:55:26",5.22,-0.04,700,157200,"B"
"DRH","09:55:24",5.23,-0.03,200,156500,"B"
"DRH","09:55:00",5.24,-0.02,400,156300,"S"
"DRH","09:54:04",5.24,-0.02,500,155900,"B"
"DRH","09:53:25",5.24,-0.02,1000,155400,"B"
"DRH","09:53:24",5.24,-0.02,600,154400,"B"
"DRH","09:52:50",5.25,-0.01,1000,153800,"S"
"DRH","09:52:45",5.25,-0.01,4000,152800,"B"
"DRH","09:52:32",5.25,-0.01,200,148800,"B"
"DRH","09:52:16",5.25,-0.01,200,148600,"B"
"DRH","09:51:56",5.25,-0.01,8700,148400,"B"
"DRH","09:51:56",5.25,-0.01,100,139700,"B"
"DRH","09:51:52",5.25,-0.01,5000,139600,"B"
"DRH","09:51:11",5.26,0,1400,134600,"S"
"DRH","09:50:24",5.26,0,5000,133200,"S"
"DRH","09:49:53",5.26,0,600,128200,"S"
"DRH","09:49:01",5.26,0,1000,127600,"S"
"DRH","09:48:54",5.25,-0.01,5000,126600,"B"
"DRH","09:48:40",5.26,0,100,121600,"S"
"DRH","09:48:19",5.26,0,100,121500,"S"
"DRH","09:48:06",5.25,-0.01,5000,121400,"B"
"DRH","09:46:10",5.26,0,400,116400,"B"
"DRH","09:44:44",5.25,-0.01,1000,116000,"B"
"DRH","09:44:23",5.25,-0.01,2200,115000,"B"
"DRH","09:44:13",5.25,-0.01,500,112800,"B"
"DRH","09:41:34",5.27,0.01,200,112300,"B"
"DRH","09:41:21",5.27,0.01,10000,112100,"B"
"DRH","09:40:49",5.29,0.03,600,102100,"B"
"DRH","09:37:55",5.29,0.03,2900,101500,"B"
"DRH","09:37:37",5.3,0.04,700,98600,"B"
"DRH","09:37:23",5.31,0.05,200,97900,"S"
"DRH","09:35:58",5.32,0.06,2700,97700,"B"
"DRH","09:35:35",5.32,0.06,500,95000,"B"
"DRH","09:35:22",5.32,0.06,2600,94500,"S"
"DRH","09:35:06",5.32,0.06,5000,91900,"S"
"DRH","09:34:58",5.3,0.04,100,86900,"S"
"DRH","09:34:49",5.3,0.04,13000,86800,"S"
"DRH","09:34:26",5.29,0.03,100,73800,"S"
"DRH","09:34:19",5.27,0.01,800,73700,"S"
"DRH","09:34:06",5.27,0.01,500,72900,"S"
"DRH","09:34:01",5.27,0.01,1000,72400,"S"
"DRH","09:33:46",5.27,0.01,300,71400,"S"
"DRH","09:32:34",5.24,-0.02,300,71100,"B"
"DRH","09:32:34",5.25,-0.01,100,70800,"B"
"DRH","09:32:30",5.25,-0.01,1900,70700,"S"
"DRH","09:32:11",5.25,-0.01,3100,68800,"B"
"DRH","09:31:51",5.26,0,300,65700,"S"
"DRH","09:31:36",5.25,-0.01,100,65400,"B"
"DRH","09:29:01",5.25,-0.01,200,65300,"S"
"DRH","09:28:52",5.25,-0.01,400,65100,"S"
"DRH","09:28:38",5.25,-0.01,400,64700,"S"
"DRH","09:28:26",5.25,-0.01,300,64300,"S"
"DRH","09:28:14",5.25,-0.01,2000,64000,"S"
"DRH","09:28:12",5.25,-0.01,200,62000,"S"
"DRH","09:27:46",5.24,-0.02,100,61800,"S"
"DRH","09:27:37",5.24,-0.02,100,61700,"B"
"DRH","09:27:29",5.25,-0.01,500,61600,"S"
"DRH","09:27:04",5.24,-0.02,100,61100,"B"
"DRH","09:26:03",5.25,-0.01,100,61000,"S"
"DRH","09:24:55",5.25,-0.01,500,60900,"S"
"DRH","09:24:42",5.25,-0.01,1100,60400,"B"
"DRH","09:24:42",5.26,0,1600,59300,"B"
"DRH","09:23:43",5.26,0,2500,57700,"S"
"DRH","09:22:58",5.26,0,500,55200,"B"
"DRH","09:22:48",5.26,0,100,54700,"B"
"DRH","09:22:25",5.27,0.01,1400,54600,"B"
"DRH","09:22:09",5.27,0.01,3000,53200,"B"
"DRH","09:21:54",5.27,0.01,5000,50200,"B"
"DRH","09:21:41",5.27,0.01,400,45200,"B"
"DRH","09:20:54",5.3,0.04,200,44800,"B"
"DRH","09:20:25",5.3,0.04,300,44600,"B"
"DRH","09:19:57",5.32,0.06,100,44300,"S"
"DRH","09:19:57",5.3,0.04,1000,44200,"B"
"DRH","09:19:22",5.32,0.06,1600,43200,"B"
"DRH","09:19:16",5.32,0.06,3000,41600,"B"
"DRH","09:18:56",5.32,0.06,400,38600,"S"
"DRH","09:18:54",5.32,0.06,600,38200,"B"
"DRH","09:18:49",5.34,0.08,100,37600,"S"
"DRH","09:18:37",5.32,0.06,1000,37500,"B"
"DRH","09:18:33",5.34,0.08,300,36500,"S"
"DRH","09:18:18",5.32,0.06,500,36200,"B"
"DRH","09:18:15",5.32,0.06,100,35700,"B"
"DRH","09:18:02",5.32,0.06,400,35600,"B"
"DRH","09:17:58",5.32,0.06,500,35200,"B"
"DRH","09:17:44",5.32,0.06,8100,34700,"B"
"DRH","09:17:44",5.33,0.07,6900,26600,"B"
"DRH","09:17:26",5.35,0.09,2300,19700,"S"
"DRH","09:17:26",5.34,0.08,200,17400,"S"
"DRH","09:16:52",5.35,0.09,2700,17200,"S"
"DRH","09:16:52",5.34,0.08,2100,14500,"S"
"DRH","09:16:52",5.33,0.07,200,12400,"S"
"DRH","09:16:46",5.32,0.06,200,12200,"B"
"DRH","09:15:08",5.32,0.06,3000,12000,"B"
"DRH","09:15:00",5.32,0.06,9000,9000,
