"symbol","time","price","change","vol","total","side"
"KBC","14:45:00",32.55,0.35,447800,6362200,
"KBC","14:29:58",32.4,0.2,2000,5914400,"S"
"KBC","14:29:55",32.4,0.2,1400,5912400,"S"
"KBC","14:29:53",32.4,0.2,500,5911000,"S"
"KBC","14:29:49",32.4,0.2,2200,5910500,"S"
"KBC","14:29:46",32.4,0.2,10000,5908300,"S"
"KBC","14:29:39",32.4,0.2,500,5898300,"S"
"KBC","14:29:36",32.35,0.15,400,5897800,"B"
"KBC","14:29:34",32.35,0.15,200,5897400,"B"
"KBC","14:29:33",32.4,0.2,2000,5897200,"S"
"KBC","14:29:25",32.4,0.2,5000,5895200,"S"
"KBC","14:29:23",32.4,0.2,100,5890200,"S"
"KBC","14:29:18",32.4,0.2,4000,5890100,"S"
"KBC","14:29:16",32.4,0.2,1000,5886100,"S"
"KBC","14:29:13",32.35,0.15,1300,5885100,"B"
"KBC","14:29:11",32.35,0.15,500,5883800,"B"
"KBC","14:29:03",32.4,0.2,100,5883300,"S"
"KBC","14:28:53",32.4,0.2,1600,5883200,"S"
"KBC","14:28:52",32.4,0.2,1000,5881600,"S"
"KBC","14:28:48",32.35,0.15,5000,5880600,"B"
"KBC","14:28:44",32.4,0.2,500,5875600,"S"
"KBC","14:28:39",32.35,0.15,1800,5875100,"B"
"KBC","14:28:29",32.35,0.15,300,5873300,"S"
"KBC","14:28:18",32.35,0.15,200,5873000,"S"
"KBC","14:28:17",32.35,0.15,500,5872800,"S"
"KBC","14:28:12",32.4,0.2,100,5872300,"S"
"KBC","14:28:02",32.3,0.1,1000,5872200,"S"
"KBC","14:27:59",32.3,0.1,100,5871200,"S"
"KBC","14:27:59",32.3,0.1,1000,5871100,"S"
"KBC","14:27:54",32.3,0.1,1000,5870100,"S"
"KBC","14:27:52",32.3,0.1,6000,5869100,"S"
"KBC","14:27:50",32.3,0.1,600,5863100,"S"
"KBC","14:27:49",32.3,0.1,200,5862500,"S"
"KBC","14:27:43",32.3,0.1,6700,5862300,"S"
"KBC","14:27:43",32.3,0.1,5200,5855600,"S"
"KBC","14:27:42",32.25,0.05,5000,5850400,"B"
"KBC","14:27:35",32.25,0.05,2700,5845400,"S"
"KBC","14:27:34",32.2,0,1500,5842700,"B"
"KBC","14:27:33",32.25,0.05,3800,5841200,"S"
"KBC","14:27:32",32.25,0.05,2000,5837400,"S"
"KBC","14:27:32",32.25,0.05,700,5835400,"S"
"KBC","14:27:31",32.25,0.05,4000,5834700,"S"
"KBC","14:27:29",32.25,0.05,35300,5830700,"S"
"KBC","14:27:29",32.25,0.05,600,5795400,"S"
"KBC","14:27:27",32.25,0.05,7100,5794800,"S"
"KBC","14:27:26",32.25,0.05,1000,5787700,"S"
"KBC","14:27:24",32.25,0.05,3000,5786700,"S"
"KBC","14:27:22",32.25,0.05,1800,5783700,"S"
"KBC","14:27:19",32.2,0,300,5780900,"B"
"KBC","14:27:17",32.25,0.05,500,5780600,"S"
"KBC","14:27:16",32.25,0.05,1100,5780100,"S"
"KBC","14:27:16",32.25,0.05,100,5779000,"S"
"KBC","14:27:08",32.2,0,1000,5778900,"B"
"KBC","14:26:57",32.2,0,1000,5777900,"B"
"KBC","14:26:54",32.2,0,1600,5776900,"S"
"KBC","14:26:53",32.2,0,8400,5775300,"S"
"KBC","14:26:53",32.15,-0.05,100,5766900,"B"
"KBC","14:26:51",32.2,0,10000,5766800,"S"
"KBC","14:26:50",32.2,0,500,5756800,"S"
"KBC","14:26:49",32.2,0,5000,5756300,"S"
"KBC","14:26:49",32.15,-0.05,100,5751300,"B"
"KBC","14:26:46",32.2,0,1000,5751200,"S"
"KBC","14:26:45",32.2,0,10000,5750200,"S"
"KBC","14:26:42",32.2,0,11300,5740200,"S"
"KBC","14:26:41",32.15,-0.05,800,5728900,"B"
"KBC","14:26:40",32.15,-0.05,100,5728100,"B"
"KBC","14:26:39",32.15,-0.05,3000,5728000,"B"
"KBC","14:26:38",32.15,-0.05,200,5725000,"B"
"KBC","14:26:36",32.15,-0.05,800,5724800,"B"
"KBC","14:26:28",32.15,-0.05,200,5724000,"B"
"KBC","14:26:25",32.2,0,200,5723800,"S"
"KBC","14:26:22",32.15,-0.05,200,5723600,"B"
"KBC","14:26:17",32.15,-0.05,100,5723400,"B"
"KBC","14:26:15",32.15,-0.05,1000,5723300,"B"
"KBC","14:26:10",32.15,-0.05,100,5722300,"B"
"KBC","14:26:07",32.15,-0.05,100,5722200,"B"
"KBC","14:26:07",32.2,0,500,5722100,"S"
"KBC","14:26:06",32.15,-0.05,2500,5721600,"B"
"KBC","14:26:04",32.2,0,1000,5719100,"S"
"KBC","14:25:56",32.15,-0.05,200,5718100,"B"
"KBC","14:25:54",32.15,-0.05,1000,5717900,"B"
"KBC","14:25:52",32.2,0,600,5716900,"S"
"KBC","14:25:50",32.15,-0.05,500,5716300,"B"
"KBC","14:25:45",32.15,-0.05,100,5715800,"B"
"KBC","14:25:44",32.15,-0.05,1000,5715700,"B"
"KBC","14:25:41",32.2,0,300,5714700,"S"
"KBC","14:25:41",32.15,-0.05,2600,5714400,"B"
"KBC","14:25:38",32.2,0,1000,5711800,"S"
"KBC","14:25:38",32.15,-0.05,6000,5710800,"B"
"KBC","14:25:37",32.15,-0.05,1500,5704800,"B"
"KBC","14:25:36",32.15,-0.05,400,5703300,"B"
"KBC","14:25:34",32.15,-0.05,200,5702900,"B"
"KBC","14:25:33",32.15,-0.05,500,5702700,"B"
"KBC","14:25:32",32.15,-0.05,100,5702200,"B"
"KBC","14:25:31",32.15,-0.05,100,5702100,"B"
"KBC","14:25:29",32.15,-0.05,1000,5702000,"B"
"KBC","14:25:28",32.15,-0.05,1000,5701000,"B"
"KBC","14:25:24",32.15,-0.05,2000,5700000,"S"
"KBC","14:25:23",32.1,-0.1,3200,5698000,"B"
"KBC","14:25:18",32.2,0,1000,5694800,"S"
"KBC","14:25:17",32.1,-0.1,1000,5693800,"B"
"KBC","14:25:16",32.1,-0.1,2000,5692800,"B"
"KBC","14:25:15",32.1,-0.1,13600,5690800,"B"
"KBC","14:25:15",32.15,-0.05,6400,5677200,"B"
"KBC","14:25:13",32.15,-0.05,700,5670800,"B"
"KBC","14:25:12",32.15,-0.05,4800,5670100,"B"
"KBC","14:25:08",32.15,-0.05,600,5665300,"S"
"KBC","14:25:07",32.15,-0.05,3000,5664700,"S"
"KBC","14:25:06",32.1,-0.1,3800,5661700,"B"
"KBC","14:25:06",32.1,-0.1,200,5657900,"B"
"KBC","14:25:03",32.1,-0.1,100,5657700,"B"
"KBC","14:25:03",32.15,-0.05,100,5657600,"S"
"KBC","14:24:58",32.1,-0.1,600,5657500,"B"
"KBC","14:24:56",32.1,-0.1,2000,5656900,"B"
"KBC","14:24:55",32.1,-0.1,15000,5654900,"B"
"KBC","14:24:55",32.15,-0.05,3000,5639900,"S"
"KBC","14:24:53",32.1,-0.1,100,5636900,"B"
"KBC","14:24:49",32.15,-0.05,100,5636800,"S"
"KBC","14:24:48",32.1,-0.1,15000,5636700,"B"
"KBC","14:24:47",32.15,-0.05,2600,5621700,"S"
"KBC","14:24:44",32.15,-0.05,100,5619100,"S"
"KBC","14:24:42",32.1,-0.1,200,5619000,"B"
"KBC","14:24:40",32.1,-0.1,600,5618800,"B"
"KBC","14:24:38",32.15,-0.05,100,5617800,"S"
"KBC","14:24:37",32.1,-0.1,1400,5617700,"B"
"KBC","14:24:33",32.1,-0.1,23800,5616300,"B"
"KBC","14:24:32",32.1,-0.1,200,5592500,"B"
"KBC","14:24:30",32.15,-0.05,3500,5592300,"B"
"KBC","14:24:27",32.2,0,1000,5588800,"S"
"KBC","14:24:25",32.15,-0.05,500,5587800,"B"
"KBC","14:24:24",32.2,0,100,5587300,"S"
"KBC","14:24:23",32.15,-0.05,11100,5587200,"B"
"KBC","14:24:23",32.2,0,10300,5576100,"S"
"KBC","14:24:23",32.15,-0.05,10000,5565800,"B"
"KBC","14:24:22",32.15,-0.05,100,5555800,"B"
"KBC","14:24:18",32.2,0,9600,5555700,"B"
"KBC","14:24:17",32.2,0,100000,5546100,"B"
"KBC","14:24:16",32.25,0.05,2000,5446100,"S"
"KBC","14:24:16",32.2,0,100,5444100,"B"
"KBC","14:24:15",32.25,0.05,100,5444000,"S"
"KBC","14:24:11",32.2,0,200,5443900,"B"
"KBC","14:24:11",32.25,0.05,100,5443700,"S"
"KBC","14:24:04",32.25,0.05,600,5443600,"S"
"KBC","14:24:02",32.25,0.05,100,5443000,"B"
"KBC","14:24:01",32.25,0.05,100,5442900,"B"
"KBC","14:23:56",32.2,0,400,5442800,"B"
"KBC","14:23:56",32.25,0.05,600,5442400,"B"
"KBC","14:23:55",32.25,0.05,400,5441800,"S"
"KBC","14:23:54",32.25,0.05,100,5441400,"B"
"KBC","14:23:51",32.3,0.1,16300,5441300,"S"
"KBC","14:23:51",32.25,0.05,3700,5425000,"S"
"KBC","14:23:51",32.2,0,100,5421300,"B"
"KBC","14:23:50",32.2,0,2000,5421200,"B"
"KBC","14:23:50",32.25,0.05,200,5419200,"S"
"KBC","14:23:48",32.25,0.05,200,5419000,"S"
"KBC","14:23:45",32.2,0,500,5418800,"B"
"KBC","14:23:43",32.2,0,3000,5418300,"B"
"KBC","14:23:40",32.2,0,100,5415300,"B"
"KBC","14:23:36",32.2,0,67600,5415200,"B"
"KBC","14:23:36",32.25,0.05,13400,5347600,"B"
"KBC","14:23:33",32.25,0.05,1000,5334200,"B"
"KBC","14:23:29",32.25,0.05,200,5333200,"B"
"KBC","14:23:27",32.3,0.1,300,5333000,"S"
"KBC","14:23:25",32.25,0.05,19800,5332700,"B"
"KBC","14:23:25",32.25,0.05,50000,5312900,"B"
"KBC","14:23:23",32.3,0.1,1000,5262900,"S"
"KBC","14:23:19",32.25,0.05,100,5261900,"B"
"KBC","14:23:17",32.3,0.1,900,5261800,"S"
"KBC","14:23:15",32.3,0.1,100,5260900,"S"
"KBC","14:23:10",32.3,0.1,100,5260800,"S"
"KBC","14:23:09",32.25,0.05,4200,5260700,"B"
"KBC","14:23:09",32.3,0.1,5800,5256500,"B"
"KBC","14:23:08",32.3,0.1,100,5250700,"B"
"KBC","14:23:07",32.3,0.1,1000,5250600,"B"
"KBC","14:23:06",32.35,0.15,100,5249600,"S"
"KBC","14:23:05",32.3,0.1,500,5249500,"B"
"KBC","14:23:05",32.3,0.1,2000,5249000,"B"
"KBC","14:23:04",32.3,0.1,12400,5247000,"B"
"KBC","14:23:00",32.3,0.1,9700,5234600,"B"
"KBC","14:22:59",32.3,0.1,2000,5224900,"B"
"KBC","14:22:58",32.3,0.1,200,5222900,"B"
"KBC","14:22:56",32.3,0.1,500,5222700,"B"
"KBC","14:22:54",32.3,0.1,3000,5222200,"B"
"KBC","14:22:50",32.3,0.1,10500,5219200,"B"
"KBC","14:22:49",32.3,0.1,500,5208700,"B"
"KBC","14:22:47",32.3,0.1,600,5208200,"B"
"KBC","14:22:46",32.3,0.1,1500,5207600,"B"
"KBC","14:22:44",32.3,0.1,35000,5206100,"B"
"KBC","14:22:40",32.35,0.15,5000,5171100,"S"
"KBC","14:22:37",32.3,0.1,100,5166100,"B"
"KBC","14:22:36",32.35,0.15,1000,5166000,"S"
"KBC","14:22:26",32.35,0.15,24700,5165000,"B"
"KBC","14:22:26",32.35,0.15,200,5140300,"B"
"KBC","14:22:25",32.4,0.2,19000,5140100,"S"
"KBC","14:22:25",32.35,0.15,200,5121100,"B"
"KBC","14:22:22",32.4,0.2,500,5120900,"S"
"KBC","14:22:17",32.35,0.15,1500,5120400,"B"
"KBC","14:22:15",32.35,0.15,200,5118900,"B"
"KBC","14:22:15",32.35,0.15,2800,5118700,"B"
"KBC","14:22:10",32.4,0.2,5000,5115900,"S"
"KBC","14:22:07",32.4,0.2,500,5110900,"S"
"KBC","14:22:06",32.35,0.15,1700,5110400,"B"
"KBC","14:22:06",32.35,0.15,13300,5108700,"B"
"KBC","14:22:04",32.35,0.15,200,5095400,"B"
"KBC","14:22:00",32.35,0.15,500,5095200,"B"
"KBC","14:21:57",32.4,0.2,1000,5094700,"S"
"KBC","14:21:55",32.4,0.2,1000,5093700,"S"
"KBC","14:21:54",32.35,0.15,100,5092700,"B"
"KBC","14:21:48",32.4,0.2,1200,5092600,"S"
"KBC","14:21:44",32.35,0.15,200,5091400,"B"
"KBC","14:21:43",32.4,0.2,100,5091200,"S"
"KBC","14:21:40",32.35,0.15,500,5091100,"B"
"KBC","14:21:38",32.4,0.2,100,5090600,"S"
"KBC","14:21:34",32.4,0.2,20000,5090500,"S"
"KBC","14:21:33",32.35,0.15,100,5070500,"B"
"KBC","14:21:32",32.35,0.15,400,5070400,"B"
"KBC","14:21:31",32.35,0.15,2000,5070000,"B"
"KBC","14:21:23",32.35,0.15,200,5068000,"B"
"KBC","14:21:12",32.4,0.2,4000,5067800,"S"
"KBC","14:21:12",32.35,0.15,200,5063800,"B"
"KBC","14:21:09",32.4,0.2,2000,5063600,"S"
"KBC","14:21:03",32.4,0.2,3000,5061600,"S"
"KBC","14:21:03",32.35,0.15,800,5058600,"B"
"KBC","14:21:01",32.35,0.15,100,5057800,"B"
"KBC","14:20:59",32.4,0.2,3700,5057700,"S"
"KBC","14:20:55",32.35,0.15,16300,5054000,"B"
"KBC","14:20:55",32.35,0.15,1000,5037700,"B"
"KBC","14:20:51",32.35,0.15,200,5036700,"B"
"KBC","14:20:45",32.4,0.2,100,5036500,"S"
"KBC","14:20:40",32.35,0.15,200,5036400,"B"
"KBC","14:20:37",32.35,0.15,3500,5036200,"B"
"KBC","14:20:36",32.4,0.2,100,5032700,"S"
"KBC","14:20:29",32.35,0.15,100,5032600,"B"
"KBC","14:20:21",32.4,0.2,200,5032500,"S"
"KBC","14:20:19",32.35,0.15,100,5032300,"B"
"KBC","14:20:08",32.35,0.15,200,5032200,"B"
"KBC","14:20:05",32.4,0.2,100,5032000,"S"
"KBC","14:19:58",32.35,0.15,100,5031900,"B"
"KBC","14:19:48",32.35,0.15,100,5031800,"B"
"KBC","14:19:39",32.4,0.2,1000,5031700,"S"
"KBC","14:19:37",32.35,0.15,100,5030700,"B"
"KBC","14:19:34",32.4,0.2,600,5030600,"B"
"KBC","14:19:33",32.4,0.2,7000,5030000,"B"
"KBC","14:19:32",32.45,0.25,200,5023000,"S"
"KBC","14:19:32",32.4,0.2,10000,5022800,"B"
"KBC","14:19:27",32.4,0.2,200,5012800,"B"
"KBC","14:19:21",32.4,0.2,100,5012600,"B"
"KBC","14:19:16",32.4,0.2,50200,5012500,"B"
"KBC","14:19:05",32.4,0.2,200,4962300,"B"
"KBC","14:18:55",32.4,0.2,100,4962100,"B"
"KBC","14:18:49",32.45,0.25,2000,4962000,"S"
"KBC","14:18:45",32.4,0.2,3000,4960000,"B"
"KBC","14:18:44",32.4,0.2,200,4957000,"B"
"KBC","14:18:39",32.45,0.25,100,4956800,"S"
"KBC","14:18:34",32.4,0.2,100,4956700,"B"
"KBC","14:18:29",32.4,0.2,100,4956600,"B"
"KBC","14:18:27",32.4,0.2,5000,4956500,"B"
"KBC","14:18:23",32.4,0.2,200,4951500,"B"
"KBC","14:18:14",32.4,0.2,32600,4951300,"S"
"KBC","14:18:13",32.35,0.15,200,4918700,"B"
"KBC","14:18:06",32.35,0.15,1200,4918500,"B"
"KBC","14:18:02",32.35,0.15,100,4917300,"B"
"KBC","14:17:53",32.35,0.15,200,4917200,"B"
"KBC","14:17:46",32.4,0.2,5600,4917000,"B"
"KBC","14:17:42",32.4,0.2,100,4911400,"B"
"KBC","14:17:41",32.4,0.2,50000,4911300,"B"
"KBC","14:17:39",32.4,0.2,7500,4861300,"B"
"KBC","14:17:31",32.4,0.2,100,4853800,"B"
"KBC","14:17:21",32.4,0.2,100,4853700,"B"
"KBC","14:17:15",32.45,0.25,800,4853600,"S"
"KBC","14:17:14",32.45,0.25,20000,4852800,"S"
"KBC","14:17:10",32.4,0.2,100,4832800,"B"
"KBC","14:17:06",32.45,0.25,200,4832700,"S"
"KBC","14:17:03",32.45,0.25,400,4832500,"S"
"KBC","14:17:03",32.4,0.2,300,4832100,"B"
"KBC","14:16:59",32.4,0.2,200,4831800,"B"
"KBC","14:16:52",32.45,0.25,2500,4831600,"B"
"KBC","14:16:51",32.45,0.25,35200,4829100,"B"
"KBC","14:16:51",32.45,0.25,2500,4793900,"B"
"KBC","14:16:48",32.45,0.25,200,4791400,"B"
"KBC","14:16:45",32.45,0.25,1000,4791200,"B"
"KBC","14:16:38",32.45,0.25,100,4790200,"B"
"KBC","14:16:37",32.45,0.25,1400,4790100,"B"
"KBC","14:16:28",32.45,0.25,100,4788700,"B"
"KBC","14:16:18",32.45,0.25,100,4788600,"B"
"KBC","14:16:10",32.45,0.25,200,4788500,"B"
"KBC","14:16:09",32.45,0.25,100,4788300,"B"
"KBC","14:16:03",32.5,0.3,10000,4788200,"S"
"KBC","14:15:57",32.5,0.3,42300,4778200,"B"
"KBC","14:15:53",32.55,0.35,700,4735900,"S"
"KBC","14:15:51",32.55,0.35,100,4735200,"S"
"KBC","14:15:49",32.5,0.3,400,4735100,"B"
"KBC","14:15:48",32.5,0.3,2000,4734700,"B"
"KBC","14:15:47",32.5,0.3,100,4732700,"B"
"KBC","14:15:43",32.5,0.3,1500,4732600,"B"
"KBC","14:15:37",32.5,0.3,4200,4731100,"B"
"KBC","14:15:36",32.5,0.3,200,4726900,"B"
"KBC","14:15:34",32.55,0.35,200,4726700,"S"
"KBC","14:15:25",32.5,0.3,200,4726500,"B"
"KBC","14:15:16",32.5,0.3,1000,4726300,"B"
"KBC","14:15:14",32.5,0.3,200,4725300,"B"
"KBC","14:15:04",32.5,0.3,100,4725100,"B"
"KBC","14:15:01",32.5,0.3,200,4725000,"B"
"KBC","14:14:59",32.5,0.3,200,4724800,"B"
"KBC","14:14:54",32.5,0.3,100,4724600,"B"
"KBC","14:14:46",32.5,0.3,100,4724500,"B"
"KBC","14:14:43",32.5,0.3,200,4724400,"B"
"KBC","14:14:36",32.5,0.3,200,4724200,"B"
"KBC","14:14:32",32.5,0.3,200,4724000,"B"
"KBC","14:14:31",32.55,0.35,600,4723800,"S"
"KBC","14:14:27",32.55,0.35,100,4723200,"S"
"KBC","14:14:23",32.5,0.3,2200,4723100,"B"
"KBC","14:14:22",32.5,0.3,200,4720900,"B"
"KBC","14:14:19",32.5,0.3,800,4720700,"B"
"KBC","14:14:13",32.5,0.3,300,4719900,"B"
"KBC","14:14:11",32.5,0.3,200,4719600,"B"
"KBC","14:14:08",32.5,0.3,500,4719400,"B"
"KBC","14:14:00",32.5,0.3,200,4718900,"B"
"KBC","14:13:59",32.5,0.3,5000,4718700,"B"
"KBC","14:13:57",32.55,0.35,300,4713700,"S"
"KBC","14:13:51",32.5,0.3,500,4713400,"B"
"KBC","14:13:41",32.55,0.35,2000,4711300,"S"
"KBC","14:13:39",32.5,0.3,200,4709300,"B"
"KBC","14:13:29",32.5,0.3,300,4709100,"B"
"KBC","14:13:26",32.5,0.3,300,4708800,"B"
"KBC","14:13:21",32.5,0.3,8300,4708500,"S"
"KBC","14:13:19",32.45,0.25,100,4700200,"B"
"KBC","14:13:18",32.5,0.3,1000,4700100,"S"
"KBC","14:13:17",32.5,0.3,1000,4699100,"S"
"KBC","14:13:14",32.5,0.3,20000,4698100,"S"
"KBC","14:13:09",32.5,0.3,700,4678100,"S"
"KBC","14:13:08",32.45,0.25,100,4677400,"B"
"KBC","14:13:07",32.5,0.3,100,4677300,"S"
"KBC","14:13:00",32.5,0.3,6100,4677200,"S"
"KBC","14:12:58",32.45,0.25,200,4671100,"B"
"KBC","14:12:55",32.5,0.3,7800,4670900,"S"
"KBC","14:12:51",32.5,0.3,6600,4663100,"S"
"KBC","14:12:47",32.45,0.25,15100,4656500,"B"
"KBC","14:12:43",32.5,0.3,5000,4641400,"S"
"KBC","14:12:37",32.45,0.25,100,4636400,"B"
"KBC","14:12:36",32.5,0.3,300,4636300,"S"
"KBC","14:12:29",32.5,0.3,1500,4636000,"S"
"KBC","14:12:26",32.45,0.25,200,4634500,"B"
"KBC","14:12:15",32.45,0.25,200,4634300,"B"
"KBC","14:12:13",32.45,0.25,500,4634100,"B"
"KBC","14:12:08",32.45,0.25,1600,4633600,"B"
"KBC","14:12:06",32.45,0.25,100,4632000,"B"
"KBC","14:11:54",32.45,0.25,200,4631900,"B"
"KBC","14:11:48",32.5,0.3,100,4631700,"S"
"KBC","14:11:47",32.5,0.3,100,4631600,"S"
"KBC","14:11:44",32.45,0.25,200,4631500,"B"
"KBC","14:11:38",32.45,0.25,100,4631300,"B"
"KBC","14:11:36",32.45,0.25,2000,4631200,"B"
"KBC","14:11:33",32.45,0.25,23200,4629200,"S"
"KBC","14:11:33",32.4,0.2,200,4606000,"B"
"KBC","14:11:31",32.45,0.25,3000,4605800,"S"
"KBC","14:11:31",32.45,0.25,300,4602800,"S"
"KBC","14:11:22",32.4,0.2,200,4602500,"B"
"KBC","14:11:19",32.45,0.25,700,4602300,"S"
"KBC","14:11:15",32.45,0.25,500,4601600,"S"
"KBC","14:11:14",32.45,0.25,100,4601100,"S"
"KBC","14:11:12",32.4,0.2,100,4601000,"B"
"KBC","14:11:08",32.45,0.25,5000,4600900,"S"
"KBC","14:11:07",32.45,0.25,2500,4595900,"S"
"KBC","14:11:01",32.4,0.2,100,4593400,"B"
"KBC","14:11:00",32.4,0.2,1000,4593300,"B"
"KBC","14:10:57",32.4,0.2,1000,4592300,"B"
"KBC","14:10:51",32.4,0.2,600,4591300,"B"
"KBC","14:10:48",32.45,0.25,300,4590700,"S"
"KBC","14:10:43",32.45,0.25,1000,4590400,"S"
"KBC","14:10:41",32.4,0.2,100,4589400,"B"
"KBC","14:10:38",32.4,0.2,100,4589300,"B"
"KBC","14:10:32",32.4,0.2,500,4589200,"B"
"KBC","14:10:31",32.4,0.2,100,4588700,"B"
"KBC","14:10:21",32.4,0.2,100,4588600,"B"
"KBC","14:10:18",32.4,0.2,100,4588500,"B"
"KBC","14:10:16",32.4,0.2,500,4588400,"B"
"KBC","14:10:15",32.4,0.2,44400,4587900,"B"
"KBC","14:10:13",32.4,0.2,100,4543500,"B"
"KBC","14:10:10",32.4,0.2,5000,4543400,"B"
"KBC","14:10:07",32.4,0.2,2300,4538400,"B"
"KBC","14:10:04",32.4,0.2,6900,4536100,"S"
"KBC","14:10:03",32.4,0.2,1000,4529200,"S"
"KBC","14:10:01",32.4,0.2,10000,4528200,"S"
"KBC","14:10:00",32.35,0.15,100,4518200,"B"
"KBC","14:09:49",32.35,0.15,100,4518100,"B"
"KBC","14:09:38",32.35,0.15,200,4518000,"B"
"KBC","14:09:35",32.35,0.15,3000,4517800,"B"
"KBC","14:09:32",32.35,0.15,1000,4514800,"B"
"KBC","14:09:31",32.35,0.15,2000,4513800,"B"
"KBC","14:09:27",32.35,0.15,200,4511800,"B"
"KBC","14:09:25",32.4,0.2,100,4511600,"S"
"KBC","14:09:24",32.35,0.15,1000,4511500,"B"
"KBC","14:09:20",32.35,0.15,1500,4510500,"B"
"KBC","14:09:17",32.35,0.15,1600,4509000,"B"
"KBC","14:09:17",32.35,0.15,100,4507400,"B"
"KBC","14:09:15",32.35,0.15,200,4507300,"B"
"KBC","14:09:12",32.35,0.15,500,4507100,"B"
"KBC","14:09:12",32.35,0.15,1000,4506600,"B"
"KBC","14:09:06",32.35,0.15,200,4505600,"B"
"KBC","14:09:00",32.35,0.15,600,4505400,"B"
"KBC","14:08:58",32.35,0.15,1800,4504800,"S"
"KBC","14:08:57",32.35,0.15,1000,4503000,"S"
"KBC","14:08:56",32.35,0.15,3900,4502000,"B"
"KBC","14:08:55",32.35,0.15,200,4498100,"B"
"KBC","14:08:54",32.35,0.15,600,4497900,"B"
"KBC","14:08:53",32.35,0.15,6000,4497300,"B"
"KBC","14:08:47",32.35,0.15,1000,4491300,"B"
"KBC","14:08:46",32.35,0.15,1500,4490300,"B"
"KBC","14:08:44",32.35,0.15,1200,4488800,"B"
"KBC","14:08:43",32.35,0.15,2000,4487600,"B"
"KBC","14:08:38",32.35,0.15,600,4485600,"B"
"KBC","14:08:35",32.35,0.15,2000,4485000,"B"
"KBC","14:08:34",32.35,0.15,200,4483000,"B"
"KBC","14:08:23",32.35,0.15,100,4482800,"B"
"KBC","14:08:20",32.35,0.15,1300,4482700,"B"
"KBC","14:08:14",32.35,0.15,1200,4481400,"S"
"KBC","14:08:13",32.35,0.15,1200,4480200,"B"
"KBC","14:08:12",32.35,0.15,100,4479000,"B"
"KBC","14:08:10",32.35,0.15,2800,4478900,"S"
"KBC","14:08:07",32.35,0.15,800,4476100,"B"
"KBC","14:08:06",32.35,0.15,3200,4475300,"B"
"KBC","14:08:03",32.35,0.15,400,4472100,"B"
"KBC","14:08:01",32.4,0.2,9500,4471700,"S"
"KBC","14:08:01",32.35,0.15,500,4462200,"B"
"KBC","14:08:00",32.35,0.15,100,4461700,"B"
"KBC","14:08:00",32.35,0.15,1000,4461600,"B"
"KBC","14:07:59",32.35,0.15,1300,4460600,"B"
"KBC","14:07:52",32.35,0.15,200,4459300,"B"
"KBC","14:07:51",32.35,0.15,20000,4459100,"B"
"KBC","14:07:50",32.35,0.15,700,4439100,"B"
"KBC","14:07:43",32.4,0.2,200,4438400,"S"
"KBC","14:07:43",32.35,0.15,100,4438200,"B"
"KBC","14:07:41",32.35,0.15,200,4438100,"B"
"KBC","14:07:37",32.35,0.15,5000,4437900,"B"
"KBC","14:07:30",32.35,0.15,200,4432900,"B"
"KBC","14:07:29",32.35,0.15,300,4432700,"B"
"KBC","14:07:26",32.4,0.2,100,4432400,"S"
"KBC","14:07:23",32.35,0.15,200,4432300,"B"
"KBC","14:07:20",32.35,0.15,100,4432100,"B"
"KBC","14:07:16",32.35,0.15,1400,4432000,"B"
"KBC","14:07:16",32.4,0.2,300,4430600,"B"
"KBC","14:07:10",32.35,0.15,100,4430300,"B"
"KBC","14:07:09",32.35,0.15,1100,4430200,"B"
"KBC","14:07:09",32.35,0.15,4200,4429100,"B"
"KBC","14:07:09",32.4,0.2,4800,4424900,"B"
"KBC","14:07:04",32.4,0.2,10000,4414900,"S"
"KBC","14:07:04",32.35,0.15,1000,4404900,"B"
"KBC","14:07:00",32.35,0.15,100,4403900,"B"
"KBC","14:06:52",32.4,0.2,100,4403800,"S"
"KBC","14:06:49",32.4,0.2,300,4403700,"S"
"KBC","14:06:49",32.35,0.15,200,4403400,"B"
"KBC","14:06:48",32.4,0.2,900,4403200,"B"
"KBC","14:06:45",32.4,0.2,1000,4402300,"B"
"KBC","14:06:44",32.4,0.2,37200,4401300,"B"
"KBC","14:06:43",32.4,0.2,200,4364100,"B"
"KBC","14:06:42",32.4,0.2,3000,4363900,"B"
"KBC","14:06:39",32.4,0.2,100,4360900,"B"
"KBC","14:06:35",32.4,0.2,500,4360800,"B"
"KBC","14:06:31",32.4,0.2,100,4360300,"B"
"KBC","14:06:30",32.4,0.2,100,4360200,"B"
"KBC","14:06:26",32.4,0.2,1000,4360100,"B"
"KBC","14:06:24",32.4,0.2,500,4359100,"B"
"KBC","14:06:19",32.4,0.2,1400,4358600,"B"
"KBC","14:06:19",32.45,0.25,5500,4357200,"B"
"KBC","14:06:18",32.45,0.25,100,4351700,"B"
"KBC","14:06:17",32.45,0.25,3000,4351600,"B"
"KBC","14:06:16",32.45,0.25,5000,4348600,"B"
"KBC","14:06:16",32.45,0.25,3200,4343600,"B"
"KBC","14:06:15",32.45,0.25,1500,4340400,"B"
"KBC","14:06:14",32.45,0.25,1000,4338900,"B"
"KBC","14:06:13",32.45,0.25,100,4337900,"B"
"KBC","14:06:12",32.45,0.25,5000,4337800,"B"
"KBC","14:06:09",32.45,0.25,2700,4332800,"B"
"KBC","14:06:07",32.45,0.25,6000,4330100,"B"
"KBC","14:06:04",32.45,0.25,700,4324100,"B"
"KBC","14:06:03",32.45,0.25,500,4323400,"B"
"KBC","14:05:59",32.45,0.25,1000,4322900,"B"
"KBC","14:05:58",32.45,0.25,1700,4321900,"B"
"KBC","14:05:55",32.45,0.25,2000,4320200,"B"
"KBC","14:05:47",32.45,0.25,100,4318200,"B"
"KBC","14:05:47",32.45,0.25,5000,4318100,"B"
"KBC","14:05:43",32.45,0.25,1000,4313100,"B"
"KBC","14:05:37",32.45,0.25,100,4312100,"B"
"KBC","14:05:34",32.45,0.25,1000,4312000,"B"
"KBC","14:05:26",32.45,0.25,200,4311000,"B"
"KBC","14:05:26",32.45,0.25,2600,4310800,"B"
"KBC","14:05:23",32.5,0.3,600,4308200,"S"
"KBC","14:05:16",32.5,0.3,100,4307600,"S"
"KBC","14:05:16",32.45,0.25,100,4307500,"B"
"KBC","14:05:14",32.45,0.25,3000,4307400,"B"
"KBC","14:05:09",32.45,0.25,10000,4304400,"B"
"KBC","14:05:07",32.45,0.25,500,4294400,"B"
"KBC","14:05:05",32.45,0.25,200,4293900,"B"
"KBC","14:05:02",32.5,0.3,3000,4293700,"S"
"KBC","14:05:00",32.45,0.25,300,4290700,"B"
"KBC","14:04:58",32.45,0.25,5000,4290400,"B"
"KBC","14:04:55",32.45,0.25,100,4285400,"B"
"KBC","14:04:50",32.45,0.25,1000,4285300,"B"
"KBC","14:04:49",32.45,0.25,1500,4284300,"B"
"KBC","14:04:46",32.45,0.25,1000,4282800,"B"
"KBC","14:04:44",32.45,0.25,500,4281800,"B"
"KBC","14:04:43",32.45,0.25,5000,4281300,"B"
"KBC","14:04:38",32.45,0.25,400,4276300,"B"
"KBC","14:04:37",32.45,0.25,500,4275900,"B"
"KBC","14:04:34",32.45,0.25,100,4275400,"B"
"KBC","14:04:23",32.45,0.25,200,4275300,"B"
"KBC","14:04:18",32.45,0.25,1000,4275100,"B"
"KBC","14:04:16",32.45,0.25,5000,4274100,"B"
"KBC","14:04:13",32.45,0.25,100,4269100,"B"
"KBC","14:04:11",32.45,0.25,1000,4269000,"B"
"KBC","14:04:10",32.45,0.25,400,4268000,"B"
"KBC","14:04:09",32.45,0.25,11600,4267600,"B"
"KBC","14:04:02",32.45,0.25,100,4256000,"B"
"KBC","14:04:00",32.45,0.25,1800,4255900,"B"
"KBC","14:04:00",32.5,0.3,700,4254100,"S"
"KBC","14:03:59",32.5,0.3,100,4253400,"S"
"KBC","14:03:55",32.45,0.25,2300,4253300,"B"
"KBC","14:03:52",32.45,0.25,2100,4251000,"B"
"KBC","14:03:49",32.45,0.25,200,4248900,"B"
"KBC","14:03:41",32.45,0.25,1100,4248700,"B"
"KBC","14:03:31",32.45,0.25,100,4247600,"B"
"KBC","14:03:26",32.45,0.25,3000,4247500,"B"
"KBC","14:03:20",32.45,0.25,100,4244500,"B"
"KBC","14:03:19",32.45,0.25,200,4244400,"B"
"KBC","14:03:16",32.45,0.25,500,4244200,"B"
"KBC","14:03:13",32.5,0.3,5000,4243700,"S"
"KBC","14:03:09",32.45,0.25,100,4238700,"B"
"KBC","14:03:06",32.45,0.25,24400,4238600,"B"
"KBC","14:02:58",32.45,0.25,100,4214200,"B"
"KBC","14:02:48",32.45,0.25,100,4214100,"B"
"KBC","14:02:46",32.5,0.3,200,4214000,"S"
"KBC","14:02:42",32.5,0.3,2000,4213800,"S"
"KBC","14:02:38",32.45,0.25,200,4211800,"B"
"KBC","14:02:27",32.45,0.25,200,4211600,"B"
"KBC","14:02:22",32.5,0.3,900,4211400,"S"
"KBC","14:02:21",32.45,0.25,100,4210500,"B"
"KBC","14:02:21",32.5,0.3,100,4210400,"S"
"KBC","14:02:19",32.5,0.3,500,4210300,"S"
"KBC","14:02:16",32.45,0.25,200,4209800,"B"
"KBC","14:02:14",32.5,0.3,16100,4209600,"B"
"KBC","14:02:12",32.5,0.3,500,4193500,"B"
"KBC","14:02:09",32.5,0.3,300,4193000,"B"
"KBC","14:02:07",32.5,0.3,7500,4192700,"B"
"KBC","14:02:05",32.5,0.3,5200,4185200,"B"
"KBC","14:02:03",32.5,0.3,300,4180000,"B"
"KBC","14:01:59",32.5,0.3,10000,4179700,"B"
"KBC","14:01:54",32.5,0.3,200,4169700,"B"
"KBC","14:01:53",32.5,0.3,5100,4169500,"B"
"KBC","14:01:48",32.5,0.3,300,4164400,"B"
"KBC","14:01:44",32.5,0.3,600,4164100,"B"
"KBC","14:01:40",32.5,0.3,6000,4163500,"B"
"KBC","14:01:39",32.5,0.3,200,4157500,"B"
"KBC","14:01:39",32.5,0.3,300,4157300,"B"
"KBC","14:01:33",32.5,0.3,200,4157000,"B"
"KBC","14:01:26",32.55,0.35,100,4156800,"S"
"KBC","14:01:24",32.5,0.3,6300,4156700,"B"
"KBC","14:01:22",32.5,0.3,100,4150400,"B"
"KBC","14:01:16",32.5,0.3,3000,4150300,"B"
"KBC","14:01:12",32.5,0.3,200,4147300,"B"
"KBC","14:01:01",32.5,0.3,100,4147100,"B"
"KBC","14:00:56",32.55,0.35,500,4147000,"S"
"KBC","14:00:51",32.5,0.3,11200,4146500,"B"
"KBC","14:00:48",32.5,0.3,1000,4135300,"B"
"KBC","14:00:40",32.5,0.3,200,4134300,"B"
"KBC","14:00:29",32.5,0.3,100,4134100,"B"
"KBC","14:00:19",32.5,0.3,100,4134000,"B"
"KBC","14:00:12",32.5,0.3,200,4133900,"B"
"KBC","14:00:12",32.55,0.35,100,4133700,"S"
"KBC","14:00:09",32.5,0.3,100,4133600,"B"
"KBC","14:00:08",32.5,0.3,300,4133500,"B"
"KBC","14:00:05",32.5,0.3,100,4133200,"B"
"KBC","13:59:58",32.5,0.3,100,4133100,"B"
"KBC","13:59:48",32.5,0.3,200,4133000,"B"
"KBC","13:59:44",32.5,0.3,10000,4132800,"B"
"KBC","13:59:37",32.5,0.3,200,4122800,"B"
"KBC","13:59:31",32.5,0.3,400,4122600,"B"
"KBC","13:59:30",32.5,0.3,300,4122200,"B"
"KBC","13:59:27",32.5,0.3,100,4121900,"B"
"KBC","13:59:16",32.5,0.3,200,4121800,"B"
"KBC","13:59:12",32.5,0.3,100,4121600,"B"
"KBC","13:59:05",32.5,0.3,5200,4121500,"B"
"KBC","13:59:01",32.5,0.3,2000,4116300,"B"
"KBC","13:58:56",32.5,0.3,5000,4114300,"B"
"KBC","13:58:54",32.5,0.3,200,4109200,"B"
"KBC","13:58:51",32.5,0.3,2000,4109000,"B"
"KBC","13:58:47",32.5,0.3,200,4107000,"B"
"KBC","13:58:43",32.5,0.3,200,4106800,"B"
"KBC","13:58:34",32.5,0.3,200,4106600,"B"
"KBC","13:58:32",32.5,0.3,200,4106400,"B"
"KBC","13:58:31",32.55,0.35,700,4106200,"S"
"KBC","13:58:29",32.55,0.35,5000,4105500,"S"
"KBC","13:58:23",32.5,0.3,10000,4100500,"B"
"KBC","13:58:22",32.5,0.3,100,4090500,"B"
"KBC","13:58:12",32.5,0.3,200,4090400,"B"
"KBC","13:58:00",32.5,0.3,200,4090200,"B"
"KBC","13:57:50",32.5,0.3,20000,4090000,"B"
"KBC","13:57:49",32.5,0.3,200,4070000,"B"
"KBC","13:57:41",32.55,0.35,100,4069800,"S"
"KBC","13:57:39",32.5,0.3,100,4069700,"B"
"KBC","13:57:29",32.5,0.3,100,4069600,"B"
"KBC","13:57:22",32.55,0.35,3000,4069500,"S"
"KBC","13:57:18",32.5,0.3,200,4066500,"B"
"KBC","13:57:15",32.5,0.3,21400,4066300,"B"
"KBC","13:57:09",32.55,0.35,25000,4044900,"S"
"KBC","13:57:08",32.5,0.3,100,4019900,"B"
"KBC","13:56:57",32.5,0.3,200,4019800,"B"
"KBC","13:56:46",32.5,0.3,2200,4019600,"B"
"KBC","13:56:45",32.55,0.35,24000,4017400,"S"
"KBC","13:56:35",32.5,0.3,200,3993400,"B"
"KBC","13:56:26",32.55,0.35,100,3993200,"S"
"KBC","13:56:25",32.55,0.35,20000,3993100,"S"
"KBC","13:56:24",32.5,0.3,200,3973100,"B"
"KBC","13:56:24",32.5,0.3,10000,3972900,"B"
"KBC","13:56:13",32.5,0.3,200,3962900,"B"
"KBC","13:56:03",32.5,0.3,500,3962700,"B"
"KBC","13:56:02",32.5,0.3,200,3962200,"B"
"KBC","13:56:02",32.55,0.35,10000,3962000,"S"
"KBC","13:56:01",32.55,0.35,5000,3952000,"S"
"KBC","13:55:56",32.55,0.35,10000,3947000,"S"
"KBC","13:55:55",32.5,0.3,2600,3937000,"B"
"KBC","13:55:52",32.5,0.3,100,3934400,"B"
"KBC","13:55:51",32.5,0.3,16000,3934300,"B"
"KBC","13:55:46",32.5,0.3,40000,3918300,"B"
"KBC","13:55:42",32.5,0.3,100,3878300,"B"
"KBC","13:55:41",32.55,0.35,500,3878200,"S"
"KBC","13:55:33",32.55,0.35,3400,3877700,"S"
"KBC","13:55:31",32.5,0.3,100,3874300,"B"
"KBC","13:55:31",32.55,0.35,3000,3874200,"S"
"KBC","13:55:28",32.55,0.35,100,3871200,"S"
"KBC","13:55:21",32.55,0.35,2000,3871100,"S"
"KBC","13:55:20",32.5,0.3,200,3869100,"B"
"KBC","13:55:19",32.55,0.35,700,3868900,"S"
"KBC","13:55:12",32.55,0.35,100,3868200,"S"
"KBC","13:55:10",32.5,0.3,200,3868100,"B"
"KBC","13:54:59",32.5,0.3,200,3867900,"B"
"KBC","13:54:58",32.5,0.3,100,3867700,"B"
"KBC","13:54:55",32.55,0.35,5000,3867600,"S"
"KBC","13:54:49",32.5,0.3,100,3862600,"B"
"KBC","13:54:39",32.5,0.3,100,3862500,"B"
"KBC","13:54:32",32.55,0.35,400,3862400,"S"
"KBC","13:54:28",32.5,0.3,100,3862000,"B"
"KBC","13:54:24",32.55,0.35,600,3861900,"S"
"KBC","13:54:22",32.55,0.35,10000,3861300,"S"
"KBC","13:54:18",32.5,0.3,200,3851300,"B"
"KBC","13:54:13",32.55,0.35,200,3851100,"S"
"KBC","13:54:07",32.5,0.3,100,3850900,"B"
"KBC","13:53:59",32.55,0.35,100,3850800,"S"
"KBC","13:53:57",32.5,0.3,100,3850700,"B"
"KBC","13:53:57",32.55,0.35,700,3850600,"S"
"KBC","13:53:49",32.55,0.35,100,3849900,"S"
"KBC","13:53:46",32.5,0.3,200,3849800,"B"
"KBC","13:53:39",32.55,0.35,500,3849600,"S"
"KBC","13:53:39",32.55,0.35,1100,3849100,"B"
"KBC","13:53:38",32.55,0.35,800,3848000,"B"
"KBC","13:53:36",32.55,0.35,100,3847200,"B"
"KBC","13:53:26",32.55,0.35,200,3847100,"B"
"KBC","13:53:16",32.55,0.35,29500,3846900,"S"
"KBC","13:53:16",32.5,0.3,100,3817400,"B"
"KBC","13:53:11",32.55,0.35,2000,3817300,"S"
"KBC","13:53:05",32.5,0.3,100,3815300,"B"
"KBC","13:53:02",32.55,0.35,700,3815200,"S"
"KBC","13:52:55",32.55,0.35,7000,3814500,"S"
"KBC","13:52:55",32.5,0.3,200,3807500,"B"
"KBC","13:52:45",32.55,0.35,100,3807300,"S"
"KBC","13:52:45",32.5,0.3,100,3807200,"B"
"KBC","13:52:35",32.5,0.3,100,3807100,"B"
"KBC","13:52:24",32.5,0.3,100,3807000,"B"
"KBC","13:52:22",32.5,0.3,600,3806900,"B"
"KBC","13:52:20",32.55,0.35,17600,3806300,"S"
"KBC","13:52:14",32.5,0.3,200,3788700,"B"
"KBC","13:52:03",32.5,0.3,100,3788500,"B"
"KBC","13:51:56",32.55,0.35,500,3788400,"S"
"KBC","13:51:53",32.5,0.3,100,3787900,"B"
"KBC","13:51:52",32.5,0.3,100,3787800,"B"
"KBC","13:51:42",32.5,0.3,200,3787700,"B"
"KBC","13:51:32",32.5,0.3,100,3787500,"B"
"KBC","13:51:32",32.55,0.35,100,3787400,"S"
"KBC","13:51:30",32.5,0.3,5000,3787300,"B"
"KBC","13:51:25",32.5,0.3,2300,3782300,"B"
"KBC","13:51:21",32.5,0.3,200,3780000,"B"
"KBC","13:51:10",32.5,0.3,200,3779800,"B"
"KBC","13:51:02",32.5,0.3,1000,3779600,"B"
"KBC","13:51:00",32.5,0.3,100,3778600,"B"
"KBC","13:50:50",32.5,0.3,100,3778500,"B"
"KBC","13:50:39",32.5,0.3,200,3778400,"B"
"KBC","13:50:34",32.55,0.35,2000,3778200,"S"
"KBC","13:50:31",32.55,0.35,1000,3776200,"S"
"KBC","13:50:31",32.5,0.3,600,3775200,"B"
"KBC","13:50:28",32.5,0.3,200,3774600,"B"
"KBC","13:50:24",32.5,0.3,100,3774400,"B"
"KBC","13:50:20",32.55,0.35,100,3774300,"S"
"KBC","13:50:19",32.55,0.35,2000,3774200,"S"
"KBC","13:50:17",32.5,0.3,200,3772200,"B"
"KBC","13:50:07",32.5,0.3,100,3772000,"B"
"KBC","13:49:59",32.5,0.3,8100,3771900,"B"
"KBC","13:49:56",32.5,0.3,200,3763800,"B"
"KBC","13:49:45",32.5,0.3,100,3763600,"B"
"KBC","13:49:35",32.5,0.3,200,3763500,"B"
"KBC","13:49:25",32.5,0.3,15100,3763300,"B"
"KBC","13:49:19",32.5,0.3,5000,3748200,"B"
"KBC","13:49:14",32.55,0.35,2400,3743200,"S"
"KBC","13:49:14",32.5,0.3,200,3740800,"B"
"KBC","13:49:03",32.5,0.3,100,3740600,"B"
"KBC","13:48:54",32.5,0.3,100,3740500,"B"
"KBC","13:48:52",32.5,0.3,400,3740400,"B"
"KBC","13:48:43",32.5,0.3,100,3740000,"B"
"KBC","13:48:37",32.5,0.3,900,3739900,"B"
"KBC","13:48:37",32.5,0.3,1100,3739000,"B"
"KBC","13:48:33",32.5,0.3,200,3737900,"B"
"KBC","13:48:32",32.5,0.3,1000,3737700,"B"
"KBC","13:48:22",32.5,0.3,100,3736700,"B"
"KBC","13:48:21",32.5,0.3,600,3736600,"B"
"KBC","13:48:12",32.5,0.3,200,3736000,"B"
"KBC","13:48:10",32.5,0.3,500,3735800,"B"
"KBC","13:48:02",32.5,0.3,10000,3735300,"B"
"KBC","13:48:01",32.5,0.3,100,3725300,"B"
"KBC","13:47:54",32.5,0.3,1000,3725200,"B"
"KBC","13:47:51",32.5,0.3,200,3724200,"B"
"KBC","13:47:44",32.5,0.3,1000,3724000,"B"
"KBC","13:47:40",32.5,0.3,200,3723000,"B"
"KBC","13:47:29",32.5,0.3,200,3722800,"B"
"KBC","13:47:19",32.5,0.3,500,3722600,"B"
"KBC","13:47:18",32.5,0.3,200,3722100,"B"
"KBC","13:47:17",32.5,0.3,4000,3721900,"S"
"KBC","13:47:12",32.5,0.3,2000,3717900,"S"
"KBC","13:47:07",32.5,0.3,3000,3715900,"S"
"KBC","13:47:07",32.45,0.25,200,3712900,"B"
"KBC","13:47:06",32.5,0.3,700,3712700,"S"
"KBC","13:47:05",32.5,0.3,1200,3712000,"S"
"KBC","13:47:03",32.5,0.3,31100,3710800,"B"
"KBC","13:46:56",32.5,0.3,200,3679700,"B"
"KBC","13:46:46",32.5,0.3,100,3679500,"B"
"KBC","13:46:42",32.55,0.35,100,3679400,"S"
"KBC","13:46:42",32.5,0.3,400,3679300,"B"
"KBC","13:46:36",32.5,0.3,100,3678900,"B"
"KBC","13:46:30",32.5,0.3,600,3678800,"B"
"KBC","13:46:26",32.5,0.3,100,3678200,"B"
"KBC","13:46:16",32.5,0.3,100,3678100,"B"
"KBC","13:46:13",32.5,0.3,1000,3678000,"B"
"KBC","13:46:12",32.5,0.3,1500,3677000,"B"
"KBC","13:46:12",32.5,0.3,1000,3675500,"B"
"KBC","13:46:10",32.5,0.3,200,3674500,"B"
"KBC","13:46:05",32.5,0.3,100,3674300,"B"
"KBC","13:45:59",32.5,0.3,1000,3674200,"B"
"KBC","13:45:55",32.5,0.3,200,3673200,"B"
"KBC","13:45:54",32.5,0.3,200,3673000,"B"
"KBC","13:45:47",32.5,0.3,200,3672800,"B"
"KBC","13:45:45",32.5,0.3,100,3672600,"B"
"KBC","13:45:33",32.5,0.3,200,3672500,"B"
"KBC","13:45:23",32.5,0.3,200,3672300,"B"
"KBC","13:45:12",32.5,0.3,1100,3672100,"B"
"KBC","13:45:11",32.55,0.35,6200,3671000,"S"
"KBC","13:45:00",32.5,0.3,200,3664800,"B"
"KBC","13:44:53",32.5,0.3,300,3664600,"B"
"KBC","13:44:50",32.5,0.3,200,3664300,"B"
"KBC","13:44:43",32.5,0.3,200,3664100,"B"
"KBC","13:44:39",32.5,0.3,200,3663900,"B"
"KBC","13:44:37",32.5,0.3,200,3663700,"B"
"KBC","13:44:35",32.5,0.3,3000,3663500,"B"
"KBC","13:44:33",32.5,0.3,4000,3660500,"B"
"KBC","13:44:28",32.5,0.3,200,3656500,"B"
"KBC","13:44:23",32.5,0.3,10000,3656300,"B"
"KBC","13:44:21",32.55,0.35,700,3646300,"S"
"KBC","13:44:19",32.55,0.35,100,3645600,"S"
"KBC","13:44:18",32.5,0.3,700,3645500,"B"
"KBC","13:44:07",32.5,0.3,100,3644800,"B"
"KBC","13:44:01",32.55,0.35,2000,3644700,"S"
"KBC","13:43:57",32.5,0.3,100,3642700,"B"
"KBC","13:43:47",32.5,0.3,100,3642600,"B"
"KBC","13:43:43",32.5,0.3,500,3642500,"B"
"KBC","13:43:37",32.5,0.3,100,3642000,"B"
"KBC","13:43:27",32.5,0.3,200,3641900,"B"
"KBC","13:43:26",32.5,0.3,100,3641700,"B"
"KBC","13:43:16",32.5,0.3,200,3641600,"B"
"KBC","13:43:10",32.5,0.3,9000,3641400,"B"
"KBC","13:43:07",32.55,0.35,100,3632400,"S"
"KBC","13:43:05",32.5,0.3,200,3632300,"B"
"KBC","13:42:55",32.5,0.3,100,3632100,"B"
"KBC","13:42:44",32.5,0.3,100,3632000,"B"
"KBC","13:42:34",32.5,0.3,100,3631900,"B"
"KBC","13:42:23",32.5,0.3,200,3631800,"B"
"KBC","13:42:21",32.5,0.3,100,3631600,"B"
"KBC","13:42:18",32.5,0.3,6700,3631500,"S"
"KBC","13:42:18",32.5,0.3,10000,3624800,"S"
"KBC","13:42:16",32.5,0.3,5000,3614800,"S"
"KBC","13:42:15",32.5,0.3,1700,3609800,"S"
"KBC","13:42:13",32.45,0.25,100,3608100,"B"
"KBC","13:42:10",32.5,0.3,1000,3608000,"S"
"KBC","13:42:05",32.5,0.3,200,3607000,"S"
"KBC","13:42:02",32.45,0.25,100,3606800,"B"
"KBC","13:41:56",32.5,0.3,200,3606700,"S"
"KBC","13:41:53",32.5,0.3,5000,3606500,"S"
"KBC","13:41:52",32.45,0.25,100,3601500,"B"
"KBC","13:41:51",32.5,0.3,300,3601400,"S"
"KBC","13:41:45",32.5,0.3,24000,3601100,"S"
"KBC","13:41:42",32.45,0.25,100,3577100,"B"
"KBC","13:41:31",32.45,0.25,100,3577000,"B"
"KBC","13:41:25",32.5,0.3,5000,3576900,"S"
"KBC","13:41:20",32.45,0.25,200,3571900,"B"
"KBC","13:41:20",32.45,0.25,3000,3571700,"B"
"KBC","13:41:10",32.45,0.25,100,3568700,"B"
"KBC","13:41:09",32.5,0.3,600,3568600,"S"
"KBC","13:41:07",32.5,0.3,3000,3568000,"S"
"KBC","13:41:00",32.45,0.25,100,3565000,"B"
"KBC","13:40:49",32.45,0.25,200,3564900,"B"
"KBC","13:40:38",32.45,0.25,100,3564700,"B"
"KBC","13:40:33",32.5,0.3,1000,3564600,"S"
"KBC","13:40:28",32.5,0.3,500,3563600,"S"
"KBC","13:40:28",32.45,0.25,200,3563100,"B"
"KBC","13:40:21",32.5,0.3,6000,3562900,"S"
"KBC","13:40:17",32.45,0.25,200,3556900,"B"
"KBC","13:40:14",32.5,0.3,700,3556700,"S"
"KBC","13:40:06",32.5,0.3,18200,3556000,"B"
"KBC","13:39:56",32.5,0.3,100,3537800,"B"
"KBC","13:39:54",32.55,0.35,400,3537700,"S"
"KBC","13:39:45",32.5,0.3,200,3537300,"B"
"KBC","13:39:34",32.5,0.3,100,3537100,"B"
"KBC","13:39:24",32.5,0.3,200,3537000,"B"
"KBC","13:39:18",32.5,0.3,1000,3536800,"B"
"KBC","13:39:14",32.45,0.25,100,3535800,"B"
"KBC","13:39:13",32.55,0.35,400,3535700,"S"
"KBC","13:39:06",32.5,0.3,600,3533800,"S"
"KBC","13:39:03",32.45,0.25,100,3533200,"B"
"KBC","13:39:02",32.5,0.3,300,3533100,"S"
"KBC","13:39:01",32.5,0.3,1100,3532800,"S"
"KBC","13:38:56",32.5,0.3,1000,3531700,"S"
"KBC","13:38:53",32.5,0.3,100,3530700,"S"
"KBC","13:38:53",32.45,0.25,100,3530600,"B"
"KBC","13:38:52",32.5,0.3,600,3530500,"S"
"KBC","13:38:45",32.5,0.3,1400,3529900,"B"
"KBC","13:38:43",32.55,0.35,300,3528500,"S"
"KBC","13:38:42",32.5,0.3,200,3528200,"B"
"KBC","13:38:34",32.55,0.35,600,3528000,"S"
"KBC","13:38:34",32.5,0.3,4400,3527400,"S"
"KBC","13:38:33",32.5,0.3,15600,3523000,"B"
"KBC","13:38:31",32.5,0.3,200,3507400,"B"
"KBC","13:38:30",32.5,0.3,2000,3507200,"B"
"KBC","13:38:26",32.5,0.3,200,3505200,"B"
"KBC","13:38:25",32.55,0.35,700,3505000,"S"
"KBC","13:38:24",32.55,0.35,100,3504300,"S"
"KBC","13:38:23",32.5,0.3,10000,3504200,"B"
"KBC","13:38:20",32.5,0.3,200,3494200,"B"
"KBC","13:38:10",32.5,0.3,100,3494000,"B"
"KBC","13:38:07",32.5,0.3,1000,3493900,"B"
"KBC","13:38:05",32.5,0.3,200,3492900,"B"
"KBC","13:38:00",32.5,0.3,100,3492700,"B"
"KBC","13:37:58",32.5,0.3,1000,3492600,"B"
"KBC","13:37:50",32.5,0.3,100,3491600,"B"
"KBC","13:37:49",32.5,0.3,1700,3491500,"B"
"KBC","13:37:39",32.5,0.3,200,3489800,"B"
"KBC","13:37:33",32.5,0.3,2000,3489600,"B"
"KBC","13:37:33",32.5,0.3,4000,3487600,"B"
"KBC","13:37:29",32.5,0.3,100,3483600,"B"
"KBC","13:37:18",32.5,0.3,200,3483500,"B"
"KBC","13:37:14",32.55,0.35,100,3483300,"S"
"KBC","13:37:07",32.5,0.3,200,3483200,"B"
"KBC","13:36:56",32.5,0.3,200,3483000,"B"
"KBC","13:36:53",32.5,0.3,800,3482800,"B"
"KBC","13:36:45",32.5,0.3,200,3482000,"B"
"KBC","13:36:38",32.5,0.3,1200,3481800,"S"
"KBC","13:36:36",32.5,0.3,5000,3480600,"S"
"KBC","13:36:35",32.5,0.3,600,3475600,"S"
"KBC","13:36:34",32.45,0.25,100,3475000,"B"
"KBC","13:36:33",32.5,0.3,500,3474900,"S"
"KBC","13:36:31",32.5,0.3,4400,3474400,"S"
"KBC","13:36:27",32.5,0.3,1000,3470000,"S"
"KBC","13:36:24",32.45,0.25,200,3469000,"B"
"KBC","13:36:21",32.5,0.3,9000,3468800,"S"
"KBC","13:36:18",32.5,0.3,1100,3459800,"S"
"KBC","13:36:13",32.45,0.25,100,3458700,"B"
"KBC","13:36:08",32.5,0.3,700,3458600,"S"
"KBC","13:36:04",32.5,0.3,100,3457900,"S"
"KBC","13:36:03",32.45,0.25,200,3457800,"B"
"KBC","13:35:52",32.45,0.25,200,3457600,"B"
"KBC","13:35:48",32.5,0.3,5500,3457400,"S"
"KBC","13:35:46",32.45,0.25,1000,3451900,"B"
"KBC","13:35:41",32.45,0.25,100,3450900,"B"
"KBC","13:35:31",32.45,0.25,100,3450800,"B"
"KBC","13:35:20",32.45,0.25,100,3450700,"B"
"KBC","13:35:10",32.45,0.25,100,3450600,"B"
"KBC","13:35:03",32.5,0.3,200,3450500,"S"
"KBC","13:35:00",32.45,0.25,100,3450300,"B"
"KBC","13:34:49",32.45,0.25,100,3450200,"B"
"KBC","13:34:48",32.45,0.25,1000,3450100,"B"
"KBC","13:34:39",32.45,0.25,100,3449100,"B"
"KBC","13:34:36",32.5,0.3,200,3449000,"S"
"KBC","13:34:29",32.45,0.25,200,3448800,"B"
"KBC","13:34:25",32.5,0.3,2700,3448600,"B"
"KBC","13:34:18",32.5,0.3,100,3445900,"B"
"KBC","13:34:17",32.5,0.3,11000,3445800,"B"
"KBC","13:34:15",32.5,0.3,3000,3434800,"B"
"KBC","13:34:11",32.5,0.3,13000,3431800,"B"
"KBC","13:34:08",32.5,0.3,100,3418800,"B"
"KBC","13:34:06",32.5,0.3,10000,3418700,"B"
"KBC","13:33:58",32.5,0.3,100,3408700,"B"
"KBC","13:33:49",32.5,0.3,1000,3408600,"B"
"KBC","13:33:47",32.5,0.3,100,3407600,"B"
"KBC","13:33:43",32.55,0.35,100,3407500,"S"
"KBC","13:33:37",32.5,0.3,100,3407400,"B"
"KBC","13:33:27",32.5,0.3,100,3407300,"B"
"KBC","13:33:26",32.5,0.3,2000,3407200,"B"
"KBC","13:33:20",32.5,0.3,200,3405200,"B"
"KBC","13:33:17",32.5,0.3,100,3405000,"B"
"KBC","13:33:11",32.5,0.3,200,3404900,"B"
"KBC","13:33:07",32.5,0.3,100,3404700,"B"
"KBC","13:33:06",32.5,0.3,100,3404600,"B"
"KBC","13:33:06",32.5,0.3,4800,3404500,"B"
"KBC","13:32:55",32.5,0.3,200,3399700,"B"
"KBC","13:32:44",32.5,0.3,100,3399500,"B"
"KBC","13:32:34",32.5,0.3,100,3399400,"B"
"KBC","13:32:34",32.55,0.35,100,3399300,"S"
"KBC","13:32:24",32.5,0.3,100,3399200,"B"
"KBC","13:32:22",32.5,0.3,600,3399100,"B"
"KBC","13:32:14",32.5,0.3,100,3398500,"B"
"KBC","13:32:08",32.5,0.3,8000,3398400,"B"
"KBC","13:32:03",32.5,0.3,200,3390400,"B"
"KBC","13:32:02",32.55,0.35,500,3390200,"S"
"KBC","13:31:52",32.5,0.3,100,3389700,"B"
"KBC","13:31:52",32.5,0.3,9600,3389600,"B"
"KBC","13:31:48",32.55,0.35,1000,3380000,"S"
"KBC","13:31:42",32.5,0.3,100,3379000,"B"
"KBC","13:31:38",32.55,0.35,100,3378900,"S"
"KBC","13:31:31",32.5,0.3,100,3378800,"B"
"KBC","13:31:24",32.55,0.35,100,3378700,"S"
"KBC","13:31:20",32.5,0.3,100,3378600,"B"
"KBC","13:31:10",32.5,0.3,100,3378500,"B"
"KBC","13:31:07",32.55,0.35,3100,3378400,"S"
"KBC","13:30:59",32.5,0.3,100,3375300,"B"
"KBC","13:30:51",32.5,0.3,200,3375200,"B"
"KBC","13:30:48",32.5,0.3,10100,3375000,"B"
"KBC","13:30:47",32.5,0.3,10000,3364900,"B"
"KBC","13:30:39",32.55,0.35,700,3354900,"S"
"KBC","13:30:38",32.5,0.3,100,3354200,"B"
"KBC","13:30:34",32.55,0.35,5000,3354100,"S"
"KBC","13:30:28",32.5,0.3,200,3349100,"B"
"KBC","13:30:16",32.5,0.3,100,3348900,"B"
"KBC","13:30:15",32.55,0.35,1000,3348800,"S"
"KBC","13:30:14",32.55,0.35,54500,3347800,"B"
"KBC","13:30:06",32.55,0.35,100,3293300,"B"
"KBC","13:30:01",32.55,0.35,10000,3293200,"B"
"KBC","13:29:56",32.55,0.35,100,3283200,"B"
"KBC","13:29:45",32.55,0.35,100,3283100,"B"
"KBC","13:29:35",32.55,0.35,100,3283000,"B"
"KBC","13:29:32",32.55,0.35,1000,3282900,"B"
"KBC","13:29:25",32.55,0.35,100,3281900,"B"
"KBC","13:29:14",32.55,0.35,100,3281800,"B"
"KBC","13:29:06",32.6,0.4,100,3281700,"S"
"KBC","13:29:03",32.55,0.35,200,3281600,"B"
"KBC","13:28:52",32.55,0.35,200,3281400,"B"
"KBC","13:28:42",32.55,0.35,100,3281200,"B"
"KBC","13:28:34",32.6,0.4,400,3281100,"S"
"KBC","13:28:31",32.55,0.35,100,3280700,"B"
"KBC","13:28:28",32.6,0.4,4300,3280600,"B"
"KBC","13:28:23",32.6,0.4,200,3276300,"S"
"KBC","13:28:22",32.6,0.4,800,3276100,"S"
"KBC","13:28:21",32.6,0.4,4200,3275300,"S"
"KBC","13:28:20",32.55,0.35,100,3271100,"B"
"KBC","13:28:15",32.6,0.4,700,3271000,"S"
"KBC","13:28:10",32.55,0.35,100,3270300,"B"
"KBC","13:28:09",32.6,0.4,5000,3270200,"S"
"KBC","13:28:08",32.6,0.4,600,3265200,"S"
"KBC","13:28:08",32.6,0.4,900,3264600,"S"
"KBC","13:28:05",32.6,0.4,800,3263700,"S"
"KBC","13:28:00",32.6,0.4,3000,3262900,"S"
"KBC","13:27:59",32.55,0.35,100,3259900,"B"
"KBC","13:27:57",32.6,0.4,400,3259800,"S"
"KBC","13:27:56",32.6,0.4,2000,3259400,"S"
"KBC","13:27:49",32.55,0.35,100,3257400,"B"
"KBC","13:27:48",32.6,0.4,100,3257300,"S"
"KBC","13:27:46",32.6,0.4,1500,3257200,"S"
"KBC","13:27:46",32.6,0.4,5000,3255700,"S"
"KBC","13:27:41",32.6,0.4,700,3250700,"S"
"KBC","13:27:39",32.55,0.35,100,3250000,"B"
"KBC","13:27:37",32.55,0.35,200,3249900,"B"
"KBC","13:27:29",32.6,0.4,1400,3249700,"S"
"KBC","13:27:28",32.55,0.35,100,3248300,"B"
"KBC","13:27:27",32.6,0.4,700,3248200,"S"
"KBC","13:27:18",32.6,0.4,500,3247500,"S"
"KBC","13:27:17",32.55,0.35,100,3247000,"B"
"KBC","13:27:12",32.6,0.4,2500,3246900,"B"
"KBC","13:27:11",32.6,0.4,100,3244400,"B"
"KBC","13:27:08",32.6,0.4,300,3244300,"B"
"KBC","13:27:07",32.6,0.4,100,3244000,"B"
"KBC","13:27:03",32.6,0.4,3400,3243900,"S"
"KBC","13:26:59",32.6,0.4,700,3240500,"S"
"KBC","13:26:58",32.6,0.4,900,3239800,"S"
"KBC","13:26:56",32.6,0.4,200,3238900,"B"
"KBC","13:26:55",32.6,0.4,100,3238700,"B"
"KBC","13:26:54",32.55,0.35,400,3238600,"B"
"KBC","13:26:54",32.6,0.4,6100,3238200,"B"
"KBC","13:26:48",32.6,0.4,2600,3232100,"S"
"KBC","13:26:46",32.55,0.35,100,3229500,"B"
"KBC","13:26:46",32.6,0.4,1000,3229400,"S"
"KBC","13:26:45",32.6,0.4,3200,3228400,"S"
"KBC","13:26:43",32.6,0.4,6000,3225200,"S"
"KBC","13:26:40",32.6,0.4,4000,3219200,"S"
"KBC","13:26:38",32.6,0.4,7200,3215200,"S"
"KBC","13:26:35",32.55,0.35,100,3208000,"B"
"KBC","13:26:34",32.6,0.4,800,3207900,"S"
"KBC","13:26:32",32.6,0.4,900,3207100,"S"
"KBC","13:26:32",32.6,0.4,500,3206200,"S"
"KBC","13:26:31",32.6,0.4,500,3205700,"S"
"KBC","13:26:28",32.6,0.4,10500,3205200,"S"
"KBC","13:26:24",32.6,0.4,2100,3194700,"S"
"KBC","13:26:24",32.55,0.35,100,3192600,"B"
"KBC","13:26:20",32.55,0.35,100,3192500,"B"
"KBC","13:26:19",32.6,0.4,4000,3192400,"S"
"KBC","13:26:18",32.6,0.4,1000,3188400,"S"
"KBC","13:26:17",32.6,0.4,1000,3187400,"S"
"KBC","13:26:16",32.6,0.4,400,3186400,"S"
"KBC","13:26:15",32.6,0.4,1000,3186000,"S"
"KBC","13:26:14",32.6,0.4,5000,3185000,"S"
"KBC","13:26:13",32.55,0.35,100,3180000,"B"
"KBC","13:26:12",32.6,0.4,8300,3179900,"S"
"KBC","13:26:09",32.6,0.4,2500,3171600,"S"
"KBC","13:26:08",32.6,0.4,20000,3169100,"S"
"KBC","13:26:06",32.6,0.4,500,3149100,"S"
"KBC","13:26:04",32.6,0.4,700,3148600,"S"
"KBC","13:26:03",32.6,0.4,10000,3147900,"S"
"KBC","13:26:03",32.55,0.35,100,3137900,"B"
"KBC","13:26:00",32.6,0.4,30000,3137800,"S"
"KBC","13:25:59",32.6,0.4,200,3107800,"S"
"KBC","13:25:54",32.6,0.4,10000,3107600,"S"
"KBC","13:25:54",32.6,0.4,10000,3097600,"S"
"KBC","13:25:54",32.55,0.35,100,3087600,"B"
"KBC","13:25:53",32.55,0.35,1000,3087500,"B"
"KBC","13:25:53",32.6,0.4,2800,3086500,"S"
"KBC","13:25:47",32.6,0.4,300,3083700,"S"
"KBC","13:25:46",32.6,0.4,200,3083400,"S"
"KBC","13:25:45",32.55,0.35,100,3083200,"B"
"KBC","13:25:43",32.6,0.4,500,3083100,"S"
"KBC","13:25:42",32.6,0.4,1000,3082600,"S"
"KBC","13:25:42",32.6,0.4,10000,3081600,"S"
"KBC","13:25:41",32.6,0.4,100,3071600,"S"
"KBC","13:25:37",32.6,0.4,600,3071500,"S"
"KBC","13:25:35",32.6,0.4,500,3070900,"S"
"KBC","13:25:33",32.55,0.35,100,3070400,"B"
"KBC","13:25:32",32.6,0.4,10000,3070300,"S"
"KBC","13:25:28",32.55,0.35,1000,3060300,"B"
"KBC","13:25:15",32.6,0.4,1000,3059300,"S"
"KBC","13:25:10",32.6,0.4,700,3058300,"S"
"KBC","13:25:05",32.6,0.4,100,3057600,"S"
"KBC","13:24:54",32.6,0.4,1500,3057500,"S"
"KBC","13:24:44",32.6,0.4,1600,3056000,"S"
"KBC","13:24:43",32.6,0.4,300,3054400,"S"
"KBC","13:24:42",32.6,0.4,700,3054100,"S"
"KBC","13:24:34",32.6,0.4,100,3053400,"S"
"KBC","13:24:30",32.6,0.4,100,3053300,"S"
"KBC","13:23:25",32.55,0.35,500,3053200,"B"
"KBC","13:23:22",32.6,0.4,100,3052700,"S"
"KBC","13:23:02",32.55,0.35,2200,3052600,"S"
"KBC","13:23:00",32.55,0.35,5000,3050400,"S"
"KBC","13:22:58",32.55,0.35,200,3045400,"S"
"KBC","13:22:54",32.55,0.35,100,3045200,"S"
"KBC","13:22:52",32.55,0.35,700,3045100,"S"
"KBC","13:22:50",32.55,0.35,5000,3044400,"S"
"KBC","13:22:33",32.55,0.35,100,3039400,"S"
"KBC","13:22:32",32.55,0.35,100,3039300,"S"
"KBC","13:22:32",32.55,0.35,5000,3039200,"S"
"KBC","13:22:25",32.55,0.35,700,3034200,"S"
"KBC","13:22:21",32.55,0.35,34400,3033500,"S"
"KBC","13:22:18",32.55,0.35,1000,2999100,"S"
"KBC","13:22:14",32.55,0.35,100,2998100,"S"
"KBC","13:22:12",32.55,0.35,300,2998000,"S"
"KBC","13:22:10",32.55,0.35,1000,2997700,"S"
"KBC","13:22:05",32.55,0.35,2000,2996700,"S"
"KBC","13:21:58",32.55,0.35,700,2994700,"S"
"KBC","13:21:55",32.55,0.35,3000,2994000,"S"
"KBC","13:21:52",32.55,0.35,7000,2991000,"S"
"KBC","13:21:44",32.55,0.35,100,2984000,"S"
"KBC","13:21:35",32.55,0.35,100,2983900,"S"
"KBC","13:21:30",32.55,0.35,700,2983800,"S"
"KBC","13:21:16",32.55,0.35,700,2983100,"S"
"KBC","13:21:13",32.55,0.35,500,2982400,"S"
"KBC","13:21:06",32.55,0.35,100,2981900,"S"
"KBC","13:21:03",32.55,0.35,600,2981800,"S"
"KBC","13:20:59",32.55,0.35,1900,2981200,"S"
"KBC","13:20:58",32.55,0.35,3000,2979300,"S"
"KBC","13:20:56",32.55,0.35,10500,2976300,"B"
"KBC","13:20:37",32.55,0.35,500,2965800,"B"
"KBC","13:20:31",32.55,0.35,100,2965300,"B"
"KBC","13:20:26",32.6,0.4,1000,2965200,"S"
"KBC","13:20:18",32.55,0.35,14100,2964200,"S"
"KBC","13:20:17",32.55,0.35,100,2950100,"S"
"KBC","13:20:16",32.55,0.35,500,2950000,"S"
"KBC","13:20:10",32.55,0.35,5000,2949500,"S"
"KBC","13:20:09",32.55,0.35,1000,2944500,"S"
"KBC","13:20:08",32.55,0.35,700,2943500,"S"
"KBC","13:20:03",32.55,0.35,100,2942800,"S"
"KBC","13:20:01",32.55,0.35,6000,2942700,"S"
"KBC","13:20:00",32.55,0.35,100,2936700,"S"
"KBC","13:19:58",32.55,0.35,100,2936600,"S"
"KBC","13:19:50",32.55,0.35,100,2936500,"S"
"KBC","13:19:45",32.55,0.35,6000,2936400,"S"
"KBC","13:19:45",32.55,0.35,4000,2930400,"S"
"KBC","13:19:41",32.55,0.35,700,2926400,"S"
"KBC","13:19:38",32.55,0.35,5000,2925700,"S"
"KBC","13:19:13",32.55,0.35,3000,2920700,"S"
"KBC","13:19:10",32.5,0.3,300,2917700,"B"
"KBC","13:19:07",32.5,0.3,300,2917400,"B"
"KBC","13:19:05",32.5,0.3,30000,2917100,"B"
"KBC","13:19:02",32.55,0.35,100,2887100,"S"
"KBC","13:18:52",32.55,0.35,1000,2887000,"S"
"KBC","13:18:50",32.55,0.35,100,2886000,"S"
"KBC","13:18:46",32.55,0.35,600,2885900,"S"
"KBC","13:18:44",32.55,0.35,500,2885300,"S"
"KBC","13:18:34",32.55,0.35,8000,2884800,"S"
"KBC","13:18:31",32.5,0.3,400,2876800,"B"
"KBC","13:18:12",32.5,0.3,400,2876400,"B"
"KBC","13:18:01",32.55,0.35,500,2876000,"S"
"KBC","13:17:59",32.55,0.35,1000,2875500,"S"
"KBC","13:17:51",32.55,0.35,700,2874500,"S"
"KBC","13:17:48",32.55,0.35,100,2873800,"S"
"KBC","13:17:43",32.55,0.35,100,2873700,"S"
"KBC","13:17:42",32.55,0.35,100,2873600,"S"
"KBC","13:17:42",32.5,0.3,30000,2873500,"B"
"KBC","13:17:40",32.55,0.35,5000,2843500,"S"
"KBC","13:17:40",32.55,0.35,2000,2838500,"S"
"KBC","13:17:35",32.55,0.35,2000,2836500,"S"
"KBC","13:17:30",32.55,0.35,300,2834500,"S"
"KBC","13:17:28",32.55,0.35,5000,2834200,"S"
"KBC","13:17:23",32.55,0.35,700,2829200,"S"
"KBC","13:17:18",32.55,0.35,600,2828500,"S"
"KBC","13:17:17",32.55,0.35,200,2827900,"S"
"KBC","13:17:10",32.55,0.35,1000,2827700,"S"
"KBC","13:16:56",32.55,0.35,700,2826700,"S"
"KBC","13:16:55",32.55,0.35,500,2826000,"S"
"KBC","13:16:52",32.55,0.35,100,2825500,"S"
"KBC","13:16:40",32.55,0.35,200,2825400,"S"
"KBC","13:16:37",32.55,0.35,2700,2825200,"S"
"KBC","13:16:34",32.55,0.35,100,2822500,"S"
"KBC","13:16:22",32.5,0.3,100,2822400,"B"
"KBC","13:16:15",32.55,0.35,400,2822300,"S"
"KBC","13:16:02",32.5,0.3,200,2821900,"B"
"KBC","13:15:57",32.5,0.3,1200,2821700,"B"
"KBC","13:15:31",32.5,0.3,500,2820500,"B"
"KBC","13:15:27",32.55,0.35,100,2820000,"S"
"KBC","13:15:13",32.55,0.35,200,2819900,"S"
"KBC","13:15:10",32.55,0.35,900,2819700,"S"
"KBC","13:15:06",32.55,0.35,500,2818800,"S"
"KBC","13:15:06",32.55,0.35,700,2818300,"S"
"KBC","13:15:05",32.55,0.35,2000,2817600,"S"
"KBC","13:15:02",32.55,0.35,1600,2815600,"S"
"KBC","13:15:01",32.5,0.3,300,2814000,"B"
"KBC","13:15:01",32.55,0.35,100,2813700,"S"
"KBC","13:14:50",32.55,0.35,900,2813600,"S"
"KBC","13:14:46",32.55,0.35,5000,2812700,"S"
"KBC","13:14:39",32.55,0.35,600,2807700,"S"
"KBC","13:14:38",32.55,0.35,600,2807100,"S"
"KBC","13:14:20",32.55,0.35,100,2806500,"S"
"KBC","13:14:19",32.55,0.35,200,2806400,"S"
"KBC","13:14:19",32.5,0.3,500,2806200,"B"
"KBC","13:14:12",32.55,0.35,700,2805700,"S"
"KBC","13:14:02",32.55,0.35,500,2805000,"S"
"KBC","13:13:49",32.55,0.35,1000,2804500,"S"
"KBC","13:13:47",32.5,0.3,500,2803500,"B"
"KBC","13:13:44",32.55,0.35,700,2803000,"S"
"KBC","13:13:40",32.55,0.35,600,2802300,"S"
"KBC","13:13:37",32.55,0.35,300,2801700,"S"
"KBC","13:13:17",32.55,0.35,700,2801400,"S"
"KBC","13:13:15",32.55,0.35,4000,2800700,"S"
"KBC","13:13:13",32.55,0.35,100,2796700,"S"
"KBC","13:12:59",32.5,0.3,200,2796600,"B"
"KBC","13:12:40",32.5,0.3,200,2796400,"B"
"KBC","13:12:35",32.5,0.3,600,2796200,"B"
"KBC","13:12:33",32.5,0.3,400,2795600,"B"
"KBC","13:12:22",32.55,0.35,600,2795200,"S"
"KBC","13:12:11",32.55,0.35,9500,2794600,"S"
"KBC","13:12:05",32.55,0.35,100,2785100,"S"
"KBC","13:12:01",32.55,0.35,200,2785000,"S"
"KBC","13:11:52",32.5,0.3,500,2784800,"B"
"KBC","13:11:44",32.55,0.35,2000,2784300,"S"
"KBC","13:11:38",32.5,0.3,200,2782300,"B"
"KBC","13:11:27",32.55,0.35,700,2782100,"S"
"KBC","13:11:00",32.55,0.35,700,2781400,"S"
"KBC","13:10:58",32.55,0.35,100,2780700,"S"
"KBC","13:10:47",32.55,0.35,10600,2780600,"S"
"KBC","13:10:36",32.55,0.35,300,2770000,"S"
"KBC","13:10:32",32.55,0.35,700,2769700,"S"
"KBC","13:10:26",32.55,0.35,3000,2769000,"S"
"KBC","13:10:19",32.55,0.35,10000,2766000,"S"
"KBC","13:10:09",32.55,0.35,100,2756000,"S"
"KBC","13:10:08",32.55,0.35,400,2755900,"S"
"KBC","13:10:05",32.55,0.35,600,2755500,"S"
"KBC","13:09:53",32.55,0.35,1000,2754900,"S"
"KBC","13:09:51",32.55,0.35,100,2753900,"S"
"KBC","13:09:47",32.55,0.35,1900,2753800,"S"
"KBC","13:09:45",32.55,0.35,3500,2751900,"S"
"KBC","13:09:38",32.55,0.35,100,2748400,"S"
"KBC","13:09:37",32.55,0.35,700,2748300,"S"
"KBC","13:09:30",32.55,0.35,500,2747600,"S"
"KBC","13:09:27",32.55,0.35,600,2747100,"S"
"KBC","13:09:24",32.55,0.35,100,2746500,"S"
"KBC","13:09:19",32.55,0.35,100,2746400,"S"
"KBC","13:09:16",32.55,0.35,5000,2746300,"S"
"KBC","13:09:15",32.55,0.35,500,2741300,"S"
"KBC","13:09:10",32.55,0.35,1900,2740800,"S"
"KBC","13:08:55",32.55,0.35,1000,2738900,"S"
"KBC","13:08:44",32.55,0.35,100,2737900,"S"
"KBC","13:08:42",32.55,0.35,700,2737800,"S"
"KBC","13:08:41",32.55,0.35,100,2737100,"S"
"KBC","13:08:30",32.55,0.35,100,2737000,"S"
"KBC","13:08:18",32.55,0.35,500,2736900,"S"
"KBC","13:08:15",32.55,0.35,700,2736400,"S"
"KBC","13:08:14",32.55,0.35,100,2735700,"S"
"KBC","13:08:07",32.55,0.35,900,2735600,"S"
"KBC","13:07:56",32.5,0.3,5000,2734700,"B"
"KBC","13:07:52",32.55,0.35,1500,2729700,"S"
"KBC","13:07:48",32.55,0.35,600,2728200,"S"
"KBC","13:07:39",32.55,0.35,100,2727600,"S"
"KBC","13:07:32",32.5,0.3,1000,2727500,"B"
"KBC","13:07:15",32.5,0.3,100,2726500,"B"
"KBC","13:06:41",32.5,0.3,5300,2726400,"S"
"KBC","13:06:37",32.5,0.3,1900,2721100,"S"
"KBC","13:06:32",32.5,0.3,40000,2719200,"S"
"KBC","13:06:31",32.5,0.3,100,2679200,"S"
"KBC","13:06:29",32.5,0.3,500,2679100,"S"
"KBC","13:06:25",32.5,0.3,700,2678600,"S"
"KBC","13:06:24",32.5,0.3,7000,2677900,"S"
"KBC","13:06:20",32.5,0.3,200,2670900,"S"
"KBC","13:06:17",32.5,0.3,500,2670700,"S"
"KBC","13:06:16",32.5,0.3,500,2670200,"S"
"KBC","13:06:06",32.5,0.3,1000,2669700,"S"
"KBC","13:05:58",32.5,0.3,700,2668700,"S"
"KBC","13:05:31",32.5,0.3,600,2668000,"S"
"KBC","13:05:14",32.5,0.3,500,2667400,"S"
"KBC","13:05:13",32.45,0.25,100,2666900,"B"
"KBC","13:05:12",32.45,0.25,200,2666800,"B"
"KBC","13:05:08",32.45,0.25,100,2666600,"B"
"KBC","13:05:06",32.45,0.25,200,2666500,"B"
"KBC","13:05:03",32.45,0.25,300,2666300,"B"
"KBC","13:05:02",32.45,0.25,700,2666000,"B"
"KBC","13:04:41",32.45,0.25,500,2665300,"B"
"KBC","13:04:36",32.45,0.25,100,2664800,"S"
"KBC","13:04:34",32.45,0.25,200,2664700,"B"
"KBC","13:04:32",32.45,0.25,5000,2664500,"B"
"KBC","13:04:23",32.45,0.25,2000,2659500,"B"
"KBC","13:04:18",32.5,0.3,100,2657500,"S"
"KBC","13:04:18",32.45,0.25,100,2657400,"B"
"KBC","13:04:12",32.5,0.3,1300,2657300,"S"
"KBC","13:04:08",32.45,0.25,200,2656000,"B"
"KBC","13:04:08",32.5,0.3,700,2655800,"S"
"KBC","13:03:52",32.5,0.3,1500,2655100,"S"
"KBC","13:03:41",32.5,0.3,1100,2653600,"S"
"KBC","13:03:30",32.5,0.3,800,2652500,"S"
"KBC","13:03:20",32.5,0.3,1700,2651700,"S"
"KBC","13:03:14",32.5,0.3,1000,2650000,"S"
"KBC","13:03:13",32.5,0.3,600,2649000,"S"
"KBC","13:03:12",32.5,0.3,100,2648400,"S"
"KBC","13:03:01",32.5,0.3,4700,2648300,"S"
"KBC","13:02:48",32.5,0.3,1000,2643600,"S"
"KBC","13:02:37",32.45,0.25,400,2642600,"B"
"KBC","13:02:27",32.5,0.3,1200,2642200,"S"
"KBC","13:02:19",32.5,0.3,700,2641000,"S"
"KBC","13:02:16",32.5,0.3,1600,2640300,"S"
"KBC","13:02:10",32.45,0.25,400,2638700,"B"
"KBC","13:02:08",32.5,0.3,100,2638300,"S"
"KBC","13:02:06",32.5,0.3,200,2638200,"S"
"KBC","13:02:02",32.45,0.25,300,2638000,"B"
"KBC","13:02:02",32.5,0.3,13300,2637700,"S"
"KBC","13:01:58",32.45,0.25,1000,2624400,"B"
"KBC","13:01:52",32.45,0.25,100,2623400,"B"
"KBC","13:01:51",32.45,0.25,800,2623300,"S"
"KBC","13:01:48",32.45,0.25,4700,2622500,"S"
"KBC","13:01:47",32.45,0.25,5700,2617800,"S"
"KBC","13:01:41",32.45,0.25,600,2612100,"S"
"KBC","13:01:34",32.45,0.25,100,2611500,"S"
"KBC","13:01:32",32.4,0.2,6300,2611400,"B"
"KBC","13:01:28",32.45,0.25,200,2605100,"S"
"KBC","13:01:22",32.4,0.2,100,2604900,"B"
"KBC","13:01:06",32.45,0.25,200,2604800,"S"
"KBC","13:00:59",32.45,0.25,300,2604600,"S"
"KBC","13:00:56",32.45,0.25,600,2604300,"S"
"KBC","13:00:25",32.45,0.25,300,2603700,"S"
"KBC","13:00:21",32.45,0.25,900,2603400,"S"
"KBC","13:00:14",32.45,0.25,44400,2602500,"S"
"KBC","13:00:14",32.4,0.2,11600,2558100,"S"
"KBC","13:00:11",32.4,0.2,1000,2546500,"S"
"KBC","13:00:09",32.4,0.2,2600,2545500,"S"
"KBC","13:00:09",32.35,0.15,400,2542900,"S"
"KBC","13:00:06",32.35,0.15,1000,2542500,"S"
"KBC","13:00:05",32.35,0.15,1000,2541500,"S"
"KBC","13:00:05",32.3,0.1,1100,2540500,"B"
"KBC","13:00:05",32.35,0.15,47600,2539400,"B"
"KBC","13:00:03",32.4,0.2,500,2491800,"S"
"KBC","13:00:02",32.4,0.2,5500,2491300,"S"
"KBC","13:00:01",32.4,0.2,7600,2485800,"B"
"KBC","13:00:01",32.45,0.25,1200,2478200,"S"
"KBC","13:00:01",32.4,0.2,29100,2477000,"B"
"KBC","13:00:00",32.45,0.25,200,2447900,"S"
"KBC","11:29:51",32.4,0.2,5000,2447700,"B"
"KBC","11:29:49",32.45,0.25,500,2442700,"S"
"KBC","11:29:41",32.45,0.25,200,2442200,"S"
"KBC","11:29:22",32.4,0.2,1600,2442000,"B"
"KBC","11:28:35",32.4,0.2,200,2440400,"B"
"KBC","11:27:58",32.4,0.2,100,2440200,"B"
"KBC","11:27:54",32.45,0.25,1000,2440100,"S"
"KBC","11:27:44",32.45,0.25,700,2439100,"S"
"KBC","11:27:35",32.45,0.25,200,2438400,"S"
"KBC","11:26:19",32.4,0.2,500,2438200,"B"
"KBC","11:25:56",32.4,0.2,100,2437700,"B"
"KBC","11:25:38",32.4,0.2,4000,2437600,"B"
"KBC","11:25:27",32.45,0.25,700,2433600,"S"
"KBC","11:25:10",32.45,0.25,100,2432900,"S"
"KBC","11:25:00",32.45,0.25,700,2432800,"S"
"KBC","11:24:58",32.45,0.25,1000,2432100,"S"
"KBC","11:24:28",32.4,0.2,2400,2431100,"B"
"KBC","11:24:26",32.4,0.2,1800,2428700,"S"
"KBC","11:24:14",32.4,0.2,100,2426900,"S"
"KBC","11:24:14",32.4,0.2,200,2426800,"S"
"KBC","11:24:05",32.4,0.2,700,2426600,"S"
"KBC","11:24:04",32.4,0.2,100,2425900,"S"
"KBC","11:24:01",32.4,0.2,400,2425800,"S"
"KBC","11:23:53",32.4,0.2,100,2425400,"S"
"KBC","11:23:38",32.4,0.2,700,2425300,"S"
"KBC","11:23:37",32.4,0.2,2000,2424600,"S"
"KBC","11:23:33",32.4,0.2,2600,2422600,"S"
"KBC","11:23:17",32.4,0.2,11600,2420000,"B"
"KBC","11:23:10",32.45,0.25,700,2408400,"S"
"KBC","11:23:06",32.45,0.25,100,2407700,"S"
"KBC","11:22:57",32.4,0.2,100,2407600,"B"
"KBC","11:22:55",32.4,0.2,300,2407500,"B"
"KBC","11:22:44",32.4,0.2,100,2407200,"B"
"KBC","11:22:26",32.4,0.2,100,2407100,"B"
"KBC","11:22:24",32.4,0.2,3500,2407000,"B"
"KBC","11:22:23",32.4,0.2,900,2403500,"B"
"KBC","11:22:11",32.4,0.2,100,2402600,"B"
"KBC","11:22:09",32.4,0.2,100,2402500,"B"
"KBC","11:21:57",32.4,0.2,100,2402400,"B"
"KBC","11:21:52",32.4,0.2,100,2402300,"B"
"KBC","11:21:51",32.4,0.2,100,2402200,"B"
"KBC","11:21:46",32.4,0.2,100,2402100,"B"
"KBC","11:21:45",32.4,0.2,200,2402000,"B"
"KBC","11:21:40",32.4,0.2,200,2401800,"B"
"KBC","11:21:36",32.4,0.2,100,2401600,"B"
"KBC","11:21:31",32.4,0.2,100,2401500,"B"
"KBC","11:21:30",32.4,0.2,100,2401400,"B"
"KBC","11:21:20",32.4,0.2,100,2401300,"B"
"KBC","11:21:15",32.4,0.2,100,2401200,"B"
"KBC","11:21:12",32.4,0.2,100,2401100,"B"
"KBC","11:21:09",32.4,0.2,100,2401000,"B"
"KBC","11:21:06",32.4,0.2,100,2400900,"B"
"KBC","11:20:58",32.4,0.2,2000,2400800,"S"
"KBC","11:20:54",32.4,0.2,10300,2398800,"S"
"KBC","11:20:48",32.35,0.15,100,2388500,"B"
"KBC","11:20:47",32.35,0.15,100,2388400,"B"
"KBC","11:20:46",32.4,0.2,13000,2388300,"S"
"KBC","11:20:45",32.35,0.15,100,2375300,"B"
"KBC","11:20:44",32.35,0.15,200,2375200,"B"
"KBC","11:20:41",32.35,0.15,100,2375000,"B"
"KBC","11:20:39",32.35,0.15,100,2374900,"B"
"KBC","11:20:39",32.35,0.15,300,2374800,"B"
"KBC","11:20:36",32.35,0.15,100,2374500,"B"
"KBC","11:20:32",32.35,0.15,200,2374400,"B"
"KBC","11:20:27",32.35,0.15,200,2374200,"B"
"KBC","11:20:26",32.4,0.2,700,2374000,"S"
"KBC","11:20:25",32.4,0.2,16200,2373300,"B"
"KBC","11:20:23",32.4,0.2,100,2357100,"B"
"KBC","11:20:20",32.4,0.2,300,2357000,"B"
"KBC","11:20:16",32.4,0.2,100,2356700,"B"
"KBC","11:20:16",32.45,0.25,5000,2356600,"S"
"KBC","11:20:09",32.4,0.2,700,2351600,"B"
"KBC","11:20:01",32.4,0.2,200,2350900,"B"
"KBC","11:19:59",32.4,0.2,100,2350700,"B"
"KBC","11:19:55",32.4,0.2,100,2350600,"B"
"KBC","11:19:53",32.4,0.2,100,2350500,"B"
"KBC","11:19:52",32.4,0.2,100,2350400,"B"
"KBC","11:19:51",32.4,0.2,1600,2350300,"B"
"KBC","11:19:50",32.4,0.2,100,2348700,"B"
"KBC","11:19:48",32.4,0.2,14400,2348600,"B"
"KBC","11:19:46",32.4,0.2,100,2334200,"B"
"KBC","11:19:44",32.4,0.2,200,2334100,"B"
"KBC","11:19:44",32.4,0.2,600,2333900,"B"
"KBC","11:19:41",32.4,0.2,100,2333300,"B"
"KBC","11:19:36",32.4,0.2,100,2333200,"B"
"KBC","11:19:35",32.4,0.2,100,2333100,"B"
"KBC","11:19:33",32.4,0.2,100,2333000,"B"
"KBC","11:19:14",32.4,0.2,100,2332900,"B"
"KBC","11:19:14",32.4,0.2,300,2332800,"B"
"KBC","11:19:12",32.4,0.2,100,2332500,"B"
"KBC","11:19:09",32.4,0.2,100,2332400,"B"
"KBC","11:19:08",32.4,0.2,100,2332300,"B"
"KBC","11:19:07",32.4,0.2,900,2332200,"B"
"KBC","11:19:01",32.4,0.2,100,2331300,"B"
"KBC","11:19:00",32.4,0.2,300,2331200,"B"
"KBC","11:18:50",32.4,0.2,200,2330900,"B"
"KBC","11:18:49",32.4,0.2,35000,2330700,"B"
"KBC","11:18:47",32.4,0.2,100,2295700,"B"
"KBC","11:18:45",32.4,0.2,200,2295600,"B"
"KBC","11:18:45",32.4,0.2,100,2295400,"B"
"KBC","11:18:43",32.4,0.2,100,2295300,"B"
"KBC","11:18:42",32.4,0.2,100,2295200,"B"
"KBC","11:18:40",32.4,0.2,100,2295100,"B"
"KBC","11:18:39",32.45,0.25,100,2295000,"S"
"KBC","11:18:34",32.4,0.2,10000,2294900,"B"
"KBC","11:18:31",32.4,0.2,100,2284900,"B"
"KBC","11:18:29",32.4,0.2,200,2284800,"B"
"KBC","11:18:14",32.4,0.2,200,2284600,"B"
"KBC","11:17:49",32.4,0.2,200,2284400,"B"
"KBC","11:17:35",32.4,0.2,10000,2284200,"B"
"KBC","11:17:35",32.45,0.25,3000,2274200,"S"
"KBC","11:17:14",32.45,0.25,700,2271200,"S"
"KBC","11:17:04",32.45,0.25,2200,2270500,"S"
"KBC","11:17:03",32.45,0.25,700,2268300,"S"
"KBC","11:16:46",32.45,0.25,700,2267600,"S"
"KBC","11:16:26",32.45,0.25,100,2266900,"S"
"KBC","11:16:20",32.45,0.25,1000,2266800,"S"
"KBC","11:16:12",32.4,0.2,1000,2265800,"B"
"KBC","11:16:09",32.45,0.25,100,2264800,"S"
"KBC","11:16:07",32.45,0.25,3600,2264700,"S"
"KBC","11:15:51",32.45,0.25,700,2261100,"S"
"KBC","11:15:43",32.45,0.25,1000,2260400,"S"
"KBC","11:15:40",32.45,0.25,300,2259400,"S"
"KBC","11:15:14",32.4,0.2,1000,2259100,"B"
"KBC","11:14:57",32.45,0.25,700,2258100,"S"
"KBC","11:14:35",32.45,0.25,500,2257400,"S"
"KBC","11:14:29",32.45,0.25,700,2256900,"S"
"KBC","11:14:13",32.45,0.25,100,2256200,"S"
"KBC","11:14:09",32.45,0.25,4000,2256100,"B"
"KBC","11:14:08",32.45,0.25,100,2252100,"B"
"KBC","11:14:02",32.5,0.3,700,2252000,"S"
"KBC","11:13:59",32.5,0.3,100,2251300,"S"
"KBC","11:13:35",32.5,0.3,1000,2251200,"S"
"KBC","11:13:34",32.45,0.25,800,2250200,"B"
"KBC","11:13:07",32.45,0.25,700,2249400,"S"
"KBC","11:13:05",32.45,0.25,2000,2248700,"S"
"KBC","11:13:01",32.45,0.25,2000,2246700,"S"
"KBC","11:12:57",32.45,0.25,4800,2244700,"S"
"KBC","11:12:45",32.45,0.25,200,2239900,"S"
"KBC","11:12:40",32.45,0.25,700,2239700,"S"
"KBC","11:12:39",32.45,0.25,600,2239000,"S"
"KBC","11:12:12",32.45,0.25,700,2238400,"S"
"KBC","11:12:04",32.5,0.3,200,2237700,"S"
"KBC","11:12:04",32.45,0.25,800,2237500,"S"
"KBC","11:11:45",32.45,0.25,700,2236700,"S"
"KBC","11:11:20",32.45,0.25,1000,2236000,"B"
"KBC","11:11:09",32.45,0.25,100,2235000,"B"
"KBC","11:11:05",32.45,0.25,1500,2234900,"B"
"KBC","11:11:05",32.45,0.25,500,2233400,"B"
"KBC","11:11:01",32.45,0.25,100,2232900,"B"
"KBC","11:10:59",32.45,0.25,100,2232800,"B"
"KBC","11:10:40",32.45,0.25,200,2232700,"B"
"KBC","11:10:38",32.45,0.25,1000,2232500,"B"
"KBC","11:10:37",32.5,0.3,500,2231500,"S"
"KBC","11:10:22",32.5,0.3,700,2231000,"S"
"KBC","11:10:20",32.5,0.3,5500,2230300,"S"
"KBC","11:10:12",32.45,0.25,5000,2224800,"B"
"KBC","11:09:55",32.5,0.3,700,2219800,"S"
"KBC","11:09:53",32.5,0.3,400,2219100,"S"
"KBC","11:09:53",32.5,0.3,5200,2218700,"S"
"KBC","11:09:37",32.45,0.25,100,2213500,"B"
"KBC","11:09:28",32.5,0.3,700,2213400,"S"
"KBC","11:09:26",32.5,0.3,5500,2212700,"S"
"KBC","11:08:59",32.45,0.25,300,2207200,"B"
"KBC","11:08:59",32.5,0.3,5700,2206900,"S"
"KBC","11:08:59",32.45,0.25,100,2201200,"B"
"KBC","11:08:50",32.45,0.25,100,2201100,"B"
"KBC","11:08:44",32.45,0.25,400,2201000,"B"
"KBC","11:08:43",32.5,0.3,3000,2200600,"S"
"KBC","11:08:33",32.45,0.25,100,2197600,"B"
"KBC","11:08:32",32.5,0.3,5800,2197500,"S"
"KBC","11:08:11",32.45,0.25,100,2191700,"B"
"KBC","11:08:06",32.5,0.3,1000,2191600,"S"
"KBC","11:08:05",32.5,0.3,4700,2190600,"S"
"KBC","11:08:05",32.45,0.25,100,2185900,"B"
"KBC","11:07:45",32.45,0.25,300,2185800,"B"
"KBC","11:07:38",32.5,0.3,4200,2185500,"S"
"KBC","11:07:32",32.45,0.25,1300,2181300,"B"
"KBC","11:07:27",32.45,0.25,2000,2180000,"B"
"KBC","11:07:12",32.45,0.25,300,2178000,"B"
"KBC","11:07:11",32.5,0.3,5800,2177700,"S"
"KBC","11:07:08",32.45,0.25,3100,2171900,"B"
"KBC","11:06:50",32.5,0.3,500,2168800,"S"
"KBC","11:06:45",32.5,0.3,5800,2168300,"S"
"KBC","11:06:43",32.5,0.3,600,2162500,"S"
"KBC","11:06:34",32.5,0.3,2000,2161900,"S"
"KBC","11:06:27",32.5,0.3,300,2159900,"S"
"KBC","11:06:24",32.5,0.3,1000,2159600,"S"
"KBC","11:06:17",32.5,0.3,5400,2158600,"S"
"KBC","11:06:16",32.5,0.3,700,2153200,"S"
"KBC","11:05:50",32.5,0.3,5700,2152500,"S"
"KBC","11:05:48",32.5,0.3,700,2146800,"S"
"KBC","11:05:24",32.5,0.3,100,2146100,"S"
"KBC","11:05:23",32.5,0.3,5400,2146000,"S"
"KBC","11:05:11",32.45,0.25,1000,2140600,"B"
"KBC","11:04:57",32.5,0.3,2700,2139600,"S"
"KBC","11:04:49",32.45,0.25,3100,2136900,"B"
"KBC","11:04:33",32.45,0.25,200,2133800,"B"
"KBC","11:04:29",32.5,0.3,3800,2133600,"S"
"KBC","11:04:25",32.45,0.25,3200,2129800,"B"
"KBC","11:04:12",32.45,0.25,1700,2126600,"B"
"KBC","11:04:02",32.5,0.3,5400,2124900,"S"
"KBC","11:03:51",32.45,0.25,800,2119500,"S"
"KBC","11:03:51",32.4,0.2,300,2118700,"B"
"KBC","11:03:35",32.45,0.25,5600,2118400,"S"
"KBC","11:03:31",32.45,0.25,700,2112800,"S"
"KBC","11:03:13",32.45,0.25,2000,2112100,"S"
"KBC","11:03:08",32.45,0.25,5400,2110100,"S"
"KBC","11:03:04",32.4,0.2,4500,2104700,"B"
"KBC","11:02:54",32.4,0.2,400,2100200,"B"
"KBC","11:02:20",32.4,0.2,100,2099800,"B"
"KBC","11:02:15",32.45,0.25,2400,2099700,"S"
"KBC","11:02:09",32.45,0.25,700,2097300,"S"
"KBC","11:02:03",32.45,0.25,500,2096600,"S"
"KBC","11:01:49",32.45,0.25,2000,2096100,"S"
"KBC","11:01:08",32.4,0.2,500,2094100,"B"
"KBC","11:00:44",32.4,0.2,1000,2093600,"B"
"KBC","11:00:25",32.4,0.2,200,2092600,"B"
"KBC","11:00:15",32.4,0.2,2400,2092400,"B"
"KBC","11:00:13",32.4,0.2,100,2090000,"B"
"KBC","11:00:10",32.4,0.2,23200,2089900,"B"
"KBC","11:00:00",32.4,0.2,1000,2066700,"B"
"KBC","10:59:21",32.4,0.2,39200,2065700,"B"
"KBC","10:59:21",32.45,0.25,10800,2026500,"B"
"KBC","10:59:16",32.45,0.25,1000,2015700,"B"
"KBC","10:59:07",32.5,0.3,2000,2014700,"S"
"KBC","10:59:06",32.45,0.25,3100,2012700,"B"
"KBC","10:58:57",32.5,0.3,700,2009600,"S"
"KBC","10:58:30",32.5,0.3,700,2008900,"S"
"KBC","10:58:11",32.5,0.3,3000,2008200,"S"
"KBC","10:58:02",32.5,0.3,600,2005200,"S"
"KBC","10:57:53",32.5,0.3,5600,2004600,"B"
"KBC","10:57:48",32.5,0.3,60000,1998500,"B"
"KBC","10:57:42",32.5,0.3,100,1938500,"B"
"KBC","10:57:35",32.55,0.35,600,1938400,"S"
"KBC","10:57:34",32.55,0.35,4900,1937800,"S"
"KBC","10:57:22",32.55,0.35,1000,1932900,"S"
"KBC","10:57:17",32.55,0.35,200,1931900,"S"
"KBC","10:57:07",32.55,0.35,600,1931700,"S"
"KBC","10:57:06",32.55,0.35,2000,1931100,"S"
"KBC","10:56:59",32.55,0.35,500,1929100,"S"
"KBC","10:56:47",32.55,0.35,100,1928600,"S"
"KBC","10:56:40",32.55,0.35,600,1928500,"S"
"KBC","10:56:36",32.55,0.35,5000,1927900,"S"
"KBC","10:56:26",32.55,0.35,1200,1922900,"S"
"KBC","10:56:12",32.55,0.35,600,1921700,"S"
"KBC","10:56:10",32.55,0.35,100,1921100,"S"
"KBC","10:56:02",32.55,0.35,300,1921000,"S"
"KBC","10:55:51",32.55,0.35,5000,1920700,"S"
"KBC","10:55:47",32.55,0.35,2000,1915700,"S"
"KBC","10:55:45",32.55,0.35,12000,1913700,"B"
"KBC","10:55:45",32.6,0.4,600,1901700,"S"
"KBC","10:55:31",32.6,0.4,100,1901100,"S"
"KBC","10:55:31",32.55,0.35,500,1901000,"B"
"KBC","10:55:25",32.6,0.4,200,1900500,"S"
"KBC","10:55:20",32.55,0.35,300,1900300,"B"
"KBC","10:55:18",32.6,0.4,500,1900000,"S"
"KBC","10:55:15",32.6,0.4,100,1899500,"S"
"KBC","10:55:15",32.55,0.35,800,1899400,"B"
"KBC","10:55:11",32.55,0.35,2400,1898600,"S"
"KBC","10:55:07",32.55,0.35,500,1896200,"S"
"KBC","10:54:59",32.55,0.35,2000,1895700,"S"
"KBC","10:54:56",32.55,0.35,1100,1893700,"B"
"KBC","10:54:50",32.6,0.4,600,1892600,"S"
"KBC","10:54:47",32.6,0.4,1000,1892000,"S"
"KBC","10:54:30",32.6,0.4,49900,1891000,"S"
"KBC","10:54:30",32.55,0.35,100,1841100,"S"
"KBC","10:54:26",32.55,0.35,200,1841000,"S"
"KBC","10:54:24",32.55,0.35,700,1840800,"B"
"KBC","10:54:16",32.55,0.35,500,1840100,"B"
"KBC","10:53:52",32.55,0.35,200,1839600,"S"
"KBC","10:53:39",32.55,0.35,300,1839400,"S"
"KBC","10:53:35",32.55,0.35,1000,1839100,"S"
"KBC","10:53:34",32.55,0.35,3700,1838100,"B"
"KBC","10:53:33",32.55,0.35,5400,1834400,"S"
"KBC","10:53:30",32.55,0.35,500,1829000,"S"
"KBC","10:53:24",32.5,0.3,200,1828500,"B"
"KBC","10:53:22",32.55,0.35,5000,1828300,"S"
"KBC","10:53:19",32.55,0.35,4000,1823300,"S"
"KBC","10:53:19",32.55,0.35,3600,1819300,"S"
"KBC","10:53:16",32.55,0.35,7900,1815700,"S"
"KBC","10:53:10",32.55,0.35,3000,1807800,"S"
"KBC","10:53:00",32.55,0.35,600,1804800,"S"
"KBC","10:52:59",32.55,0.35,1000,1804200,"S"
"KBC","10:52:58",32.55,0.35,5000,1803200,"S"
"KBC","10:52:48",32.55,0.35,200,1798200,"S"
"KBC","10:52:39",32.55,0.35,200,1798000,"S"
"KBC","10:52:38",32.55,0.35,11000,1797800,"S"
"KBC","10:52:36",32.55,0.35,5000,1786800,"S"
"KBC","10:52:33",32.55,0.35,600,1781800,"S"
"KBC","10:52:28",32.55,0.35,100,1781200,"S"
"KBC","10:52:15",32.55,0.35,100,1781100,"S"
"KBC","10:52:06",32.5,0.3,10300,1781000,"S"
"KBC","10:52:05",32.5,0.3,5000,1770700,"S"
"KBC","10:52:04",32.5,0.3,9500,1765700,"S"
"KBC","10:52:02",32.5,0.3,500,1756200,"S"
"KBC","10:52:00",32.5,0.3,10000,1755700,"S"
"KBC","10:51:43",32.5,0.3,30000,1745700,"S"
"KBC","10:51:38",32.5,0.3,600,1715700,"S"
"KBC","10:51:36",32.5,0.3,200,1715100,"S"
"KBC","10:51:11",32.5,0.3,5600,1714900,"S"
"KBC","10:51:06",32.5,0.3,500,1709300,"S"
"KBC","10:51:04",32.45,0.25,600,1708800,"B"
"KBC","10:50:53",32.45,0.25,2000,1708200,"B"
"KBC","10:50:43",32.5,0.3,600,1706200,"S"
"KBC","10:50:34",32.5,0.3,5000,1705600,"S"
"KBC","10:50:16",32.5,0.3,600,1700600,"S"
"KBC","10:50:04",32.5,0.3,100,1700000,"S"
"KBC","10:49:49",32.45,0.25,700,1699900,"B"
"KBC","10:48:57",32.4,0.2,1600,1699200,"B"
"KBC","10:48:54",32.5,0.3,600,1697600,"S"
"KBC","10:48:47",32.5,0.3,47300,1697000,"S"
"KBC","10:48:47",32.45,0.25,2700,1649700,"S"
"KBC","10:48:42",32.45,0.25,5900,1647000,"S"
"KBC","10:48:41",32.45,0.25,500,1641100,"S"
"KBC","10:48:38",32.45,0.25,100,1640600,"S"
"KBC","10:48:34",32.45,0.25,200,1640500,"S"
"KBC","10:48:34",32.45,0.25,1000,1640300,"S"
"KBC","10:48:29",32.45,0.25,5200,1639300,"S"
"KBC","10:48:28",32.45,0.25,20000,1634100,"S"
"KBC","10:48:26",32.45,0.25,500,1614100,"S"
"KBC","10:48:20",32.45,0.25,100,1613600,"S"
"KBC","10:48:17",32.45,0.25,500,1613500,"S"
"KBC","10:48:15",32.45,0.25,10000,1613000,"S"
"KBC","10:48:12",32.45,0.25,2700,1603000,"S"
"KBC","10:48:09",32.45,0.25,10000,1600300,"S"
"KBC","10:48:06",32.45,0.25,5000,1590300,"S"
"KBC","10:48:04",32.45,0.25,4000,1585300,"S"
"KBC","10:48:02",32.45,0.25,4000,1581300,"S"
"KBC","10:48:01",32.45,0.25,3000,1577300,"S"
"KBC","10:47:59",32.45,0.25,600,1574300,"S"
"KBC","10:47:53",32.45,0.25,100,1573700,"S"
"KBC","10:47:51",32.45,0.25,1000,1573600,"S"
"KBC","10:47:43",32.45,0.25,5000,1572600,"S"
"KBC","10:47:31",32.45,0.25,600,1567600,"S"
"KBC","10:47:04",32.45,0.25,1000,1567000,"S"
"KBC","10:47:04",32.45,0.25,600,1566000,"S"
"KBC","10:47:02",32.45,0.25,100,1565400,"S"
"KBC","10:46:46",32.45,0.25,200,1565300,"S"
"KBC","10:46:38",32.45,0.25,2000,1565100,"S"
"KBC","10:46:37",32.45,0.25,600,1563100,"S"
"KBC","10:46:31",32.45,0.25,1000,1562500,"S"
"KBC","10:46:09",32.45,0.25,600,1561500,"S"
"KBC","10:45:55",32.45,0.25,44000,1560900,"S"
"KBC","10:45:53",32.45,0.25,1000,1516900,"S"
"KBC","10:45:42",32.45,0.25,100,1515900,"S"
"KBC","10:45:42",32.45,0.25,600,1515800,"S"
"KBC","10:45:33",32.45,0.25,1600,1515200,"S"
"KBC","10:45:28",32.4,0.2,3800,1513600,"S"
"KBC","10:45:22",32.4,0.2,1000,1509800,"S"
"KBC","10:45:14",32.4,0.2,500,1508800,"S"
"KBC","10:45:12",32.4,0.2,1200,1508300,"B"
"KBC","10:45:10",32.4,0.2,5000,1507100,"B"
"KBC","10:45:08",32.4,0.2,20000,1502100,"B"
"KBC","10:45:04",32.4,0.2,10000,1482100,"B"
"KBC","10:44:45",32.4,0.2,100,1472100,"B"
"KBC","10:44:24",32.4,0.2,1000,1472000,"B"
"KBC","10:44:17",32.4,0.2,1000,1471000,"B"
"KBC","10:44:12",32.4,0.2,1000,1470000,"B"
"KBC","10:43:53",32.4,0.2,24500,1469000,"S"
"KBC","10:43:52",32.4,0.2,600,1444500,"S"
"KBC","10:43:25",32.4,0.2,600,1443900,"S"
"KBC","10:43:15",32.4,0.2,1300,1443300,"B"
"KBC","10:43:12",32.4,0.2,500,1442000,"B"
"KBC","10:43:11",32.4,0.2,2000,1441500,"B"
"KBC","10:43:08",32.4,0.2,5000,1439500,"B"
"KBC","10:43:05",32.4,0.2,60000,1434500,"B"
"KBC","10:42:47",32.4,0.2,2000,1374500,"B"
"KBC","10:42:46",32.4,0.2,600,1372500,"B"
"KBC","10:42:27",32.4,0.2,6500,1371900,"B"
"KBC","10:42:06",32.4,0.2,2400,1365400,"B"
"KBC","10:42:02",32.45,0.25,500,1363000,"S"
"KBC","10:41:49",32.45,0.25,200,1362500,"S"
"KBC","10:41:49",32.45,0.25,500,1362300,"S"
"KBC","10:41:35",32.45,0.25,600,1361800,"S"
"KBC","10:41:21",32.45,0.25,100,1361200,"S"
"KBC","10:41:17",32.45,0.25,4000,1361100,"S"
"KBC","10:41:08",32.45,0.25,600,1357100,"S"
"KBC","10:40:53",32.45,0.25,100,1356500,"S"
"KBC","10:39:55",32.4,0.2,1000,1356400,"B"
"KBC","10:39:41",32.4,0.2,600,1355400,"B"
"KBC","10:39:40",32.4,0.2,1000,1354800,"B"
"KBC","10:39:16",32.4,0.2,4000,1353800,"B"
"KBC","10:39:16",32.4,0.2,6000,1349800,"B"
"KBC","10:38:51",32.4,0.2,1000,1343800,"B"
"KBC","10:38:50",32.45,0.25,500,1342800,"S"
"KBC","10:38:43",32.45,0.25,2500,1342300,"S"
"KBC","10:38:37",32.45,0.25,100,1339800,"S"
"KBC","10:38:32",32.45,0.25,100,1339700,"S"
"KBC","10:38:23",32.45,0.25,600,1339600,"S"
"KBC","10:37:56",32.45,0.25,600,1339000,"S"
"KBC","10:37:54",32.45,0.25,1000,1338400,"S"
"KBC","10:37:35",32.4,0.2,200,1337400,"S"
"KBC","10:37:28",32.4,0.2,600,1337200,"S"
"KBC","10:37:23",32.4,0.2,200,1336600,"S"
"KBC","10:37:11",32.45,0.25,1100,1336400,"S"
"KBC","10:37:11",32.4,0.2,900,1335300,"S"
"KBC","10:37:10",32.4,0.2,500,1334400,"S"
"KBC","10:37:08",32.4,0.2,1600,1333900,"B"
"KBC","10:37:02",32.4,0.2,500,1332300,"B"
"KBC","10:37:01",32.4,0.2,1000,1331800,"B"
"KBC","10:37:00",32.4,0.2,2000,1330800,"B"
"KBC","10:36:53",32.4,0.2,200,1328800,"B"
"KBC","10:36:42",32.4,0.2,300,1328600,"B"
"KBC","10:36:24",32.4,0.2,1000,1328300,"B"
"KBC","10:36:20",32.4,0.2,100,1327300,"B"
"KBC","10:36:18",32.4,0.2,8500,1327200,"B"
"KBC","10:36:11",32.4,0.2,6000,1318700,"B"
"KBC","10:36:06",32.4,0.2,1100,1312700,"B"
"KBC","10:35:44",32.4,0.2,1000,1311600,"B"
"KBC","10:35:19",32.4,0.2,100,1310600,"B"
"KBC","10:35:14",32.4,0.2,100,1310500,"B"
"KBC","10:35:11",32.4,0.2,2000,1310400,"B"
"KBC","10:35:11",32.45,0.25,600,1308400,"S"
"KBC","10:35:07",32.45,0.25,1000,1307800,"S"
"KBC","10:35:06",32.45,0.25,100,1306800,"S"
"KBC","10:35:05",32.4,0.2,3000,1306700,"B"
"KBC","10:34:44",32.45,0.25,600,1303700,"S"
"KBC","10:34:38",32.45,0.25,2000,1303100,"S"
"KBC","10:34:35",32.4,0.2,5000,1301100,"B"
"KBC","10:34:31",32.4,0.2,100,1296100,"B"
"KBC","10:34:27",32.4,0.2,2000,1296000,"B"
"KBC","10:34:24",32.4,0.2,100,1294000,"B"
"KBC","10:34:21",32.4,0.2,100,1293900,"B"
"KBC","10:34:18",32.4,0.2,3000,1293800,"B"
"KBC","10:34:16",32.4,0.2,500,1290800,"B"
"KBC","10:34:08",32.4,0.2,10000,1290300,"B"
"KBC","10:34:00",32.4,0.2,100,1280300,"B"
"KBC","10:33:59",32.4,0.2,100,1280200,"B"
"KBC","10:33:16",32.4,0.2,2000,1280100,"B"
"KBC","10:33:12",32.4,0.2,1000,1278100,"B"
"KBC","10:33:05",32.4,0.2,2000,1277100,"B"
"KBC","10:32:54",32.45,0.25,600,1275100,"S"
"KBC","10:32:40",32.45,0.25,100,1274500,"S"
"KBC","10:32:32",32.4,0.2,100,1274400,"B"
"KBC","10:32:27",32.45,0.25,500,1274300,"S"
"KBC","10:32:23",32.45,0.25,2000,1273800,"S"
"KBC","10:32:13",32.4,0.2,500,1271800,"B"
"KBC","10:31:53",32.4,0.2,25900,1271300,"S"
"KBC","10:31:32",32.4,0.2,600,1245400,"S"
"KBC","10:31:31",32.4,0.2,500,1244800,"S"
"KBC","10:31:04",32.4,0.2,600,1244300,"S"
"KBC","10:31:00",32.4,0.2,1000,1243700,"S"
"KBC","10:30:46",32.35,0.15,1100,1242700,"B"
"KBC","10:30:44",32.35,0.15,3000,1241600,"B"
"KBC","10:30:37",32.4,0.2,600,1238600,"S"
"KBC","10:30:32",32.4,0.2,1500,1238000,"S"
"KBC","10:30:31",32.4,0.2,100,1236500,"S"
"KBC","10:30:29",32.4,0.2,2400,1236400,"S"
"KBC","10:30:15",32.4,0.2,17400,1234000,"S"
"KBC","10:30:09",32.4,0.2,600,1216600,"S"
"KBC","10:30:08",32.4,0.2,1600,1216000,"S"
"KBC","10:29:57",32.4,0.2,800,1214400,"S"
"KBC","10:29:42",32.4,0.2,600,1213600,"S"
"KBC","10:29:23",32.4,0.2,100,1213000,"S"
"KBC","10:29:15",32.4,0.2,500,1212900,"S"
"KBC","10:28:47",32.4,0.2,600,1212400,"S"
"KBC","10:28:21",32.4,0.2,100,1211800,"S"
"KBC","10:28:20",32.4,0.2,600,1211700,"S"
"KBC","10:27:52",32.4,0.2,600,1211100,"S"
"KBC","10:27:30",32.4,0.2,300,1210500,"S"
"KBC","10:27:25",32.4,0.2,600,1210200,"S"
"KBC","10:27:12",32.4,0.2,500,1209600,"S"
"KBC","10:26:58",32.4,0.2,600,1209100,"S"
"KBC","10:26:43",32.4,0.2,1000,1208500,"S"
"KBC","10:26:30",32.4,0.2,600,1207500,"S"
"KBC","10:26:11",32.4,0.2,100,1206900,"S"
"KBC","10:24:57",32.35,0.15,1500,1206800,"B"
"KBC","10:24:33",32.35,0.15,4400,1205300,"B"
"KBC","10:24:32",32.35,0.15,9200,1200900,"B"
"KBC","10:24:32",32.35,0.15,10800,1191700,"B"
"KBC","10:24:13",32.4,0.2,600,1180900,"S"
"KBC","10:23:46",32.4,0.2,600,1180300,"S"
"KBC","10:23:34",32.4,0.2,900,1179700,"S"
"KBC","10:23:33",32.4,0.2,300,1178800,"S"
"KBC","10:23:18",32.4,0.2,600,1178500,"S"
"KBC","10:23:08",32.4,0.2,7200,1177900,"B"
"KBC","10:22:37",32.4,0.2,1800,1170700,"B"
"KBC","10:22:27",32.4,0.2,3000,1168900,"B"
"KBC","10:22:02",32.4,0.2,100,1147900,"B"
"KBC","10:21:56",32.45,0.25,600,1147800,"S"
"KBC","10:21:53",32.45,0.25,100,1147200,"S"
"KBC","10:21:49",32.4,0.2,10000,1147100,"B"
"KBC","10:21:33",32.4,0.2,5500,1137100,"B"
"KBC","10:21:25",32.4,0.2,2000,1131600,"B"
"KBC","10:21:14",32.4,0.2,100,1129600,"B"
"KBC","10:21:00",32.4,0.2,1000,1129500,"B"
"KBC","10:20:56",32.4,0.2,1500,1128500,"B"
"KBC","10:20:54",32.45,0.25,5000,1127000,"S"
"KBC","10:20:43",32.4,0.2,13400,1122000,"B"
"KBC","10:20:38",32.4,0.2,200,1108600,"B"
"KBC","10:20:34",32.4,0.2,10000,1108400,"B"
"KBC","10:20:34",32.45,0.25,600,1098400,"S"
"KBC","10:20:27",32.45,0.25,2000,1097800,"S"
"KBC","10:20:12",32.4,0.2,500,1095800,"B"
"KBC","10:20:07",32.4,0.2,7500,1095300,"S"
"KBC","10:20:06",32.4,0.2,600,1087800,"S"
"KBC","10:19:58",32.4,0.2,30000,1087200,"S"
"KBC","10:19:50",32.4,0.2,50000,1057200,"S"
"KBC","10:19:46",32.4,0.2,4000,1007200,"S"
"KBC","10:19:44",32.4,0.2,100,1003200,"S"
"KBC","10:19:19",32.35,0.15,3000,1003100,"B"
"KBC","10:19:10",32.35,0.15,100,1000100,"B"
"KBC","10:19:01",32.4,0.2,10800,1000000,"S"
"KBC","10:18:52",32.4,0.2,6400,989200,"S"
"KBC","10:18:47",32.4,0.2,1000,982800,"S"
"KBC","10:18:30",32.35,0.15,1800,981800,"B"
"KBC","10:18:29",32.35,0.15,100,980000,"B"
"KBC","10:18:15",32.35,0.15,200,979900,"B"
"KBC","10:17:59",32.35,0.15,100,979700,"B"
"KBC","10:17:58",32.4,0.2,15000,979600,"S"
"KBC","10:17:49",32.4,0.2,600,964600,"S"
"KBC","10:17:46",32.4,0.2,500,964000,"S"
"KBC","10:17:35",32.4,0.2,100,963500,"S"
"KBC","10:16:58",32.35,0.15,100,963400,"B"
"KBC","10:16:09",32.35,0.15,3700,963300,"S"
"KBC","10:16:07",32.35,0.15,5000,959600,"S"
"KBC","10:16:02",32.35,0.15,3000,954600,"S"
"KBC","10:15:59",32.35,0.15,600,951600,"S"
"KBC","10:15:36",32.35,0.15,5000,951000,"S"
"KBC","10:15:32",32.35,0.15,600,946000,"S"
"KBC","10:15:32",32.35,0.15,2000,945400,"S"
"KBC","10:15:26",32.35,0.15,10100,943400,"S"
"KBC","10:15:23",32.35,0.15,100,933300,"S"
"KBC","10:15:20",32.35,0.15,400,933200,"S"
"KBC","10:15:16",32.35,0.15,1000,932800,"S"
"KBC","10:15:06",32.35,0.15,5000,931800,"S"
"KBC","10:14:51",32.3,0.1,200,926800,"B"
"KBC","10:14:28",32.3,0.1,29000,926600,"S"
"KBC","10:14:10",32.3,0.1,600,897600,"S"
"KBC","10:14:09",32.3,0.1,500,897000,"S"
"KBC","10:14:00",32.3,0.1,100,896500,"S"
"KBC","10:13:42",32.3,0.1,600,896400,"S"
"KBC","10:13:17",32.3,0.1,100,895800,"S"
"KBC","10:13:13",32.25,0.05,1000,895700,"B"
"KBC","10:12:53",32.25,0.05,600,894700,"B"
"KBC","10:12:48",32.3,0.1,600,894100,"S"
"KBC","10:12:26",32.3,0.1,1000,893500,"S"
"KBC","10:12:20",32.3,0.1,600,892500,"S"
"KBC","10:12:09",32.3,0.1,1600,891900,"S"
"KBC","10:12:03",32.25,0.05,1000,890300,"B"
"KBC","10:12:02",32.3,0.1,300,889300,"S"
"KBC","10:11:59",32.3,0.1,800,889000,"S"
"KBC","10:11:53",32.3,0.1,600,888200,"S"
"KBC","10:11:29",32.3,0.1,500,887600,"S"
"KBC","10:11:25",32.3,0.1,600,887100,"S"
"KBC","10:11:08",32.3,0.1,100,886500,"S"
"KBC","10:10:58",32.3,0.1,600,886400,"S"
"KBC","10:10:51",32.3,0.1,2000,885800,"S"
"KBC","10:10:48",32.25,0.05,5000,883800,"B"
"KBC","10:10:44",32.25,0.05,800,878800,"B"
"KBC","10:10:33",32.25,0.05,500,878000,"S"
"KBC","10:10:30",32.25,0.05,100,877500,"S"
"KBC","10:10:30",32.25,0.05,600,877400,"S"
"KBC","10:10:23",32.25,0.05,100,876800,"S"
"KBC","10:10:18",32.25,0.05,100,876700,"S"
"KBC","10:10:17",32.25,0.05,100,876600,"B"
"KBC","10:10:15",32.25,0.05,1000,876500,"B"
"KBC","10:10:15",32.25,0.05,300,875500,"B"
"KBC","10:10:14",32.25,0.05,28600,875200,"S"
"KBC","10:10:03",32.25,0.05,600,846600,"S"
"KBC","10:10:00",32.25,0.05,1000,846000,"S"
"KBC","10:09:54",32.25,0.05,10000,845000,"S"
"KBC","10:09:37",32.25,0.05,500,835000,"S"
"KBC","10:09:14",32.2,0,300,834500,"B"
"KBC","10:09:08",32.2,0,4900,834200,"S"
"KBC","10:09:07",32.2,0,10000,829300,"S"
"KBC","10:09:04",32.2,0,3000,819300,"S"
"KBC","10:09:00",32.2,0,100,816300,"S"
"KBC","10:09:00",32.2,0,100,816200,"S"
"KBC","10:08:59",32.2,0,10000,816100,"S"
"KBC","10:08:58",32.2,0,5000,806100,"S"
"KBC","10:08:48",32.2,0,2000,801100,"S"
"KBC","10:08:47",32.2,0,1500,799100,"S"
"KBC","10:08:41",32.2,0,700,797600,"S"
"KBC","10:08:24",32.2,0,100,796900,"S"
"KBC","10:08:19",32.2,0,100,796800,"S"
"KBC","10:08:13",32.2,0,600,796700,"S"
"KBC","10:08:04",32.2,0,1000,796100,"S"
"KBC","10:08:03",32.2,0,100,795100,"S"
"KBC","10:08:01",32.2,0,1000,795000,"S"
"KBC","10:07:56",32.2,0,2000,794000,"S"
"KBC","10:07:50",32.2,0,1000,792000,"S"
"KBC","10:07:46",32.2,0,700,791000,"S"
"KBC","10:07:26",32.2,0,200,790300,"S"
"KBC","10:07:18",32.2,0,700,790100,"S"
"KBC","10:06:55",32.2,0,500,789400,"S"
"KBC","10:06:51",32.15,-0.05,200,788900,"S"
"KBC","10:06:37",32.15,-0.05,4800,788700,"B"
"KBC","10:06:28",32.15,-0.05,1200,783900,"S"
"KBC","10:06:24",32.15,-0.05,700,782700,"S"
"KBC","10:06:18",32.15,-0.05,100,782000,"S"
"KBC","10:06:11",32.15,-0.05,300,781900,"S"
"KBC","10:06:04",32.15,-0.05,20900,781600,"B"
"KBC","10:06:01",32.15,-0.05,200,760700,"B"
"KBC","10:05:40",32.15,-0.05,1000,760500,"B"
"KBC","10:04:59",32.15,-0.05,3900,759500,"S"
"KBC","10:04:58",32.15,-0.05,100,755600,"S"
"KBC","10:04:55",32.15,-0.05,500,755500,"S"
"KBC","10:04:47",32.15,-0.05,5000,755000,"S"
"KBC","10:04:46",32.15,-0.05,3000,750000,"S"
"KBC","10:04:43",32.15,-0.05,100,747000,"S"
"KBC","10:04:36",32.15,-0.05,2000,746900,"S"
"KBC","10:04:34",32.15,-0.05,700,744900,"S"
"KBC","10:04:27",32.15,-0.05,14700,744200,"B"
"KBC","10:04:12",32.15,-0.05,300,729500,"B"
"KBC","10:04:09",32.15,-0.05,6000,729200,"B"
"KBC","10:03:45",32.15,-0.05,1300,723200,"B"
"KBC","10:03:30",32.15,-0.05,800,721900,"S"
"KBC","10:03:29",32.15,-0.05,200,721100,"B"
"KBC","10:03:28",32.15,-0.05,100,720900,"S"
"KBC","10:03:27",32.15,-0.05,1000,720800,"S"
"KBC","10:03:19",32.15,-0.05,4000,719800,"S"
"KBC","10:03:12",32.15,-0.05,700,715800,"S"
"KBC","10:03:10",32.15,-0.05,5000,715100,"S"
"KBC","10:02:50",32.15,-0.05,500,710100,"S"
"KBC","10:02:48",32.1,-0.1,1000,709600,"B"
"KBC","10:02:44",32.15,-0.05,600,708600,"S"
"KBC","10:02:35",32.15,-0.05,100,708000,"S"
"KBC","10:02:17",32.15,-0.05,1000,707900,"S"
"KBC","10:02:16",32.1,-0.1,500,706900,"B"
"KBC","10:01:58",32.15,-0.05,1200,706400,"S"
"KBC","10:01:49",32.15,-0.05,600,705200,"S"
"KBC","10:01:44",32.15,-0.05,600,704600,"S"
"KBC","10:01:40",32.15,-0.05,4100,704000,"B"
"KBC","10:01:25",32.15,-0.05,1000,699900,"S"
"KBC","10:01:22",32.15,-0.05,700,698900,"S"
"KBC","10:01:16",32.15,-0.05,300,698200,"B"
"KBC","10:01:08",32.15,-0.05,700,697900,"B"
"KBC","10:01:00",32.15,-0.05,4000,697200,"S"
"KBC","10:00:56",32.15,-0.05,3000,693200,"S"
"KBC","10:00:43",32.1,-0.1,1000,690200,"B"
"KBC","10:00:38",32.1,-0.1,800,689200,"B"
"KBC","10:00:34",32.15,-0.05,3000,688400,"B"
"KBC","10:00:33",32.15,-0.05,500,685400,"S"
"KBC","10:00:27",32.15,-0.05,1600,684900,"S"
"KBC","10:00:24",32.15,-0.05,1000,683300,"S"
"KBC","10:00:17",32.15,-0.05,5000,682300,"S"
"KBC","10:00:16",32.15,-0.05,100,677300,"S"
"KBC","10:00:02",32.15,-0.05,2000,677200,"S"
"KBC","10:00:00",32.15,-0.05,700,675200,"S"
"KBC","09:59:53",32.15,-0.05,2000,674500,"S"
"KBC","09:59:52",32.1,-0.1,5000,672500,"B"
"KBC","09:59:45",32.15,-0.05,1000,667500,"S"
"KBC","09:59:39",32.15,-0.05,300,666500,"S"
"KBC","09:59:32",32.15,-0.05,600,666200,"S"
"KBC","09:59:27",32.15,-0.05,100,665600,"S"
"KBC","09:59:23",32.15,-0.05,300,665500,"B"
"KBC","09:59:18",32.15,-0.05,1700,665200,"S"
"KBC","09:59:13",32.15,-0.05,2000,663500,"S"
"KBC","09:59:11",32.15,-0.05,100,661500,"S"
"KBC","09:59:07",32.15,-0.05,1000,661400,"S"
"KBC","09:59:07",32.15,-0.05,3300,660400,"B"
"KBC","09:59:06",32.15,-0.05,3400,657100,"B"
"KBC","09:59:05",32.2,0,700,653700,"S"
"KBC","09:58:58",32.2,0,1000,653000,"S"
"KBC","09:58:44",32.15,-0.05,1000,652000,"B"
"KBC","09:58:37",32.2,0,600,651000,"S"
"KBC","09:58:23",32.2,0,1000,650400,"S"
"KBC","09:58:08",32.15,-0.05,500,649400,"B"
"KBC","09:58:03",32.15,-0.05,1500,648900,"B"
"KBC","09:57:43",32.2,0,700,647400,"S"
"KBC","09:57:35",32.2,0,1000,646700,"S"
"KBC","09:57:31",32.15,-0.05,1000,645700,"B"
"KBC","09:57:21",32.2,0,2500,644700,"S"
"KBC","09:57:20",32.15,-0.05,7000,642200,"B"
"KBC","09:57:10",32.15,-0.05,500,635200,"B"
"KBC","09:56:35",32.15,-0.05,200,634700,"B"
"KBC","09:56:28",32.15,-0.05,2400,634500,"S"
"KBC","09:56:24",32.15,-0.05,1000,632100,"S"
"KBC","09:56:20",32.15,-0.05,600,631100,"S"
"KBC","09:56:16",32.2,0,7800,630500,"S"
"KBC","09:56:16",32.15,-0.05,3200,622700,"S"
"KBC","09:56:15",32.15,-0.05,1100,619500,"B"
"KBC","09:56:11",32.2,0,100,613100,"S"
"KBC","09:56:09",32.15,-0.05,200,613000,"B"
"KBC","09:56:08",32.15,-0.05,5000,612800,"B"
"KBC","09:56:02",32.15,-0.05,200,607800,"B"
"KBC","09:56:01",32.2,0,1000,607600,"S"
"KBC","09:55:53",32.15,-0.05,500,606600,"B"
"KBC","09:55:44",32.15,-0.05,200,606100,"B"
"KBC","09:55:39",32.15,-0.05,1000,605900,"B"
"KBC","09:55:25",32.15,-0.05,10000,604900,"B"
"KBC","09:55:20",32.2,0,800,594900,"S"
"KBC","09:54:59",32.2,0,1000,594100,"S"
"KBC","09:54:52",32.15,-0.05,1000,593100,"B"
"KBC","09:54:43",32.2,0,2000,592100,"S"
"KBC","09:54:34",32.2,0,1000,590100,"S"
"KBC","09:54:31",32.2,0,700,589100,"S"
"KBC","09:54:24",32.2,0,300,588400,"S"
"KBC","09:54:03",32.2,0,600,588100,"S"
"KBC","09:53:45",32.2,0,200,587500,"S"
"KBC","09:53:38",32.2,0,14700,587300,"B"
"KBC","09:53:35",32.2,0,100,572600,"B"
"KBC","09:53:25",32.2,0,3000,572500,"B"
"KBC","09:53:19",32.2,0,1000,569500,"B"
"KBC","09:53:18",32.2,0,100,568500,"B"
"KBC","09:53:12",32.2,0,3500,568400,"B"
"KBC","09:53:02",32.2,0,500,564900,"B"
"KBC","09:52:50",32.2,0,100,564400,"B"
"KBC","09:52:49",32.2,0,1700,564300,"B"
"KBC","09:52:48",32.2,0,100,562600,"B"
"KBC","09:52:40",32.2,0,26000,562500,"B"
"KBC","09:52:35",32.2,0,800,536500,"B"
"KBC","09:52:31",32.2,0,200,535700,"B"
"KBC","09:52:12",32.2,0,1000,535500,"B"
"KBC","09:52:09",32.25,0.05,5400,534500,"B"
"KBC","09:52:05",32.25,0.05,3000,529100,"B"
"KBC","09:51:57",32.25,0.05,2000,526100,"B"
"KBC","09:51:56",32.3,0.1,100,524100,"S"
"KBC","09:51:50",32.25,0.05,4500,524000,"B"
"KBC","09:51:50",32.25,0.05,500,519500,"B"
"KBC","09:51:46",32.25,0.05,3600,519000,"B"
"KBC","09:51:39",32.25,0.05,2200,515400,"B"
"KBC","09:51:26",32.25,0.05,500,513200,"B"
"KBC","09:51:19",32.3,0.1,700,512700,"S"
"KBC","09:51:14",32.3,0.1,2800,512000,"S"
"KBC","09:51:03",32.25,0.05,200,509200,"B"
"KBC","09:51:02",32.25,0.05,4500,509000,"B"
"KBC","09:50:58",32.25,0.05,700,504500,"B"
"KBC","09:50:56",32.25,0.05,1300,503800,"B"
"KBC","09:50:52",32.25,0.05,300,502500,"B"
"KBC","09:50:44",32.25,0.05,5200,502200,"B"
"KBC","09:50:42",32.25,0.05,500,497000,"B"
"KBC","09:50:31",32.25,0.05,1700,496500,"B"
"KBC","09:49:57",32.25,0.05,200,494800,"B"
"KBC","09:49:26",32.25,0.05,5000,494600,"B"
"KBC","09:49:01",32.25,0.05,100,489600,"B"
"KBC","09:48:47",32.25,0.05,1000,489500,"B"
"KBC","09:48:43",32.3,0.1,3000,488500,"S"
"KBC","09:48:37",32.25,0.05,5000,485500,"B"
"KBC","09:48:36",32.3,0.1,1500,480500,"S"
"KBC","09:48:34",32.3,0.1,700,479000,"S"
"KBC","09:48:14",32.3,0.1,1000,478300,"B"
"KBC","09:48:06",32.3,0.1,2000,477300,"B"
"KBC","09:47:55",32.3,0.1,8000,475300,"B"
"KBC","09:47:27",32.3,0.1,700,467300,"B"
"KBC","09:46:58",32.3,0.1,10000,466600,"B"
"KBC","09:46:56",32.3,0.1,800,456600,"B"
"KBC","09:46:56",32.35,0.15,100,455800,"S"
"KBC","09:46:50",32.35,0.15,200,455700,"S"
"KBC","09:46:45",32.35,0.15,600,455500,"S"
"KBC","09:46:36",32.35,0.15,2000,454900,"S"
"KBC","09:46:33",32.3,0.1,14000,452900,"B"
"KBC","09:46:03",32.3,0.1,300,438900,"B"
"KBC","09:45:31",32.3,0.1,100,438600,"B"
"KBC","09:45:24",32.3,0.1,100,438500,"B"
"KBC","09:45:22",32.3,0.1,100,438400,"S"
"KBC","09:45:21",32.3,0.1,5000,438300,"S"
"KBC","09:45:11",32.25,0.05,100,433300,"B"
"KBC","09:44:39",32.25,0.05,1200,433200,"B"
"KBC","09:44:39",32.3,0.1,2000,432000,"S"
"KBC","09:44:23",32.25,0.05,1000,430000,"B"
"KBC","09:44:21",32.3,0.1,2000,429000,"S"
"KBC","09:44:01",32.3,0.1,100,427000,"S"
"KBC","09:44:00",32.3,0.1,700,426900,"S"
"KBC","09:43:45",32.3,0.1,2000,426200,"S"
"KBC","09:43:41",32.25,0.05,200,424200,"B"
"KBC","09:43:35",32.3,0.1,1000,424000,"B"
"KBC","09:43:32",32.3,0.1,300,423000,"B"
"KBC","09:42:57",32.25,0.05,800,422700,"B"
"KBC","09:42:57",32.3,0.1,19200,421900,"B"
"KBC","09:42:38",32.35,0.15,700,402700,"S"
"KBC","09:42:10",32.35,0.15,700,402000,"S"
"KBC","09:41:57",32.35,0.15,1000,401300,"S"
"KBC","09:41:54",32.35,0.15,2000,400300,"S"
"KBC","09:41:46",32.35,0.15,5000,398300,"S"
"KBC","09:41:43",32.35,0.15,600,393300,"S"
"KBC","09:41:41",32.35,0.15,2000,392700,"S"
"KBC","09:41:29",32.3,0.1,10000,390700,"B"
"KBC","09:40:45",32.3,0.1,200,380700,"B"
"KBC","09:40:30",32.35,0.15,5100,380500,"S"
"KBC","09:40:21",32.35,0.15,1600,375400,"S"
"KBC","09:40:20",32.35,0.15,300,373800,"S"
"KBC","09:40:18",32.35,0.15,1000,373500,"S"
"KBC","09:40:14",32.35,0.15,1000,372500,"S"
"KBC","09:40:10",32.35,0.15,1100,371500,"S"
"KBC","09:40:02",32.35,0.15,500,370400,"S"
"KBC","09:40:00",32.35,0.15,1100,369900,"S"
"KBC","09:39:58",32.35,0.15,1400,368800,"B"
"KBC","09:39:54",32.35,0.15,10000,367400,"B"
"KBC","09:39:33",32.35,0.15,100,357400,"B"
"KBC","09:39:26",32.4,0.2,700,357300,"S"
"KBC","09:39:12",32.4,0.2,100,356600,"S"
"KBC","09:39:06",32.35,0.15,1000,356500,"B"
"KBC","09:39:00",32.35,0.15,10000,355500,"B"
"KBC","09:38:49",32.35,0.15,100,345500,"B"
"KBC","09:38:45",32.35,0.15,1000,345400,"B"
"KBC","09:38:42",32.35,0.15,1500,344400,"B"
"KBC","09:38:37",32.35,0.15,3000,342900,"B"
"KBC","09:38:33",32.35,0.15,100,339900,"B"
"KBC","09:38:31",32.35,0.15,2000,339800,"B"
"KBC","09:38:15",32.35,0.15,200,337800,"B"
"KBC","09:38:10",32.35,0.15,600,337600,"B"
"KBC","09:37:55",32.35,0.15,3000,337000,"B"
"KBC","09:37:54",32.35,0.15,400,334000,"B"
"KBC","09:37:50",32.4,0.2,200,333600,"S"
"KBC","09:37:40",32.4,0.2,2500,333400,"S"
"KBC","09:37:38",32.4,0.2,20000,330900,"S"
"KBC","09:37:33",32.35,0.15,4000,310900,"B"
"KBC","09:37:30",32.35,0.15,1700,306900,"S"
"KBC","09:37:20",32.35,0.15,300,305200,"S"
"KBC","09:37:12",32.35,0.15,3100,304900,"B"
"KBC","09:37:08",32.35,0.15,1500,301800,"S"
"KBC","09:37:06",32.3,0.1,2000,300300,"B"
"KBC","09:37:06",32.35,0.15,100,298300,"S"
"KBC","09:36:40",32.35,0.15,200,298200,"S"
"KBC","09:36:40",32.35,0.15,300,298000,"B"
"KBC","09:36:36",32.35,0.15,700,297700,"S"
"KBC","09:36:21",32.35,0.15,300,297000,"B"
"KBC","09:36:20",32.35,0.15,200,296700,"S"
"KBC","09:36:19",32.35,0.15,1800,296500,"B"
"KBC","09:36:16",32.35,0.15,500,294700,"B"
"KBC","09:36:14",32.35,0.15,500,294200,"B"
"KBC","09:36:13",32.35,0.15,3000,293700,"B"
"KBC","09:36:01",32.35,0.15,1300,290700,"B"
"KBC","09:35:42",32.4,0.2,200,289400,"S"
"KBC","09:35:40",32.4,0.2,100,289200,"S"
"KBC","09:35:33",32.4,0.2,1000,289100,"S"
"KBC","09:35:29",32.35,0.15,3600,288100,"S"
"KBC","09:35:20",32.35,0.15,700,284500,"S"
"KBC","09:35:16",32.35,0.15,7400,283800,"B"
"KBC","09:35:05",32.35,0.15,20200,276400,"S"
"KBC","09:35:03",32.3,0.1,1000,256200,"B"
"KBC","09:34:59",32.35,0.15,100,255200,"S"
"KBC","09:34:51",32.35,0.15,400,255100,"S"
"KBC","09:34:50",32.35,0.15,400,254700,"S"
"KBC","09:34:47",32.35,0.15,3000,254300,"S"
"KBC","09:34:40",32.35,0.15,1200,251300,"S"
"KBC","09:34:30",32.35,0.15,400,250100,"S"
"KBC","09:34:29",32.35,0.15,12000,249700,"S"
"KBC","09:34:28",32.35,0.15,300,237700,"S"
"KBC","09:34:25",32.35,0.15,2000,237400,"S"
"KBC","09:34:24",32.35,0.15,500,235400,"S"
"KBC","09:34:20",32.35,0.15,2000,234900,"S"
"KBC","09:34:00",32.35,0.15,800,232900,"S"
"KBC","09:33:59",32.35,0.15,1000,232100,"S"
"KBC","09:33:54",32.3,0.1,7500,231100,"B"
"KBC","09:33:40",32.35,0.15,100,223600,"S"
"KBC","09:33:38",32.35,0.15,1000,223500,"S"
"KBC","09:33:30",32.35,0.15,200,222500,"S"
"KBC","09:33:19",32.35,0.15,2500,222300,"S"
"KBC","09:33:15",32.3,0.1,3000,219800,"B"
"KBC","09:33:15",32.35,0.15,300,216800,"S"
"KBC","09:33:13",32.35,0.15,1000,216500,"S"
"KBC","09:33:03",32.35,0.15,500,215500,"S"
"KBC","09:32:52",32.35,0.15,100,215000,"S"
"KBC","09:31:40",32.35,0.15,600,214900,"S"
"KBC","09:31:39",32.35,0.15,3000,214300,"S"
"KBC","09:31:37",32.35,0.15,3000,211300,"S"
"KBC","09:31:29",32.35,0.15,500,208300,"S"
"KBC","09:30:46",32.35,0.15,100,207800,"S"
"KBC","09:30:33",32.3,0.1,2000,207700,"B"
"KBC","09:30:23",32.3,0.1,1000,205700,"B"
"KBC","09:30:22",32.35,0.15,100,204700,"S"
"KBC","09:30:09",32.3,0.1,100,204600,"B"
"KBC","09:30:08",32.3,0.1,200,204500,"B"
"KBC","09:30:00",32.35,0.15,100,204300,"S"
"KBC","09:29:52",32.35,0.15,1000,204200,"S"
"KBC","09:29:40",32.35,0.15,600,203200,"S"
"KBC","09:29:38",32.35,0.15,3000,202600,"S"
"KBC","09:29:34",32.3,0.1,3000,199600,"B"
"KBC","09:29:21",32.3,0.1,2000,196600,"S"
"KBC","09:29:20",32.3,0.1,3000,194600,"S"
"KBC","09:29:14",32.3,0.1,30000,191600,"S"
"KBC","09:29:00",32.3,0.1,100,161600,"S"
"KBC","09:28:54",32.3,0.1,1000,161500,"S"
"KBC","09:28:40",32.3,0.1,500,160500,"S"
"KBC","09:28:39",32.3,0.1,100,160000,"S"
"KBC","09:28:37",32.3,0.1,500,159900,"S"
"KBC","09:28:10",32.25,0.05,1000,159400,"B"
"KBC","09:27:58",32.3,0.1,300,158400,"S"
"KBC","09:27:38",32.25,0.05,5000,158100,"B"
"KBC","09:27:19",32.25,0.05,3000,153100,"B"
"KBC","09:27:14",32.3,0.1,500,150100,"S"
"KBC","09:27:10",32.3,0.1,100,149600,"S"
"KBC","09:27:02",32.3,0.1,600,149500,"S"
"KBC","09:27:00",32.3,0.1,1000,148900,"S"
"KBC","09:26:58",32.3,0.1,10000,147900,"S"
"KBC","09:26:51",32.3,0.1,100,137900,"S"
"KBC","09:26:50",32.3,0.1,400,137800,"S"
"KBC","09:26:44",32.3,0.1,1000,137400,"S"
"KBC","09:26:40",32.3,0.1,3000,136400,"S"
"KBC","09:26:10",32.3,0.1,100,133400,"S"
"KBC","09:26:02",32.3,0.1,1400,133300,"S"
"KBC","09:26:00",32.25,0.05,200,131900,"B"
"KBC","09:25:55",32.25,0.05,1000,131700,"B"
"KBC","09:25:50",32.25,0.05,200,130700,"B"
"KBC","09:25:49",32.25,0.05,5000,130500,"B"
"KBC","09:25:40",32.3,0.1,100,125500,"S"
"KBC","09:25:30",32.3,0.1,1000,125400,"S"
"KBC","09:25:26",32.3,0.1,10000,124400,"S"
"KBC","09:25:10",32.3,0.1,100,114400,"S"
"KBC","09:25:06",32.3,0.1,1000,114300,"S"
"KBC","09:24:33",32.25,0.05,300,113300,"B"
"KBC","09:24:31",32.25,0.05,200,113000,"B"
"KBC","09:24:11",32.25,0.05,1300,112800,"B"
"KBC","09:24:01",32.25,0.05,1500,111500,"B"
"KBC","09:23:21",32.25,0.05,100,110000,"B"
"KBC","09:23:04",32.25,0.05,5000,109900,"B"
"KBC","09:22:40",32.3,0.1,100,104900,"S"
"KBC","09:22:33",32.25,0.05,1000,104800,"B"
"KBC","09:22:11",32.25,0.05,500,103800,"B"
"KBC","09:22:06",32.25,0.05,2000,103300,"B"
"KBC","09:22:05",32.25,0.05,5000,101300,"B"
"KBC","09:22:04",32.25,0.05,1500,96300,"B"
"KBC","09:21:56",32.3,0.1,100,94800,"S"
"KBC","09:21:51",32.25,0.05,400,94700,"B"
"KBC","09:21:50",32.3,0.1,100,94300,"S"
"KBC","09:21:44",32.3,0.1,1400,94200,"S"
"KBC","09:21:20",32.3,0.1,200,92800,"S"
"KBC","09:21:15",32.3,0.1,1000,92600,"S"
"KBC","09:21:13",32.3,0.1,1000,91600,"S"
"KBC","09:21:07",32.25,0.05,300,90600,"B"
"KBC","09:21:07",32.25,0.05,200,90300,"B"
"KBC","09:20:50",32.3,0.1,100,90100,"S"
"KBC","09:20:46",32.3,0.1,500,90000,"S"
"KBC","09:20:45",32.3,0.1,700,89500,"S"
"KBC","09:20:14",32.3,0.1,100,88800,"S"
"KBC","09:20:13",32.25,0.05,200,88700,"B"
"KBC","09:19:55",32.25,0.05,5000,88500,"B"
"KBC","09:19:51",32.25,0.05,500,83500,"B"
"KBC","09:19:43",32.25,0.05,1000,83000,"B"
"KBC","09:19:40",32.25,0.05,100,82000,"B"
"KBC","09:19:35",32.25,0.05,200,81900,"B"
"KBC","09:19:31",32.3,0.1,3000,81700,"S"
"KBC","09:19:20",32.3,0.1,400,78700,"S"
"KBC","09:19:18",32.3,0.1,200,78300,"S"
"KBC","09:19:17",32.25,0.05,2000,78100,"B"
"KBC","09:19:12",32.25,0.05,2500,76100,"B"
"KBC","09:19:02",32.25,0.05,15100,73600,"S"
"KBC","09:19:01",32.2,0,1500,58500,"B"
"KBC","09:18:42",32.2,0,1000,57000,"S"
"KBC","09:18:20",32.2,0,800,56000,"S"
"KBC","09:18:11",32.2,0,100,55200,"S"
"KBC","09:18:10",32.2,0,8100,55100,"S"
"KBC","09:18:08",32.2,0,100,47000,"S"
"KBC","09:18:05",32.2,0,100,46900,"S"
"KBC","09:18:04",32.2,0,1500,46800,"S"
"KBC","09:17:50",32.2,0,100,45300,"S"
"KBC","09:17:40",32.2,0,1400,45200,"S"
"KBC","09:17:38",32.2,0,3000,43800,"S"
"KBC","09:17:31",32.2,0,500,40800,"S"
"KBC","09:17:30",32.2,0,500,40300,"S"
"KBC","09:17:22",32.2,0,5000,39800,"S"
"KBC","09:17:20",32.2,0,100,34800,"S"
"KBC","09:17:18",32.2,0,1000,34700,"S"
"KBC","09:16:48",32.2,0,100,33700,"S"
"KBC","09:16:06",32.2,0,100,33600,"S"
"KBC","09:15:44",32.2,0,300,33500,"S"
"KBC","09:15:36",32.2,0,2000,33200,"S"
"KBC","09:15:33",32.2,0,3000,31200,"S"
"KBC","09:15:29",32.2,0,100,28200,"S"
"KBC","09:15:00",32.2,0,28100,28100,
