"symbol","time","price","change","vol","total","side"
"OCB","14:45:02",14.1,0,84700,2399500,
"OCB","14:29:56",14.15,0.05,8100,2314800,"S"
"OCB","14:29:50",14.1,0,4000,2306700,"B"
"OCB","14:29:35",14.1,0,1000,2302700,"B"
"OCB","14:29:17",14.1,0,300,2301700,"B"
"OCB","14:29:17",14.15,0.05,8100,2301400,"S"
"OCB","14:29:02",14.1,0,4300,2293300,"B"
"OCB","14:28:53",14.1,0,20100,2289000,"S"
"OCB","14:28:49",14.1,0,8100,2268900,"S"
"OCB","14:28:25",14.1,0,8100,2260800,"S"
"OCB","14:28:14",14.1,0,8100,2252700,"S"
"OCB","14:28:08",14.05,-0.05,500,2244600,"B"
"OCB","14:28:00",14.05,-0.05,100,2244100,"B"
"OCB","14:27:59",14.1,0,3200,2244000,"S"
"OCB","14:27:59",14.1,0,100,2240800,"S"
"OCB","14:27:58",14.1,0,8400,2240700,"S"
"OCB","14:27:57",14.1,0,800,2232300,"S"
"OCB","14:27:54",14.1,0,100,2231500,"S"
"OCB","14:27:52",14.1,0,400,2231400,"S"
"OCB","14:27:52",14.1,0,1200,2231000,"S"
"OCB","14:27:51",14.1,0,3200,2229800,"S"
"OCB","14:27:50",14.1,0,8100,2226600,"S"
"OCB","14:27:32",14.1,0,200,2218500,"S"
"OCB","14:27:32",14.1,0,500,2218300,"S"
"OCB","14:27:30",14.1,0,1300,2217800,"S"
"OCB","14:27:30",14.1,0,3300,2216500,"S"
"OCB","14:27:29",14.1,0,8100,2213200,"S"
"OCB","14:27:21",14.1,0,100,2204900,"S"
"OCB","14:27:20",14.1,0,400,2204800,"S"
"OCB","14:27:19",14.1,0,1200,2204400,"S"
"OCB","14:27:18",14.1,0,3200,2203200,"S"
"OCB","14:27:17",14.1,0,8100,2200000,"S"
"OCB","14:27:10",14.05,-0.05,2000,2191900,"B"
"OCB","14:27:10",14.1,0,3200,2189900,"S"
"OCB","14:27:09",14.1,0,8100,2186700,"S"
"OCB","14:27:03",14.05,-0.05,3200,2178600,"B"
"OCB","14:26:59",14.05,-0.05,1000,2175400,"B"
"OCB","14:26:51",14.05,-0.05,5600,2174400,"S"
"OCB","14:26:51",14.05,-0.05,100,2168800,"S"
"OCB","14:26:50",14.05,-0.05,300,2168700,"S"
"OCB","14:26:49",14.05,-0.05,800,2168400,"S"
"OCB","14:26:48",14.05,-0.05,100,2167600,"S"
"OCB","14:26:47",14.05,-0.05,400,2167500,"S"
"OCB","14:26:46",14.05,-0.05,1200,2167100,"S"
"OCB","14:26:45",14.05,-0.05,3200,2165900,"S"
"OCB","14:26:42",14,-0.1,200,2154600,"B"
"OCB","14:26:37",14,-0.1,200,2154400,"B"
"OCB","14:26:37",14.05,-0.05,400,2154200,"S"
"OCB","14:26:36",14.05,-0.05,1200,2153800,"S"
"OCB","14:26:35",14.05,-0.05,3200,2152600,"S"
"OCB","14:26:34",14.05,-0.05,8100,2149400,"S"
"OCB","14:26:33",14.05,-0.05,200,2141300,"S"
"OCB","14:26:31",14.05,-0.05,600,2141100,"S"
"OCB","14:26:31",14.05,-0.05,300,2140500,"S"
"OCB","14:26:30",14.05,-0.05,900,2140200,"S"
"OCB","14:26:29",14.05,-0.05,400,2139300,"S"
"OCB","14:26:28",14.05,-0.05,1200,2138900,"S"
"OCB","14:26:26",14.05,-0.05,11300,2137700,"S"
"OCB","14:26:21",14.05,-0.05,100,2126400,"S"
"OCB","14:26:20",14.05,-0.05,400,2126300,"S"
"OCB","14:26:18",14.05,-0.05,4400,2125900,"S"
"OCB","14:26:17",14.05,-0.05,8100,2121500,"S"
"OCB","14:26:13",14.05,-0.05,100,2113400,"S"
"OCB","14:26:13",14.05,-0.05,400,2113300,"S"
"OCB","14:26:11",14.05,-0.05,1200,2112900,"S"
"OCB","14:26:11",14.05,-0.05,1200,2111700,"S"
"OCB","14:26:10",14.05,-0.05,5100,2110500,"S"
"OCB","14:26:08",14.05,-0.05,4900,2105400,"B"
"OCB","14:26:08",14.1,0,8100,2100500,"S"
"OCB","14:26:04",14.05,-0.05,2000,2092400,"B"
"OCB","14:26:04",14.1,0,100,2090400,"S"
"OCB","14:26:02",14.1,0,400,2090300,"S"
"OCB","14:26:02",14.1,0,1200,2089900,"S"
"OCB","14:26:01",14.1,0,3200,2088700,"S"
"OCB","14:26:00",14.1,0,8000,2085500,"S"
"OCB","14:26:00",14.05,-0.05,100,2077500,"S"
"OCB","14:25:59",14.05,-0.05,6900,2077400,"B"
"OCB","14:25:47",14.05,-0.05,1000,2070500,"B"
"OCB","14:25:46",14.1,0,8100,2069500,"S"
"OCB","14:25:42",14.05,-0.05,1000,2061400,"B"
"OCB","14:25:38",14.05,-0.05,200,2060400,"B"
"OCB","14:25:35",14.05,-0.05,4900,2060200,"S"
"OCB","14:25:33",14.05,-0.05,100,2055300,"S"
"OCB","14:25:33",14.05,-0.05,400,2055200,"S"
"OCB","14:25:31",14.05,-0.05,1200,2054800,"S"
"OCB","14:25:30",14.05,-0.05,3100,2053600,"B"
"OCB","14:25:28",14.05,-0.05,500,2050500,"B"
"OCB","14:25:24",14.05,-0.05,7700,2050000,"S"
"OCB","14:25:19",14.05,-0.05,100,2042300,"S"
"OCB","14:25:18",14.05,-0.05,300,2042200,"S"
"OCB","14:25:17",14.05,-0.05,900,2041900,"B"
"OCB","14:25:16",14.05,-0.05,100,2041000,"S"
"OCB","14:25:14",14.05,-0.05,2700,2040900,"S"
"OCB","14:25:10",14.05,-0.05,200,2038200,"B"
"OCB","14:25:07",14.05,-0.05,700,2038000,"B"
"OCB","14:25:04",14.05,-0.05,100,2037300,"B"
"OCB","14:25:03",14.05,-0.05,900,2037200,"S"
"OCB","14:25:01",14.05,-0.05,3600,2036300,"S"
"OCB","14:25:01",14.05,-0.05,2400,2032700,"S"
"OCB","14:24:59",14.05,-0.05,6100,2030300,"B"
"OCB","14:24:54",14.1,0,100,2024200,"S"
"OCB","14:24:53",14.1,0,400,2024100,"S"
"OCB","14:24:52",14.1,0,1000,2023700,"S"
"OCB","14:24:50",14.1,0,2700,2022700,"S"
"OCB","14:24:45",14.1,0,100,2020000,"S"
"OCB","14:24:45",14.1,0,400,2019900,"S"
"OCB","14:24:43",14.1,0,1000,2019500,"S"
"OCB","14:24:43",14.1,0,2700,2018500,"S"
"OCB","14:24:36",14.1,0,100,2015800,"S"
"OCB","14:24:35",14.1,0,400,2015700,"S"
"OCB","14:24:34",14.1,0,1000,2015300,"S"
"OCB","14:24:33",14.1,0,2700,2014300,"S"
"OCB","14:24:17",14.05,-0.05,1000,2011600,"B"
"OCB","14:24:17",14.1,0,400,2010600,"S"
"OCB","14:24:17",14.1,0,1000,2010200,"S"
"OCB","14:24:16",14.1,0,2700,2009200,"S"
"OCB","14:24:06",14.1,0,100,2006500,"S"
"OCB","14:24:05",14.1,0,400,2006400,"S"
"OCB","14:24:04",14.1,0,1000,2006000,"S"
"OCB","14:24:03",14.1,0,2700,2005000,"S"
"OCB","14:23:52",14.1,0,100,2002300,"S"
"OCB","14:23:31",14.05,-0.05,5700,2002200,"B"
"OCB","14:23:30",14.1,0,2700,1996500,"S"
"OCB","14:23:23",14.05,-0.05,1100,1993800,"B"
"OCB","14:23:15",14.05,-0.05,800,1992700,"B"
"OCB","14:23:04",14.05,-0.05,1000,1991900,"B"
"OCB","14:22:49",14.1,0,200,1990900,"S"
"OCB","14:22:25",14.1,0,700,1990700,"S"
"OCB","14:22:21",14.1,0,200,1990000,"S"
"OCB","14:22:19",14.1,0,500,1989800,"S"
"OCB","14:22:17",14.1,0,200,1989300,"S"
"OCB","14:22:15",14.1,0,500,1989100,"S"
"OCB","14:22:13",14.1,0,200,1988600,"S"
"OCB","14:22:12",14.1,0,500,1988400,"S"
"OCB","14:21:17",14.05,-0.05,2600,1987900,"S"
"OCB","14:21:17",14.05,-0.05,2800,1985300,"S"
"OCB","14:21:16",14.05,-0.05,7000,1982500,"S"
"OCB","14:21:14",14,-0.1,100,1975500,"B"
"OCB","14:21:06",14,-0.1,200,1975400,"B"
"OCB","14:21:02",14,-0.1,2000,1975200,"B"
"OCB","14:20:49",14,-0.1,16400,1973200,"B"
"OCB","14:20:49",14.05,-0.05,3600,1956800,"B"
"OCB","14:20:42",14.05,-0.05,500,1953200,"B"
"OCB","14:20:21",14.05,-0.05,2700,1952700,"B"
"OCB","14:19:58",14.05,-0.05,2000,1950000,"B"
"OCB","14:18:54",14.1,0,100,1948000,"S"
"OCB","14:18:53",14.1,0,300,1947900,"S"
"OCB","14:18:49",14.05,-0.05,5000,1947600,"B"
"OCB","14:18:37",14.05,-0.05,300,1942600,"B"
"OCB","14:18:18",14.05,-0.05,100,1942300,"B"
"OCB","14:18:06",14.1,0,800,1942200,"S"
"OCB","14:18:04",14.1,0,1600,1941400,"S"
"OCB","14:18:04",14.1,0,1600,1939800,"S"
"OCB","14:18:03",14.1,0,12400,1938200,"S"
"OCB","14:17:41",14.1,0,200,1925800,"S"
"OCB","14:17:40",14.1,0,700,1925600,"S"
"OCB","14:17:39",14.1,0,1900,1924900,"S"
"OCB","14:17:38",14.1,0,4800,1923000,"S"
"OCB","14:17:26",14.05,-0.05,7000,1918200,"S"
"OCB","14:17:05",14.05,-0.05,200,1911200,"S"
"OCB","14:17:04",14.05,-0.05,500,1911000,"B"
"OCB","14:16:51",14.05,-0.05,800,1910500,"S"
"OCB","14:16:04",14.05,-0.05,100,1909700,"S"
"OCB","14:16:03",14.05,-0.05,400,1909600,"S"
"OCB","14:16:02",14.05,-0.05,1000,1909200,"S"
"OCB","14:16:01",14.05,-0.05,2700,1908200,"B"
"OCB","14:15:48",14.05,-0.05,600,1905500,"B"
"OCB","14:15:38",14.05,-0.05,3000,1904900,"B"
"OCB","14:15:18",14.05,-0.05,200,1901900,"S"
"OCB","14:15:07",14.05,-0.05,100,1901700,"S"
"OCB","14:15:06",14.05,-0.05,300,1901600,"S"
"OCB","14:15:05",14.05,-0.05,800,1901300,"S"
"OCB","14:15:04",14.05,-0.05,2000,1900500,"S"
"OCB","14:15:03",14.05,-0.05,5000,1898500,"S"
"OCB","14:15:01",14.05,-0.05,100,1893500,"S"
"OCB","14:15:00",14.05,-0.05,400,1893400,"S"
"OCB","14:14:58",14.05,-0.05,1000,1893000,"S"
"OCB","14:14:31",14.05,-0.05,100,1892000,"S"
"OCB","14:14:30",14.05,-0.05,400,1891900,"S"
"OCB","14:14:29",14.05,-0.05,1000,1891500,"S"
"OCB","14:14:03",14.05,-0.05,200,1890500,"S"
"OCB","14:14:02",14.05,-0.05,200,1890300,"S"
"OCB","14:14:01",14,-0.1,500,1890100,"B"
"OCB","14:14:01",14.05,-0.05,600,1889600,"S"
"OCB","14:14:00",14.05,-0.05,800,1889000,"S"
"OCB","14:14:00",14.05,-0.05,900,1888200,"B"
"OCB","14:13:53",14.05,-0.05,800,1887300,"S"
"OCB","14:13:53",14.05,-0.05,3500,1886500,"B"
"OCB","14:13:41",14.05,-0.05,500,1883000,"S"
"OCB","14:13:40",14.05,-0.05,4500,1882500,"B"
"OCB","14:13:34",14.05,-0.05,2700,1878000,"B"
"OCB","14:13:17",14.05,-0.05,900,1875300,"S"
"OCB","14:13:16",14.05,-0.05,17000,1874400,"S"
"OCB","14:13:08",14,-0.1,4000,1857400,"B"
"OCB","14:13:07",14,-0.1,1100,1853400,"B"
"OCB","14:12:58",14.05,-0.05,200,1852300,"S"
"OCB","14:12:56",14.05,-0.05,500,1852100,"S"
"OCB","14:12:53",14.05,-0.05,200,1851600,"S"
"OCB","14:12:50",14.05,-0.05,200,1851400,"S"
"OCB","14:12:48",14.05,-0.05,1900,1851200,"S"
"OCB","14:12:47",14.05,-0.05,3500,1849300,"S"
"OCB","14:12:45",14.05,-0.05,11400,1845800,"S"
"OCB","14:12:26",14.05,-0.05,100,1834400,"S"
"OCB","14:12:25",14.05,-0.05,100,1834300,"S"
"OCB","14:12:11",14.05,-0.05,100,1834200,"S"
"OCB","14:12:10",14.05,-0.05,400,1834100,"S"
"OCB","14:11:37",14.05,-0.05,100,1833700,"S"
"OCB","14:11:16",14.05,-0.05,100,1833600,"S"
"OCB","14:11:15",14.05,-0.05,400,1833500,"S"
"OCB","14:11:15",14.05,-0.05,1200,1833100,"S"
"OCB","14:11:14",14.05,-0.05,3000,1831900,"S"
"OCB","14:11:13",14.05,-0.05,1000,1828900,"S"
"OCB","14:11:12",14.05,-0.05,6500,1827900,"S"
"OCB","14:11:11",14.05,-0.05,16300,1821400,"B"
"OCB","14:11:10",14.05,-0.05,2500,1805100,"B"
"OCB","14:10:50",14.05,-0.05,5000,1802600,"B"
"OCB","14:10:30",14.05,-0.05,5000,1797600,"B"
"OCB","14:10:17",14.05,-0.05,5000,1792600,"B"
"OCB","14:10:08",14.05,-0.05,500,1787600,"S"
"OCB","14:10:07",14.05,-0.05,17000,1787100,"S"
"OCB","14:09:43",13.95,-0.15,1100,1770100,"B"
"OCB","14:09:42",13.95,-0.15,34400,1769000,"B"
"OCB","14:09:42",14,-0.1,152600,1734600,"B"
"OCB","14:09:27",14,-0.1,22600,1582000,"B"
"OCB","14:09:27",14.05,-0.05,7400,1559400,"B"
"OCB","14:09:22",14.05,-0.05,11000,1552000,"B"
"OCB","14:09:15",14.05,-0.05,10000,1541000,"B"
"OCB","14:09:14",14.05,-0.05,400,1531000,"B"
"OCB","14:09:10",14.05,-0.05,5000,1530600,"B"
"OCB","14:09:08",14.05,-0.05,1500,1525600,"B"
"OCB","14:09:02",14.05,-0.05,2700,1524100,"B"
"OCB","14:09:01",14.05,-0.05,10000,1521400,"B"
"OCB","14:08:52",14.05,-0.05,2600,1511400,"B"
"OCB","14:08:39",14.05,-0.05,10000,1508800,"B"
"OCB","14:08:37",14.05,-0.05,100,1498800,"B"
"OCB","14:08:25",14.05,-0.05,500,1498700,"B"
"OCB","14:08:19",14.05,-0.05,2000,1498200,"B"
"OCB","14:08:14",14.05,-0.05,2000,1496200,"B"
"OCB","14:08:09",14.05,-0.05,1000,1494200,"B"
"OCB","14:08:05",14.05,-0.05,5000,1493200,"B"
"OCB","14:07:50",14.05,-0.05,10000,1488200,"B"
"OCB","14:07:50",14.05,-0.05,2000,1478200,"B"
"OCB","14:07:43",14.05,-0.05,2000,1476200,"B"
"OCB","14:07:39",14.05,-0.05,10000,1474200,"B"
"OCB","14:07:30",14.05,-0.05,200,1464200,"B"
"OCB","14:07:29",14.05,-0.05,5000,1464000,"B"
"OCB","14:07:09",14.05,-0.05,2000,1459000,"B"
"OCB","14:07:06",14.05,-0.05,2000,1457000,"B"
"OCB","14:07:04",14.05,-0.05,3000,1455000,"B"
"OCB","14:07:03",14.05,-0.05,200,1452000,"B"
"OCB","14:06:57",14.05,-0.05,100,1451800,"B"
"OCB","14:06:49",14.05,-0.05,200,1451700,"B"
"OCB","14:06:45",14.05,-0.05,2700,1451500,"B"
"OCB","14:06:44",14.05,-0.05,2000,1448800,"B"
"OCB","14:06:40",14.05,-0.05,200,1446800,"B"
"OCB","14:06:23",14.05,-0.05,2700,1446600,"B"
"OCB","14:06:05",14.05,-0.05,1000,1443900,"B"
"OCB","14:05:54",14.05,-0.05,2000,1442900,"B"
"OCB","14:05:44",14.1,0,200,1440900,"S"
"OCB","14:05:17",14.05,-0.05,3600,1440700,"B"
"OCB","14:05:01",14.05,-0.05,500,1437100,"B"
"OCB","14:04:58",14.05,-0.05,200,1436600,"B"
"OCB","14:04:30",14.05,-0.05,100,1436400,"B"
"OCB","14:04:28",14.05,-0.05,600,1436300,"B"
"OCB","14:04:25",14.05,-0.05,200,1435700,"B"
"OCB","14:04:16",14.05,-0.05,1000,1435500,"B"
"OCB","14:03:59",14.05,-0.05,500,1434500,"B"
"OCB","14:03:33",14.05,-0.05,800,1434000,"B"
"OCB","14:03:27",14.1,0,200,1433200,"S"
"OCB","14:03:26",14.1,0,800,1433000,"S"
"OCB","14:03:25",14.1,0,2800,1432200,"S"
"OCB","14:03:24",14.05,-0.05,2700,1429400,"B"
"OCB","14:03:14",14.05,-0.05,1000,1426700,"B"
"OCB","14:03:11",14.1,0,700,1425700,"S"
"OCB","14:03:10",14.1,0,2000,1425000,"S"
"OCB","14:03:07",14.1,0,100,1423000,"S"
"OCB","14:02:36",14.1,0,1300,1422900,"S"
"OCB","14:02:23",14.1,0,300,1421600,"S"
"OCB","14:02:22",14.1,0,1000,1421300,"S"
"OCB","14:01:42",14.1,0,100,1420300,"S"
"OCB","14:01:41",14.1,0,600,1420200,"S"
"OCB","14:01:40",14.1,0,2000,1419600,"S"
"OCB","14:01:20",14.1,0,1400,1417600,"B"
"OCB","14:01:04",14.1,0,2000,1416200,"B"
"OCB","14:00:47",14.1,0,300,1414200,"B"
"OCB","14:00:43",14.1,0,900,1413900,"S"
"OCB","14:00:42",14.1,0,2100,1413000,"S"
"OCB","14:00:42",14.1,0,31500,1410900,"S"
"OCB","14:00:00",14.1,0,200,1379400,"S"
"OCB","13:59:58",14.1,0,100,1379200,"S"
"OCB","13:59:57",14.1,0,600,1379100,"S"
"OCB","13:59:56",14.1,0,2000,1378500,"S"
"OCB","13:58:55",14.1,0,100,1376500,"S"
"OCB","13:58:55",14.05,-0.05,100,1376400,"B"
"OCB","13:58:54",14.1,0,500,1376300,"S"
"OCB","13:57:43",14.1,0,100,1375800,"S"
"OCB","13:57:42",14.1,0,2000,1375700,"S"
"OCB","13:57:09",14.1,0,300,1373700,"S"
"OCB","13:57:08",14.1,0,5500,1373400,"S"
"OCB","13:56:35",14.1,0,100,1367900,"S"
"OCB","13:56:34",14.1,0,500,1367800,"B"
"OCB","13:56:32",14.1,0,1400,1367300,"S"
"OCB","13:56:32",14.1,0,5300,1365900,"B"
"OCB","13:56:27",14.1,0,3000,1360600,"B"
"OCB","13:56:25",14.1,0,1000,1357600,"B"
"OCB","13:56:24",14.1,0,300,1356600,"B"
"OCB","13:56:14",14.1,0,500,1356300,"B"
"OCB","13:56:11",14.1,0,1000,1355800,"B"
"OCB","13:55:12",14.1,0,1000,1354800,"B"
"OCB","13:55:01",14.15,0.05,100,1353800,"S"
"OCB","13:55:00",14.15,0.05,400,1353700,"S"
"OCB","13:54:59",14.15,0.05,1400,1353300,"S"
"OCB","13:54:59",14.1,0,100,1351900,"B"
"OCB","13:54:58",14.15,0.05,700,1351800,"S"
"OCB","13:54:58",14.1,0,4000,1351100,"B"
"OCB","13:54:52",14.1,0,300,1347100,"B"
"OCB","13:54:44",14.1,0,20000,1346800,"B"
"OCB","13:54:35",14.15,0.05,100,1326800,"S"
"OCB","13:54:34",14.15,0.05,500,1326700,"S"
"OCB","13:54:32",14.1,0,10000,1326200,"B"
"OCB","13:54:17",14.1,0,200,1316200,"B"
"OCB","13:54:10",14.15,0.05,200,1316000,"S"
"OCB","13:54:09",14.15,0.05,900,1315800,"S"
"OCB","13:54:09",14.15,0.05,3000,1314900,"S"
"OCB","13:54:05",14.1,0,900,1311900,"B"
"OCB","13:53:42",14.1,0,1100,1311000,"B"
"OCB","13:53:42",14.15,0.05,300,1309900,"S"
"OCB","13:53:41",14.15,0.05,1000,1309600,"S"
"OCB","13:53:23",14.1,0,500,1308600,"B"
"OCB","13:53:14",14.1,0,500,1308100,"B"
"OCB","13:53:00",14.1,0,1000,1307600,"B"
"OCB","13:52:50",14.1,0,1500,1306600,"B"
"OCB","13:52:44",14.1,0,100,1305100,"B"
"OCB","13:52:42",14.1,0,400,1305000,"B"
"OCB","13:52:38",14.1,0,2000,1304600,"B"
"OCB","13:52:37",14.1,0,1000,1302600,"B"
"OCB","13:52:32",14.1,0,1000,1301600,"B"
"OCB","13:52:29",14.1,0,1900,1300600,"B"
"OCB","13:52:22",14.1,0,5400,1298700,"B"
"OCB","13:52:17",14.1,0,1000,1293300,"B"
"OCB","13:52:13",14.1,0,200,1292300,"B"
"OCB","13:52:12",14.1,0,200,1292100,"B"
"OCB","13:52:11",14.1,0,200,1291900,"B"
"OCB","13:52:10",14.1,0,10000,1291700,"B"
"OCB","13:52:07",14.1,0,1000,1281700,"B"
"OCB","13:51:56",14.1,0,30000,1280700,"B"
"OCB","13:51:52",14.1,0,1000,1250700,"B"
"OCB","13:51:23",14.1,0,400,1249700,"B"
"OCB","13:51:21",14.1,0,400,1249300,"B"
"OCB","13:51:09",14.1,0,400,1248900,"S"
"OCB","13:51:08",14.1,0,17600,1248500,"B"
"OCB","13:51:06",14.1,0,2700,1230900,"B"
"OCB","13:50:52",14.1,0,200,1228200,"B"
"OCB","13:50:42",14.1,0,2000,1228000,"B"
"OCB","13:50:01",14.1,0,200,1226000,"S"
"OCB","13:50:00",14.1,0,1000,1225800,"S"
"OCB","13:49:43",14.1,0,600,1224800,"S"
"OCB","13:49:40",14.1,0,100,1224200,"S"
"OCB","13:49:38",14.1,0,500,1224100,"S"
"OCB","13:49:36",14.1,0,100,1223600,"S"
"OCB","13:49:35",14.1,0,400,1223500,"S"
"OCB","13:49:34",14.1,0,1500,1223100,"S"
"OCB","13:49:33",14.1,0,5000,1221600,"S"
"OCB","13:49:18",14.1,0,100,1216600,"S"
"OCB","13:49:17",14.1,0,400,1216500,"S"
"OCB","13:49:16",14.1,0,1400,1216100,"S"
"OCB","13:49:15",14.1,0,4800,1214700,"S"
"OCB","13:49:14",14.05,-0.05,100,1209900,"B"
"OCB","13:49:12",14.05,-0.05,200,1209800,"B"
"OCB","13:48:41",14.05,-0.05,1000,1209600,"B"
"OCB","13:48:24",14.1,0,100,1208600,"S"
"OCB","13:48:18",14.1,0,300,1208500,"S"
"OCB","13:48:18",14.1,0,1000,1208200,"S"
"OCB","13:47:58",14.1,0,100,1207200,"S"
"OCB","13:47:57",14.1,0,600,1207100,"S"
"OCB","13:47:55",14.1,0,100,1206500,"S"
"OCB","13:47:54",14.1,0,400,1206400,"S"
"OCB","13:47:54",14.1,0,1500,1206000,"S"
"OCB","13:47:52",14.1,0,5000,1204500,"S"
"OCB","13:47:46",14.1,0,700,1199500,"S"
"OCB","13:47:45",14.1,0,2000,1198800,"S"
"OCB","13:47:07",14.1,0,200,1196800,"S"
"OCB","13:47:06",14.1,0,800,1196600,"S"
"OCB","13:46:16",14.1,0,300,1195800,"S"
"OCB","13:46:15",14.1,0,1100,1195500,"S"
"OCB","13:46:14",14.1,0,3900,1194400,"B"
"OCB","13:45:24",14.15,0.05,100,1190500,"S"
"OCB","13:44:57",14.1,0,900,1190400,"S"
"OCB","13:44:56",14.1,0,100,1189500,"S"
"OCB","13:44:55",14.1,0,500,1189400,"S"
"OCB","13:44:54",14.1,0,1700,1188900,"S"
"OCB","13:44:53",14.1,0,5900,1187200,"S"
"OCB","13:44:52",14.1,0,3000,1181300,"S"
"OCB","13:44:51",14.1,0,10000,1178300,"S"
"OCB","13:44:23",14.1,0,100,1168300,"S"
"OCB","13:44:22",14.1,0,500,1168200,"S"
"OCB","13:44:21",14.1,0,1800,1167700,"S"
"OCB","13:44:20",14.1,0,26000,1165900,"S"
"OCB","13:43:55",14.1,0,100,1139900,"S"
"OCB","13:43:34",14.1,0,100,1139800,"S"
"OCB","13:43:34",14.1,0,500,1139700,"S"
"OCB","13:43:31",14.1,0,100,1139200,"S"
"OCB","13:43:30",14.1,0,500,1139100,"S"
"OCB","13:43:29",14.1,0,1800,1138600,"S"
"OCB","13:43:28",14.1,0,6000,1136800,"S"
"OCB","13:43:27",14.1,0,20000,1130800,"S"
"OCB","13:43:10",14.1,0,100,1110800,"S"
"OCB","13:42:43",14.05,-0.05,1000,1110700,"B"
"OCB","13:42:36",14.05,-0.05,2000,1109700,"B"
"OCB","13:42:28",14.05,-0.05,1000,1107700,"B"
"OCB","13:42:01",14.05,-0.05,2000,1106700,"B"
"OCB","13:41:49",14.05,-0.05,1000,1104700,"B"
"OCB","13:41:29",14.05,-0.05,5000,1103700,"B"
"OCB","13:41:14",14.05,-0.05,1000,1098700,"B"
"OCB","13:40:32",14.1,0,300,1097700,"S"
"OCB","13:40:31",14.1,0,1200,1097400,"S"
"OCB","13:40:30",14.1,0,4000,1096200,"S"
"OCB","13:40:21",14.1,0,200,1092200,"S"
"OCB","13:40:02",14.1,0,100,1092000,"S"
"OCB","13:40:01",14.1,0,500,1091900,"S"
"OCB","13:39:46",14.05,-0.05,300,1091400,"B"
"OCB","13:39:46",14.05,-0.05,2400,1091100,"B"
"OCB","13:39:37",14.05,-0.05,2700,1088700,"B"
"OCB","13:39:32",14.05,-0.05,100,1086000,"B"
"OCB","13:39:26",14.05,-0.05,10000,1085900,"B"
"OCB","13:39:22",14.05,-0.05,2700,1075900,"B"
"OCB","13:38:57",14.05,-0.05,200,1073200,"B"
"OCB","13:38:52",14.1,0,1300,1073000,"S"
"OCB","13:38:12",14.1,0,300,1071700,"S"
"OCB","13:38:11",14.1,0,1000,1071400,"S"
"OCB","13:37:42",14.1,0,100,1070400,"S"
"OCB","13:37:41",14.1,0,400,1070300,"S"
"OCB","13:37:40",14.1,0,1500,1069900,"S"
"OCB","13:37:40",14.1,0,5000,1068400,"S"
"OCB","13:36:45",14.1,0,200,1063400,"S"
"OCB","13:36:30",14.1,0,100,1063200,"S"
"OCB","13:35:31",14.05,-0.05,5600,1063100,"B"
"OCB","13:35:24",14.1,0,100,1057500,"S"
"OCB","13:35:23",14.1,0,400,1057400,"B"
"OCB","13:35:21",14.1,0,1000,1057000,"B"
"OCB","13:35:14",14.1,0,2000,1056000,"B"
"OCB","13:34:26",14.1,0,400,1054000,"S"
"OCB","13:34:25",14.1,0,3000,1053600,"S"
"OCB","13:33:30",14.1,0,200,1050600,"S"
"OCB","13:33:28",14.1,0,700,1050400,"S"
"OCB","13:33:27",14.1,0,2500,1049700,"B"
"OCB","13:33:20",14.1,0,5300,1047200,"S"
"OCB","13:33:20",14.1,0,21100,1041900,"B"
"OCB","13:33:02",14.1,0,100,1020800,"B"
"OCB","13:32:07",14.1,0,1000,1020700,"B"
"OCB","13:32:00",14.1,0,3000,1019700,"B"
"OCB","13:31:26",14.1,0,2000,1016700,"B"
"OCB","13:30:35",14.1,0,500,1014700,"B"
"OCB","13:29:51",14.1,0,100,1014200,"B"
"OCB","13:29:18",14.1,0,1000,1014100,"B"
"OCB","13:29:10",14.1,0,1000,1013100,"B"
"OCB","13:28:22",14.15,0.05,600,1012100,"S"
"OCB","13:27:47",14.15,0.05,100,1011500,"S"
"OCB","13:27:27",14.1,0,2000,1011400,"B"
"OCB","13:27:16",14.1,0,1000,1009400,"B"
"OCB","13:26:06",14.15,0.05,100,1008400,"S"
"OCB","13:25:41",14.15,0.05,200,1008300,"S"
"OCB","13:25:40",14.15,0.05,800,1008100,"S"
"OCB","13:25:39",14.15,0.05,2700,1007300,"S"
"OCB","13:25:38",14.15,0.05,9000,1004600,"S"
"OCB","13:25:28",14.1,0,7500,995600,"B"
"OCB","13:24:45",14.1,0,100,988100,"B"
"OCB","13:24:22",14.15,0.05,100,988000,"S"
"OCB","13:23:38",14.15,0.05,100,987900,"S"
"OCB","13:22:11",14.1,0,11000,987800,"S"
"OCB","13:21:15",14.1,0,300,976800,"S"
"OCB","13:21:14",14.1,0,1300,976500,"S"
"OCB","13:21:13",14.1,0,4400,975200,"B"
"OCB","13:21:05",14.1,0,2000,970800,"B"
"OCB","13:20:56",14.1,0,100,968800,"B"
"OCB","13:20:50",14.1,0,10000,968700,"B"
"OCB","13:20:30",14.1,0,2000,958700,"B"
"OCB","13:20:09",14.1,0,2100,956700,"B"
"OCB","13:19:57",14.1,0,2000,954600,"B"
"OCB","13:19:09",14.1,0,12000,952600,"B"
"OCB","13:19:04",14.15,0.05,500,940600,"S"
"OCB","13:18:24",14.15,0.05,100,940100,"S"
"OCB","13:18:23",14.15,0.05,500,940000,"S"
"OCB","13:16:43",14.1,0,100,939500,"B"
"OCB","13:16:02",14.1,0,1000,939400,"B"
"OCB","13:14:18",14.1,0,500,938400,"B"
"OCB","13:13:25",14.1,0,3800,937900,"S"
"OCB","13:13:09",14.1,0,100,934100,"S"
"OCB","13:12:24",14.1,0,100,934000,"S"
"OCB","13:12:05",14.1,0,100,933900,"S"
"OCB","13:11:47",14.1,0,200,933800,"S"
"OCB","13:11:46",14.1,0,900,933600,"S"
"OCB","13:11:45",14.1,0,3000,932700,"S"
"OCB","13:11:39",14.1,0,100,929700,"S"
"OCB","13:10:55",14.1,0,100,929600,"S"
"OCB","13:10:54",14.1,0,500,929500,"S"
"OCB","13:10:45",14.1,0,300,929000,"S"
"OCB","13:10:44",14.1,0,1000,928700,"S"
"OCB","13:10:35",14.1,0,300,927700,"S"
"OCB","13:10:34",14.1,0,1000,927400,"S"
"OCB","13:10:33",14.1,0,3600,926400,"S"
"OCB","13:10:32",14.1,0,12100,922800,"B"
"OCB","13:10:27",14.1,0,100,910700,"B"
"OCB","13:10:10",14.15,0.05,100,910600,"S"
"OCB","13:09:59",14.15,0.05,100,910500,"S"
"OCB","13:09:58",14.15,0.05,400,910400,"S"
"OCB","13:09:57",14.15,0.05,1500,910000,"S"
"OCB","13:09:44",14.15,0.05,100,908500,"S"
"OCB","13:08:47",14.15,0.05,100,908400,"S"
"OCB","13:08:46",14.15,0.05,500,908300,"S"
"OCB","13:08:45",14.15,0.05,1800,907800,"S"
"OCB","13:08:44",14.15,0.05,6000,906000,"S"
"OCB","13:08:43",14.15,0.05,20000,900000,"S"
"OCB","13:08:35",14.1,0,2000,880000,"B"
"OCB","13:08:29",14.1,0,100,878000,"B"
"OCB","13:08:12",14.1,0,200,877900,"B"
"OCB","13:06:28",14.1,0,3200,877700,"S"
"OCB","13:06:27",14.1,0,33600,874500,"B"
"OCB","13:06:20",14.15,0.05,200,840900,"S"
"OCB","13:06:19",14.15,0.05,700,840700,"S"
"OCB","13:06:18",14.15,0.05,2400,840000,"S"
"OCB","13:06:18",14.15,0.05,1200,837600,"S"
"OCB","13:06:17",14.1,0,7000,836400,"B"
"OCB","13:05:09",14.1,0,100,829400,"B"
"OCB","13:04:58",14.1,0,4000,829300,"B"
"OCB","13:04:19",14.1,0,500,825300,"B"
"OCB","13:03:59",14.1,0,500,824800,"B"
"OCB","13:03:28",14.1,0,5000,824300,"B"
"OCB","13:02:38",14.1,0,24600,819300,"B"
"OCB","13:02:13",14.1,0,500,794700,"B"
"OCB","13:02:00",14.1,0,400,794200,"B"
"OCB","13:01:32",14.1,0,2000,793800,"B"
"OCB","13:00:46",14.1,0,100,791800,"B"
"OCB","13:00:20",14.15,0.05,200,791700,"S"
"OCB","13:00:18",14.15,0.05,700,791500,"S"
"OCB","13:00:15",14.15,0.05,200,790800,"S"
"OCB","13:00:15",14.15,0.05,500,790600,"S"
"OCB","13:00:14",14.15,0.05,200,790100,"S"
"OCB","13:00:02",14.15,0.05,100,789900,"S"
"OCB","13:00:01",14.15,0.05,600,789800,"S"
"OCB","13:00:00",14.1,0,100,789200,"B"
"OCB","11:27:26",14.15,0.05,200,789100,"S"
"OCB","11:27:25",14.15,0.05,900,788900,"B"
"OCB","11:27:12",14.15,0.05,2000,788000,"B"
"OCB","11:27:03",14.15,0.05,2000,786000,"B"
"OCB","11:26:57",14.15,0.05,2000,784000,"B"
"OCB","11:26:57",14.15,0.05,400,782000,"S"
"OCB","11:26:56",14.15,0.05,18000,781600,"S"
"OCB","11:23:07",14.1,0,200,763600,"B"
"OCB","11:21:55",14.15,0.05,200,763400,"S"
"OCB","11:21:04",14.1,0,100,763200,"B"
"OCB","11:20:35",14.15,0.05,300,763100,"S"
"OCB","11:18:40",14.15,0.05,200,762800,"S"
"OCB","11:14:53",14.15,0.05,100,762600,"S"
"OCB","11:12:04",14.1,0,10000,762500,"B"
"OCB","11:11:23",14.1,0,100,752500,"B"
"OCB","11:10:55",14.15,0.05,100,752400,"S"
"OCB","11:10:55",14.15,0.05,400,752300,"S"
"OCB","11:10:53",14.15,0.05,1500,751900,"S"
"OCB","11:10:53",14.15,0.05,5000,750400,"S"
"OCB","11:10:22",14.1,0,50000,745400,"B"
"OCB","11:10:10",14.15,0.05,200,695400,"S"
"OCB","11:09:14",14.15,0.05,200,695200,"S"
"OCB","11:08:43",14.15,0.05,100,695000,"S"
"OCB","11:08:43",14.15,0.05,400,694900,"S"
"OCB","11:08:17",14.15,0.05,100,694500,"S"
"OCB","11:08:16",14.15,0.05,600,694400,"S"
"OCB","11:08:14",14.15,0.05,2000,693800,"S"
"OCB","11:08:09",14.15,0.05,200,691800,"S"
"OCB","11:05:27",14.15,0.05,200,691600,"S"
"OCB","11:05:26",14.15,0.05,900,691400,"S"
"OCB","11:05:26",14.15,0.05,3300,690500,"S"
"OCB","11:05:25",14.15,0.05,11300,687200,"B"
"OCB","11:05:15",14.15,0.05,1000,675900,"B"
"OCB","11:04:54",14.2,0.1,200,674900,"S"
"OCB","11:03:41",14.15,0.05,5000,674700,"B"
"OCB","11:02:06",14.2,0.1,100,669700,"S"
"OCB","11:02:00",14.15,0.05,2000,669600,"B"
"OCB","11:01:42",14.15,0.05,100,667600,"B"
"OCB","11:00:16",14.2,0.1,100,667500,"S"
"OCB","11:00:02",14.2,0.1,100,667400,"S"
"OCB","10:59:54",14.2,0.1,100,667300,"S"
"OCB","10:59:53",14.2,0.1,200,667200,"S"
"OCB","10:59:52",14.2,0.1,700,667000,"S"
"OCB","10:59:47",14.2,0.1,100,666300,"S"
"OCB","10:59:34",14.2,0.1,100,666200,"S"
"OCB","10:56:14",14.2,0.1,300,666100,"S"
"OCB","10:55:30",14.15,0.05,100,665800,"B"
"OCB","10:53:41",14.15,0.05,500,665700,"B"
"OCB","10:52:46",14.2,0.1,100,665200,"S"
"OCB","10:52:46",14.2,0.1,500,665100,"S"
"OCB","10:52:04",14.2,0.1,200,664600,"S"
"OCB","10:52:04",14.2,0.1,900,664400,"S"
"OCB","10:52:02",14.2,0.1,3000,663500,"S"
"OCB","10:52:00",14.15,0.05,100,660500,"B"
"OCB","10:51:28",14.2,0.1,100,660400,"S"
"OCB","10:51:27",14.2,0.1,500,660300,"S"
"OCB","10:50:03",14.15,0.05,5400,659800,"B"
"OCB","10:49:54",14.15,0.05,2000,654400,"B"
"OCB","10:49:41",14.15,0.05,700,652400,"S"
"OCB","10:48:17",14.15,0.05,300,651700,"S"
"OCB","10:48:16",14.15,0.05,1100,651400,"B"
"OCB","10:48:05",14.15,0.05,1400,650300,"S"
"OCB","10:48:03",14.15,0.05,500,648900,"S"
"OCB","10:47:54",14.15,0.05,300,648400,"B"
"OCB","10:47:49",14.1,0,3000,648100,"B"
"OCB","10:47:49",14.15,0.05,2400,645100,"B"
"OCB","10:47:37",14.15,0.05,3700,642700,"S"
"OCB","10:47:21",14.15,0.05,200,639000,"S"
"OCB","10:46:59",14.15,0.05,100,638800,"S"
"OCB","10:46:51",14.1,0,400,638700,"B"
"OCB","10:46:51",14.15,0.05,5000,638300,"B"
"OCB","10:46:18",14.15,0.05,5400,633300,"B"
"OCB","10:42:52",14.15,0.05,1500,627900,"B"
"OCB","10:42:18",14.15,0.05,100,626400,"B"
"OCB","10:40:07",14.2,0.1,5000,626300,"S"
"OCB","10:37:24",14.15,0.05,1000,621300,"B"
"OCB","10:37:06",14.15,0.05,300,620300,"B"
"OCB","10:36:03",14.15,0.05,2000,620000,"B"
"OCB","10:35:59",14.2,0.1,100,618000,"S"
"OCB","10:33:00",14.2,0.1,1000,617900,"S"
"OCB","10:32:36",14.15,0.05,100,616900,"B"
"OCB","10:31:23",14.2,0.1,200,616800,"S"
"OCB","10:30:30",14.2,0.1,100,616600,"S"
"OCB","10:25:09",14.2,0.1,200,616500,"S"
"OCB","10:24:58",14.2,0.1,7900,616300,"B"
"OCB","10:23:56",14.2,0.1,500,608400,"B"
"OCB","10:23:06",14.2,0.1,100,607900,"B"
"OCB","10:22:55",14.2,0.1,100,607800,"B"
"OCB","10:22:44",14.2,0.1,1000,607700,"B"
"OCB","10:21:03",14.2,0.1,100,606700,"B"
"OCB","10:20:10",14.2,0.1,500,606600,"B"
"OCB","10:19:54",14.2,0.1,1000,606100,"B"
"OCB","10:19:35",14.2,0.1,5000,605100,"B"
"OCB","10:19:29",14.2,0.1,5000,600100,"B"
"OCB","10:19:03",14.2,0.1,3000,595100,"B"
"OCB","10:19:02",14.25,0.15,3800,592100,"S"
"OCB","10:18:50",14.25,0.15,100,588300,"S"
"OCB","10:16:25",14.2,0.1,1000,588200,"B"
"OCB","10:16:14",14.2,0.1,1000,587200,"B"
"OCB","10:16:11",14.2,0.1,100,586200,"B"
"OCB","10:15:31",14.2,0.1,500,586100,"B"
"OCB","10:15:26",14.2,0.1,100,585600,"S"
"OCB","10:15:21",14.2,0.1,7000,585500,"S"
"OCB","10:14:50",14.2,0.1,1000,578500,"S"
"OCB","10:14:32",14.2,0.1,3700,577500,"S"
"OCB","10:13:58",14.2,0.1,300,573800,"S"
"OCB","10:13:39",14.2,0.1,3800,573500,"S"
"OCB","10:13:19",14.2,0.1,10000,569700,"S"
"OCB","10:13:13",14.15,0.05,100,559700,"B"
"OCB","10:13:02",14.2,0.1,200,559600,"S"
"OCB","10:12:44",14.2,0.1,3800,559400,"S"
"OCB","10:12:20",14.2,0.1,100,555600,"S"
"OCB","10:11:50",14.2,0.1,3800,555500,"S"
"OCB","10:11:35",14.2,0.1,2000,551700,"S"
"OCB","10:11:15",14.2,0.1,1000,549700,"S"
"OCB","10:07:27",14.15,0.05,19000,548700,"B"
"OCB","10:06:32",14.15,0.05,10000,529700,"B"
"OCB","10:05:42",14.15,0.05,7600,519700,"B"
"OCB","10:05:20",14.15,0.05,500,512100,"B"
"OCB","10:03:32",14.15,0.05,100,511600,"B"
"OCB","10:03:26",14.2,0.1,1400,511500,"S"
"OCB","10:03:04",14.2,0.1,500,510100,"S"
"OCB","10:02:52",14.2,0.1,3800,509600,"S"
"OCB","10:01:59",14.2,0.1,3800,505800,"S"
"OCB","10:01:57",14.2,0.1,600,502000,"S"
"OCB","10:01:47",14.2,0.1,500,501400,"S"
"OCB","10:00:35",14.15,0.05,7000,500900,"B"
"OCB","10:00:20",14.15,0.05,1000,493900,"B"
"OCB","10:00:07",14.15,0.05,500,492900,"B"
"OCB","09:59:55",14.15,0.05,400,492400,"B"
"OCB","09:58:13",14.15,0.05,500,492000,"B"
"OCB","09:57:56",14.2,0.1,1800,491500,"S"
"OCB","09:57:29",14.2,0.1,1900,489700,"S"
"OCB","09:57:02",14.2,0.1,1900,487800,"S"
"OCB","09:56:36",14.2,0.1,1900,485900,"S"
"OCB","09:56:32",14.2,0.1,700,484000,"B"
"OCB","09:56:12",14.2,0.1,10000,483300,"B"
"OCB","09:56:12",14.2,0.1,200,473300,"B"
"OCB","09:55:38",14.2,0.1,100,473100,"B"
"OCB","09:55:31",14.2,0.1,5000,473000,"B"
"OCB","09:55:19",14.2,0.1,300,468000,"B"
"OCB","09:55:09",14.2,0.1,26000,467700,"B"
"OCB","09:55:00",14.2,0.1,2000,441700,"B"
"OCB","09:54:41",14.2,0.1,1000,439700,"B"
"OCB","09:53:50",14.2,0.1,100,438700,"B"
"OCB","09:53:48",14.2,0.1,500,438600,"B"
"OCB","09:53:41",14.2,0.1,100,438100,"B"
"OCB","09:53:41",14.2,0.1,500,438000,"B"
"OCB","09:53:37",14.2,0.1,300,437500,"B"
"OCB","09:51:33",14.2,0.1,5100,437200,"B"
"OCB","09:51:33",14.2,0.1,4900,432100,"B"
"OCB","09:50:57",14.2,0.1,1000,427200,"B"
"OCB","09:50:38",14.2,0.1,300,426200,"B"
"OCB","09:49:32",14.2,0.1,500,425900,"B"
"OCB","09:49:18",14.2,0.1,100,425400,"B"
"OCB","09:48:05",14.2,0.1,1000,425300,"B"
"OCB","09:47:40",14.2,0.1,100,424300,"B"
"OCB","09:47:05",14.2,0.1,100,424200,"B"
"OCB","09:46:43",14.2,0.1,1000,424100,"B"
"OCB","09:46:36",14.25,0.15,1000,423100,"S"
"OCB","09:46:31",14.25,0.15,100,422100,"S"
"OCB","09:46:19",14.25,0.15,1800,422000,"S"
"OCB","09:46:03",14.25,0.15,100,420200,"S"
"OCB","09:45:53",14.2,0.1,3600,420100,"B"
"OCB","09:45:53",14.25,0.15,1900,416500,"S"
"OCB","09:45:29",14.25,0.15,2000,414600,"S"
"OCB","09:45:25",14.25,0.15,1900,412600,"S"
"OCB","09:45:03",14.25,0.15,200,410700,"S"
"OCB","09:44:09",14.2,0.1,100,410500,"B"
"OCB","09:43:55",14.2,0.1,300,410400,"B"
"OCB","09:42:23",14.2,0.1,100,410100,"B"
"OCB","09:42:13",14.2,0.1,500,410000,"B"
"OCB","09:41:45",14.2,0.1,5000,409500,"B"
"OCB","09:41:43",14.25,0.15,100,404500,"S"
"OCB","09:41:18",14.2,0.1,200,404400,"B"
"OCB","09:41:05",14.2,0.1,2000,404200,"B"
"OCB","09:41:01",14.2,0.1,3300,402200,"B"
"OCB","09:40:42",14.2,0.1,30000,398900,"B"
"OCB","09:40:11",14.2,0.1,1300,368900,"B"
"OCB","09:40:04",14.25,0.15,1800,367600,"S"
"OCB","09:39:55",14.25,0.15,31200,365800,"B"
"OCB","09:39:45",14.25,0.15,10000,334600,"B"
"OCB","09:39:43",14.25,0.15,3000,324600,"B"
"OCB","09:39:41",14.25,0.15,3900,321600,"B"
"OCB","09:39:30",14.25,0.15,100,317700,"B"
"OCB","09:38:57",14.25,0.15,1500,317600,"B"
"OCB","09:38:51",14.25,0.15,10900,316100,"B"
"OCB","09:38:46",14.25,0.15,2000,305200,"B"
"OCB","09:38:29",14.25,0.15,3800,303200,"B"
"OCB","09:38:20",14.3,0.2,200,299400,"S"
"OCB","09:38:16",14.3,0.2,1800,299200,"S"
"OCB","09:38:05",14.3,0.2,400,297400,"S"
"OCB","09:37:32",14.25,0.15,400,297000,"B"
"OCB","09:37:10",14.25,0.15,5700,296600,"B"
"OCB","09:36:29",14.25,0.15,1600,290900,"B"
"OCB","09:36:22",14.25,0.15,800,289300,"B"
"OCB","09:36:14",14.3,0.2,500,288500,"S"
"OCB","09:36:02",14.3,0.2,1800,288000,"S"
"OCB","09:35:37",14.3,0.2,2000,286200,"S"
"OCB","09:35:28",14.25,0.15,200,284200,"B"
"OCB","09:35:24",14.3,0.2,5000,284000,"S"
"OCB","09:35:21",14.25,0.15,10000,279000,"B"
"OCB","09:35:08",14.3,0.2,1800,269000,"S"
"OCB","09:34:42",14.3,0.2,100,267200,"S"
"OCB","09:34:39",14.25,0.15,800,267100,"B"
"OCB","09:34:27",14.25,0.15,100,266300,"B"
"OCB","09:34:15",14.3,0.2,1800,266200,"S"
"OCB","09:34:02",14.3,0.2,100,264400,"S"
"OCB","09:33:44",14.25,0.15,100,264300,"B"
"OCB","09:33:21",14.3,0.2,1900,264200,"S"
"OCB","09:33:16",14.3,0.2,2100,262300,"S"
"OCB","09:33:09",14.3,0.2,100,260200,"S"
"OCB","09:32:52",14.25,0.15,1500,260100,"B"
"OCB","09:32:38",14.25,0.15,500,258600,"B"
"OCB","09:31:12",14.25,0.15,400,258100,"B"
"OCB","09:30:17",14.25,0.15,500,257700,"B"
"OCB","09:30:13",14.25,0.15,1100,257200,"S"
"OCB","09:30:12",14.25,0.15,2000,256100,"B"
"OCB","09:30:06",14.2,0.1,5700,254100,"B"
"OCB","09:30:06",14.25,0.15,4300,248400,"B"
"OCB","09:29:56",14.25,0.15,3000,244100,"B"
"OCB","09:29:42",14.25,0.15,49900,241100,"S"
"OCB","09:29:39",14.25,0.15,5000,191200,"S"
"OCB","09:29:38",14.25,0.15,100,186200,"S"
"OCB","09:29:35",14.25,0.15,50000,186100,"S"
"OCB","09:29:26",14.25,0.15,10000,136100,"S"
"OCB","09:29:21",14.25,0.15,1900,126100,"S"
"OCB","09:29:09",14.25,0.15,300,124200,"S"
"OCB","09:29:04",14.25,0.15,400,123900,"S"
"OCB","09:28:54",14.25,0.15,2000,123500,"S"
"OCB","09:28:47",14.25,0.15,5000,121500,"S"
"OCB","09:27:36",14.2,0.1,100,116500,"B"
"OCB","09:27:33",14.25,0.15,1900,116400,"S"
"OCB","09:27:06",14.25,0.15,2000,114500,"S"
"OCB","09:26:40",14.25,0.15,2000,112500,"S"
"OCB","09:26:24",14.25,0.15,12900,110500,"S"
"OCB","09:26:23",14.2,0.1,600,97600,"B"
"OCB","09:26:22",14.2,0.1,4400,97000,"B"
"OCB","09:26:00",14.2,0.1,100,92600,"B"
"OCB","09:25:41",14.2,0.1,100,92500,"B"
"OCB","09:25:19",14.25,0.15,1900,92400,"S"
"OCB","09:24:52",14.25,0.15,2000,90500,"S"
"OCB","09:24:25",14.25,0.15,2000,88500,"S"
"OCB","09:24:03",14.25,0.15,5000,86500,"S"
"OCB","09:23:46",14.2,0.1,1000,81500,"B"
"OCB","09:23:31",14.2,0.1,2000,80500,"B"
"OCB","09:23:22",14.2,0.1,1000,78500,"B"
"OCB","09:22:51",14.2,0.1,1600,77500,"B"
"OCB","09:22:38",14.25,0.15,2000,75900,"S"
"OCB","09:22:17",14.25,0.15,100,73900,"S"
"OCB","09:22:06",14.2,0.1,400,73800,"B"
"OCB","09:22:01",14.2,0.1,100,73400,"B"
"OCB","09:21:49",14.2,0.1,23300,73300,"S"
"OCB","09:21:48",14.2,0.1,24500,50000,"S"
"OCB","09:19:43",14.15,0.05,400,25500,"B"
"OCB","09:19:26",14.15,0.05,1000,25100,"B"
"OCB","09:19:23",14.2,0.1,700,24100,"S"
"OCB","09:19:22",14.2,0.1,100,23400,"S"
"OCB","09:19:01",14.15,0.05,200,23300,"B"
"OCB","09:18:51",14.15,0.05,1000,23100,"B"
"OCB","09:18:37",14.15,0.05,1000,22100,"B"
"OCB","09:18:25",14.15,0.05,1000,21100,"B"
"OCB","09:18:13",14.15,0.05,100,20100,"B"
"OCB","09:15:11",14.1,0,100,20000,"B"
"OCB","09:15:04",14,-0.1,7000,19900,"B"
"OCB","09:15:04",14.05,-0.05,1500,12900,"B"
"OCB","09:15:04",14.1,0,1800,11400,"B"
"OCB","09:15:03",14.1,0,200,9600,"S"
"OCB","09:15:01",14.1,0,9400,9400,
