"price","change","match_qtty","side","time","total_vol"
41.9,1.3,211700,"","14:45:05",2406400
41.95,1.35,500,"sd","14:29:46",2194700
42,1.4,500,"bu","14:29:45",2194200
42,1.4,1000,"bu","14:29:43",2193700
41.95,1.35,3000,"sd","14:29:42",2192700
42,1.4,1000,"bu","14:29:38",2189700
42,1.4,6000,"bu","14:29:37",2188700
41.95,1.35,1000,"sd","14:29:34",2182700
42,1.4,3000,"bu","14:29:29",2181700
42,1.4,2000,"bu","14:29:27",2178700
41.95,1.35,200,"sd","14:29:24",2176700
42,1.4,100,"bu","14:29:22",2176500
41.95,1.35,2400,"sd","14:29:21",2176400
42,1.4,1000,"bu","14:29:17",2174000
42,1.4,3000,"bu","14:29:14",2173000
42,1.4,20000,"bu","14:29:13",2170000
41.95,1.35,1100,"sd","14:29:08",2150000
41.95,1.35,200,"sd","14:29:03",2148900
41.95,1.35,2000,"sd","14:29:00",2148700
41.95,1.35,200,"sd","14:28:58",2146700
42,1.4,100,"bu","14:28:55",2146500
41.95,1.35,600,"sd","14:28:54",2146400
42,1.4,200,"bu","14:28:52",2145800
42,1.4,200,"bu","14:28:51",2145600
42,1.4,500,"bu","14:28:44",2145400
42,1.4,7600,"bu","14:28:36",2144900
41.95,1.35,500,"sd","14:28:34",2137300
42,1.4,1200,"bu","14:28:34",2136800
41.95,1.35,100,"sd","14:28:21",2135600
41.95,1.35,300,"sd","14:28:18",2135500
41.95,1.35,900,"sd","14:28:16",2135200
41.95,1.35,3000,"sd","14:28:13",2134300
41.95,1.35,10200,"bu","14:28:12",2131300
41.9,1.3,100,"sd","14:28:00",2121100
41.9,1.3,200,"sd","14:27:46",2121000
42,1.4,25200,"bu","14:27:42",2120800
41.95,1.35,500,"bu","14:27:42",2095600
41.9,1.3,21000,"bu","14:27:40",2095100
41.9,1.3,1200,"bu","14:27:29",2074100
41.8,1.2,500,"bu","14:27:20",2072900
41.9,1.3,7900,"bu","14:27:17",2072400
41.85,1.25,900,"bu","14:27:17",2064500
41.8,1.2,19600,"bu","14:27:17",2063500
41.75,1.15,300,"sd","14:27:16",2043900
41.8,1.2,30000,"bu","14:27:00",2043600
41.8,1.2,1200,"bu","14:26:59",2013600
41.8,1.2,100,"sd","14:26:49",2012400
41.8,1.2,100,"sd","14:26:48",2012300
41.85,1.25,5800,"bu","14:26:47",2012200
41.8,1.2,3100,"bu","14:26:47",2006400
41.8,1.2,300,"bu","14:26:38",2003300
41.8,1.2,700,"bu","14:26:28",2003000
41.75,1.15,100,"sd","14:26:25",2002300
41.85,1.25,4300,"bu","14:26:16",2002200
41.8,1.2,4600,"bu","14:26:16",1997900
41.8,1.2,30000,"bu","14:26:15",1993300
41.8,1.2,900,"bu","14:25:59",1963300
41.75,1.15,1100,"bu","14:25:59",1962400
41.75,1.15,900,"bu","14:25:59",1961300
41.75,1.15,700,"bu","14:25:58",1960400
41.7,1.1,5000,"sd","14:25:47",1959700
41.8,1.2,6200,"bu","14:25:44",1954700
41.7,1.1,200,"sd","14:25:29",1945800
41.7,1.1,800,"sd","14:25:28",1945600
41.7,1.1,100,"sd","14:25:14",1944800
41.8,1.2,8900,"bu","14:25:13",1944700
41.7,1.1,500,"sd","14:25:13",1935800
41.75,1.15,500,"sd","14:25:07",1935300
41.8,1.2,900,"bu","14:24:59",1934800
41.75,1.15,300,"sd","14:24:57",1933900
41.7,1.1,200,"sd","14:24:56",1933600
41.7,1.1,300,"sd","14:24:54",1933400
41.7,1.1,1900,"sd","14:24:44",1933100
41.75,1.15,3100,"sd","14:24:44",1931200
41.75,1.15,1500,"sd","14:24:42",1928100
41.8,1.2,8900,"bu","14:24:42",1926600
41.75,1.15,400,"bu","14:24:42",1917700
41.75,1.15,700,"sd","14:24:40",1917300
41.7,1.1,700,"sd","14:24:25",1916600
41.7,1.1,600,"sd","14:24:23",1915900
41.7,1.1,100,"sd","14:24:20",1915300
41.8,1.2,8900,"bu","14:24:11",1915200
41.8,1.2,700,"bu","14:23:55",1906300
41.8,1.2,8600,"bu","14:23:39",1905600
41.75,1.15,1000,"bu","14:23:39",1897000
41.8,1.2,300,"bu","14:23:25",1896000
41.75,1.15,400,"bu","14:23:25",1895700
41.75,1.15,100,"bu","14:23:19",1895300
41.8,1.2,5400,"bu","14:23:08",1895200
41.75,1.15,3400,"bu","14:23:08",1889800
41.75,1.15,700,"bu","14:22:54",1886400
41.65,1.05,100,"sd","14:22:52",1885700
41.65,1.05,1100,"sd","14:22:46",1885600
41.65,1.05,600,"sd","14:22:41",1884500
41.8,1.2,4600,"bu","14:22:37",1883900
41.75,1.15,4200,"bu","14:22:37",1879300
41.65,1.05,1100,"sd","14:22:29",1875100
41.65,1.05,600,"sd","14:22:24",1874000
41.75,1.15,700,"bu","14:22:24",1873400
41.75,1.15,100,"sd","14:22:20",1872700
41.75,1.15,800,"bu","14:22:19",1872600
41.65,1.05,600,"sd","14:22:10",1871800
41.65,1.05,200,"sd","14:22:08",1871200
41.75,1.15,200,"bu","14:22:08",1871000
41.65,1.05,700,"sd","14:22:07",1870800
41.8,1.2,5700,"bu","14:22:05",1870100
41.75,1.15,3100,"bu","14:22:05",1864400
41.75,1.15,100,"sd","14:21:56",1861300
41.75,1.15,700,"bu","14:21:53",1861200
41.75,1.15,3900,"bu","14:21:40",1860500
41.75,1.15,600,"bu","14:21:34",1856600
41.7,1.1,8200,"bu","14:21:34",1856000
41.7,1.1,6800,"sd","14:21:33",1847800
41.7,1.1,10000,"sd","14:21:26",1841000
41.7,1.1,2000,"sd","14:21:13",1831000
41.75,1.15,8800,"bu","14:21:02",1829000
41.75,1.15,900,"bu","14:20:58",1820200
41.7,1.1,1000,"sd","14:20:56",1819300
41.7,1.1,200,"sd","14:20:52",1818300
41.75,1.15,2900,"bu","14:20:51",1818100
41.7,1.1,100,"sd","14:20:51",1815200
41.7,1.1,2000,"sd","14:20:37",1815100
41.75,1.15,8800,"bu","14:20:31",1813100
41.7,1.1,7300,"bu","14:20:28",1804300
41.65,1.05,4500,"sd","14:20:20",1797000
41.65,1.05,2600,"bu","14:20:16",1792500
41.6,1,2000,"sd","14:20:13",1789900
41.65,1.05,24000,"bu","14:20:10",1787900
41.65,1.05,2000,"bu","14:20:02",1763900
41.65,1.05,3500,"sd","14:20:01",1761900
41.7,1.1,8300,"bu","14:20:00",1758400
41.65,1.05,100,"bu","14:19:38",1750100
41.6,1,600,"sd","14:19:22",1750000
41.65,1.05,9400,"sd","14:19:22",1749400
41.65,1.05,1000,"sd","14:18:42",1740000
41.65,1.05,2000,"sd","14:18:27",1739000
41.7,1.1,700,"bu","14:18:19",1737000
41.7,1.1,100,"sd","14:18:09",1736300
41.7,1.1,1000,"sd","14:17:55",1736200
41.7,1.1,100,"sd","14:17:47",1735200
41.7,1.1,1300,"bu","14:17:43",1735100
41.65,1.05,10200,"bu","14:17:43",1733800
41.7,1.1,800,"bu","14:17:25",1723600
41.75,1.15,700,"bu","14:17:18",1722800
41.75,1.15,800,"bu","14:16:47",1722100
41.75,1.15,14900,"bu","14:16:43",1721300
41.7,1.1,18100,"bu","14:16:43",1706400
41.7,1.1,100,"bu","14:16:32",1688300
41.6,1,500,"sd","14:16:27",1688200
41.6,1,500,"sd","14:16:10",1687700
41.6,1,300,"sd","14:15:55",1687200
41.65,1.05,100,"bu","14:15:47",1686800
41.6,1,1200,"sd","14:15:47",1686700
41.6,1,1000,"sd","14:15:44",1685500
41.6,1,1500,"sd","14:14:42",1684500
41.7,1.1,900,"sd","14:14:21",1683000
41.7,1.1,500,"sd","14:14:20",1682100
41.7,1.1,100,"sd","14:14:15",1681600
41.7,1.1,100,"sd","14:14:09",1681500
41.7,1.1,500,"sd","14:14:05",1681400
41.7,1.1,13500,"bu","14:13:52",1680900
41.65,1.05,300,"bu","14:13:45",1662700
41.6,1,10000,"sd","14:13:43",1662400
41.65,1.05,4100,"bu","14:13:39",1652400
41.6,1,700,"sd","14:13:20",1648300
41.6,1,200,"sd","14:13:10",1647600
41.6,1,400,"sd","14:13:05",1647400
41.65,1.05,900,"bu","14:13:04",1647000
41.65,1.05,300,"bu","14:13:00",1646100
41.55,0.95,1500,"sd","14:12:27",1645800
41.55,0.95,2700,"bu","14:12:17",1644300
41.5,0.9,1700,"bu","14:12:17",1641600
41.5,0.9,700,"bu","14:12:12",1639900
41.5,0.9,900,"bu","14:11:59",1639200
41.5,0.9,700,"bu","14:11:42",1638300
41.5,0.9,800,"bu","14:11:11",1637600
41.5,0.9,12000,"bu","14:11:04",1636800
41.5,0.9,9400,"bu","14:10:57",1624800
41.5,0.9,900,"bu","14:10:54",1615400
41.5,0.9,700,"bu","14:10:41",1614500
41.5,0.9,15800,"sd","14:10:33",1613800
41.5,0.9,20000,"sd","14:10:26",1598000
41.5,0.9,1000,"sd","14:10:17",1578000
41.55,0.95,700,"bu","14:10:10",1577000
41.55,0.95,15700,"sd","14:10:03",1576300
41.6,1,900,"sd","14:10:03",1560600
41.6,1,1000,"sd","14:10:02",1559700
41.6,1,5100,"sd","14:09:56",1558700
41.6,1,6000,"sd","14:09:40",1553600
41.65,1.05,700,"bu","14:09:39",1547600
41.65,1.05,6000,"bu","14:09:33",1546900
41.65,1.05,700,"bu","14:09:09",1540900
41.65,1.05,4400,"bu","14:08:54",1540200
41.6,1,5600,"bu","14:08:54",1535800
41.6,1,900,"bu","14:08:44",1530200
41.6,1,800,"bu","14:08:38",1529300
41.6,1,8400,"sd","14:08:31",1528500
41.6,1,700,"sd","14:08:10",1520100
41.6,1,3600,"bu","14:08:04",1519400
41.6,1,600,"sd","14:07:55",1515800
41.6,1,1000,"sd","14:07:55",1515200
41.6,1,1000,"sd","14:07:52",1514200
41.6,1,1500,"sd","14:07:44",1513200
41.6,1,200,"sd","14:07:44",1511700
41.6,1,3000,"sd","14:07:33",1511500
41.6,1,100,"sd","14:07:25",1508500
41.6,1,100,"sd","14:07:20",1508400
41.6,1,800,"sd","14:07:17",1508300
41.6,1,200,"sd","14:07:16",1507500
41.6,1,500,"sd","14:07:05",1507300
41.6,1,300,"sd","14:07:03",1506800
41.65,1.05,12000,"sd","14:06:42",1506500
41.65,1.05,600,"sd","14:06:30",1494500
41.65,1.05,100,"sd","14:06:27",1493900
41.7,1.1,700,"bu","14:06:05",1493800
41.75,1.15,1600,"bu","14:06:03",1493100
41.7,1.1,100,"bu","14:06:03",1491500
41.65,1.05,6600,"sd","14:05:51",1491400
41.65,1.05,500,"sd","14:05:44",1484800
41.65,1.05,200,"sd","14:05:41",1484300
41.65,1.05,100,"sd","14:05:32",1484100
41.65,1.05,200,"sd","14:05:27",1484000
41.65,1.05,9600,"bu","14:05:13",1471800
41.6,1,4400,"bu","14:05:03",1462200
41.55,0.95,200,"sd","14:04:45",1457800
41.55,0.95,400,"sd","14:04:38",1457600
41.55,0.95,200,"bu","14:04:37",1457200
41.55,0.95,700,"bu","14:04:34",1457000
41.55,0.95,900,"bu","14:04:24",1456300
41.55,0.95,6200,"sd","14:04:13",1455400
41.55,0.95,2100,"sd","14:04:13",1449200
41.6,1,8300,"sd","14:04:11",1447100
41.6,1,3000,"sd","14:04:03",1438800
41.65,1.05,700,"bu","14:04:03",1435800
41.65,1.05,1000,"bu","14:03:43",1435100
41.65,1.05,3800,"sd","14:03:38",1434100
41.65,1.05,1000,"sd","14:03:15",1430300
41.65,1.05,100,"sd","14:02:58",1429300
41.65,1.05,1000,"sd","14:02:51",1429200
41.65,1.05,100,"sd","14:02:49",1428200
41.65,1.05,6000,"sd","14:02:26",1428100
41.65,1.05,100,"sd","14:02:08",1422100
41.65,1.05,1600,"bu","14:01:48",1422000
41.65,1.05,1000,"sd","14:01:15",1420400
41.65,1.05,800,"sd","14:01:00",1419400
41.65,1.05,2000,"sd","14:00:55",1418600
41.65,1.05,5000,"sd","14:00:52",1416600
41.65,1.05,4000,"sd","14:00:30",1411600
41.65,1.05,200,"sd","14:00:09",1407600
41.7,1.1,1000,"bu","14:00:03",1407400
41.7,1.1,1500,"bu","13:59:54",1406400
41.65,1.05,10500,"bu","13:59:54",1404900
41.65,1.05,500,"sd","13:59:43",1394400
41.65,1.05,500,"sd","13:59:40",1393900
41.65,1.05,4100,"bu","13:59:38",1393400
41.65,1.05,300,"bu","13:59:37",1389300
41.65,1.05,300,"bu","13:59:28",1389000
41.65,1.05,10000,"bu","13:59:24",1388700
41.6,1,200,"sd","13:59:20",1378700
41.65,1.05,300,"bu","13:59:13",1378500
41.65,1.05,6100,"sd","13:59:07",1378200
41.65,1.05,500,"sd","13:59:04",1372100
41.7,1.1,1000,"bu","13:58:58",1371600
41.7,1.1,100,"bu","13:58:57",1370600
41.7,1.1,300,"bu","13:58:48",1370500
41.65,1.05,2000,"sd","13:58:42",1370200
41.7,1.1,500,"bu","13:57:58",1368200
41.7,1.1,1000,"bu","13:57:53",1367700
41.7,1.1,100,"bu","13:57:47",1366700
41.65,1.05,100,"sd","13:57:40",1366600
41.7,1.1,100,"bu","13:57:38",1366500
41.65,1.05,500,"sd","13:57:34",1366400
41.65,1.05,300,"sd","13:57:29",1365900
41.65,1.05,100,"sd","13:57:15",1365600
41.65,1.05,5000,"sd","13:56:26",1365500
41.65,1.05,200,"sd","13:56:06",1360500
41.65,1.05,200,"sd","13:55:44",1360300
41.65,1.05,500,"sd","13:55:42",1360100
41.65,1.05,600,"sd","13:54:57",1359600
41.65,1.05,800,"sd","13:54:53",1359000
41.65,1.05,1500,"bu","13:54:35",1358200
41.65,1.05,4800,"bu","13:54:34",1356700
41.65,1.05,28900,"bu","13:54:11",1351900
41.65,1.05,1100,"bu","13:54:10",1323000
41.6,1,1000,"sd","13:54:08",1321900
41.6,1,700,"bu","13:53:49",1320900
41.6,1,1100,"bu","13:53:48",1320200
41.55,0.95,500,"sd","13:53:38",1319100
41.55,0.95,3000,"sd","13:53:23",1318600
41.55,0.95,200,"sd","13:53:15",1315600
41.55,0.95,100,"sd","13:52:43",1315400
41.55,0.95,200,"sd","13:52:24",1315300
41.6,1,47400,"bu","13:52:10",1315100
41.55,0.95,1400,"bu","13:52:10",1267700
41.55,0.95,100,"bu","13:52:05",1266300
41.55,0.95,500,"sd","13:52:04",1266200
41.55,0.95,100,"sd","13:52:02",1265700
41.55,0.95,800,"sd","13:52:00",1265600
41.55,0.95,1000,"bu","13:51:48",1264800
41.55,0.95,2300,"bu","13:51:47",1263800
41.5,0.9,200,"sd","13:51:47",1261500
41.55,0.95,200,"bu","13:51:24",1261300
41.55,0.95,30000,"bu","13:51:18",1261100
41.55,0.95,100,"bu","13:51:10",1231100
41.5,0.9,100,"sd","13:51:03",1231000
41.5,0.9,400,"sd","13:50:39",1230900
41.5,0.9,1000,"sd","13:50:09",1230500
41.5,0.9,10000,"sd","13:49:39",1229500
41.5,0.9,4000,"sd","13:49:30",1219500
41.5,0.9,4000,"sd","13:49:25",1215500
41.5,0.9,10000,"sd","13:49:23",1211500
41.5,0.9,200,"sd","13:49:20",1201500
41.5,0.9,1000,"sd","13:49:00",1201300
41.5,0.9,200,"sd","13:48:52",1200300
41.5,0.9,100,"sd","13:48:44",1200100
41.5,0.9,500,"sd","13:48:38",1200000
41.5,0.9,900,"sd","13:48:16",1199500
41.5,0.9,100,"sd","13:48:09",1198600
41.55,0.95,3000,"bu","13:48:06",1198500
41.5,0.9,100,"sd","13:47:48",1195500
41.55,0.95,1000,"bu","13:47:48",1195400
41.5,0.9,300,"sd","13:47:02",1194400
41.5,0.9,5000,"sd","13:46:53",1194100
41.55,0.95,2000,"bu","13:46:44",1189100
41.55,0.95,1000,"bu","13:45:06",1187100
41.55,0.95,1000,"bu","13:44:18",1186100
41.55,0.95,100,"bu","13:44:14",1185100
41.5,0.9,100,"sd","13:44:13",1185000
41.5,0.9,3000,"sd","13:43:59",1184900
41.5,0.9,200,"sd","13:43:42",1181900
41.5,0.9,1500,"sd","13:43:26",1181700
41.5,0.9,700,"sd","13:43:10",1180200
41.5,0.9,1000,"sd","13:42:54",1179500
41.5,0.9,5000,"sd","13:41:06",1178500
41.55,0.95,1200,"bu","13:40:01",1173500
41.5,0.9,100,"sd","13:39:43",1172300
41.55,0.95,200,"bu","13:39:38",1172200
41.55,0.95,2000,"bu","13:39:37",1172000
41.5,0.9,500,"sd","13:39:28",1170000
41.55,0.95,3000,"bu","13:39:25",1169500
41.5,0.9,500,"sd","13:39:16",1166500
41.55,0.95,600,"bu","13:39:10",1166000
41.5,0.9,200,"sd","13:39:08",1165400
41.5,0.9,1000,"sd","13:38:59",1165200
41.5,0.9,300,"sd","13:38:57",1164200
41.5,0.9,1200,"bu","13:38:36",1163900
41.5,0.9,800,"sd","13:38:35",1162700
41.5,0.9,28300,"bu","13:38:09",1161900
41.5,0.9,1400,"bu","13:38:04",1133600
41.5,0.9,500,"bu","13:37:48",1132200
41.5,0.9,300,"bu","13:37:34",1131700
41.5,0.9,1400,"bu","13:37:33",1131400
41.45,0.85,200,"sd","13:37:28",1130000
41.5,0.9,500,"bu","13:37:15",1129800
41.45,0.85,200,"sd","13:37:03",1129300
41.5,0.9,1400,"bu","13:37:02",1129100
41.45,0.85,4500,"sd","13:37:01",1127700
41.45,0.85,100,"sd","13:36:46",1123200
41.5,0.9,500,"bu","13:36:43",1123100
41.45,0.85,2000,"sd","13:36:31",1122600
41.5,0.9,500,"bu","13:36:10",1119200
41.5,0.9,1400,"bu","13:36:00",1118700
41.45,0.85,1400,"sd","13:35:55",1117300
41.5,0.9,200,"bu","13:35:39",1115900
41.5,0.9,500,"bu","13:35:37",1115700
41.5,0.9,1400,"bu","13:35:29",1115200
41.45,0.85,300,"sd","13:35:17",1113800
41.45,0.85,500,"sd","13:35:14",1113500
41.45,0.85,1000,"sd","13:35:08",1113000
41.5,0.9,500,"bu","13:35:05",1112000
41.5,0.9,1400,"bu","13:34:58",1111500
41.45,0.85,1000,"sd","13:34:52",1110100
41.5,0.9,500,"bu","13:34:32",1109100
41.5,0.9,1400,"bu","13:34:27",1108600
41.5,0.9,1000,"bu","13:34:05",1107200
41.5,0.9,500,"bu","13:34:00",1106200
41.5,0.9,1400,"bu","13:33:57",1105700
41.5,0.9,500,"bu","13:33:27",1104300
41.5,0.9,1400,"bu","13:33:25",1103800
41.45,0.85,1000,"sd","13:33:24",1102400
41.5,0.9,600,"bu","13:32:54",1101400
41.5,0.9,1300,"bu","13:32:54",1100800
41.45,0.85,600,"sd","13:32:48",1099500
41.45,0.85,3000,"sd","13:32:30",1098900
41.45,0.85,300,"sd","13:32:27",1095900
41.5,0.9,1300,"bu","13:32:22",1095600
41.5,0.9,500,"bu","13:32:16",1094300
41.45,0.85,200,"sd","13:32:12",1093800
41.5,0.9,1300,"bu","13:31:51",1093600
41.45,0.85,2000,"sd","13:31:45",1092300
41.5,0.9,500,"bu","13:31:44",1090300
41.45,0.85,100,"sd","13:31:42",1089800
41.45,0.85,1500,"sd","13:31:25",1089700
41.45,0.85,10000,"sd","13:31:22",1088200
41.45,0.85,400,"sd","13:31:21",1078200
41.5,0.9,1300,"bu","13:31:21",1077800
41.5,0.9,500,"bu","13:31:12",1076500
41.45,0.85,500,"sd","13:31:09",1076000
41.45,0.85,600,"sd","13:31:04",1075500
41.45,0.85,600,"sd","13:31:02",1074900
41.45,0.85,1200,"sd","13:31:00",1074300
41.5,0.9,1300,"bu","13:30:50",1073100
41.5,0.9,500,"bu","13:30:40",1071800
41.5,0.9,1300,"bu","13:30:19",1071300
41.5,0.9,500,"bu","13:30:08",1070000
41.5,0.9,1300,"bu","13:29:47",1069500
41.5,0.9,500,"bu","13:29:35",1068200
41.5,0.9,1300,"bu","13:29:17",1067700
41.5,0.9,500,"bu","13:29:03",1066400
41.5,0.9,100,"bu","13:28:52",1065900
41.5,0.9,1300,"bu","13:28:46",1065800
41.5,0.9,500,"bu","13:28:31",1064500
41.5,0.9,1300,"bu","13:28:15",1064000
41.5,0.9,500,"bu","13:27:58",1062700
41.5,0.9,1300,"bu","13:27:44",1062200
41.5,0.9,500,"bu","13:27:26",1060900
41.5,0.9,1300,"bu","13:27:13",1060400
41.5,0.9,200,"bu","13:27:04",1059100
41.45,0.85,2600,"sd","13:26:56",1058900
41.5,0.9,500,"bu","13:26:53",1056300
41.5,0.9,1300,"bu","13:26:41",1055800
41.5,0.9,500,"bu","13:26:22",1054500
41.5,0.9,1300,"bu","13:26:10",1054000
41.5,0.9,500,"bu","13:25:49",1052700
41.5,0.9,1300,"bu","13:25:39",1052200
41.5,0.9,500,"bu","13:25:17",1050900
41.5,0.9,1300,"bu","13:25:08",1050400
41.5,0.9,500,"bu","13:24:54",1049100
41.5,0.9,500,"bu","13:24:45",1048600
41.5,0.9,1300,"bu","13:24:37",1048100
41.5,0.9,500,"bu","13:24:19",1046800
41.5,0.9,30000,"bu","13:24:16",1046300
41.5,0.9,500,"bu","13:24:12",1016300
41.5,0.9,1300,"bu","13:24:05",1015800
41.5,0.9,500,"bu","13:23:39",1014500
41.5,0.9,1300,"bu","13:23:34",1014000
41.5,0.9,1000,"bu","13:23:10",1012700
41.5,0.9,500,"bu","13:23:07",1011700
41.5,0.9,1300,"bu","13:23:03",1011200
41.5,0.9,500,"bu","13:22:35",1009900
41.5,0.9,1300,"bu","13:22:33",1009400
41.5,0.9,500,"bu","13:22:02",1008100
41.5,0.9,1300,"bu","13:22:01",1007600
41.5,0.9,1300,"bu","13:21:30",1006300
41.5,0.9,500,"bu","13:21:30",1005000
41.45,0.85,100,"sd","13:21:30",1004500
41.45,0.85,500,"sd","13:21:23",1004400
41.45,0.85,300,"sd","13:21:20",1003900
41.45,0.85,100,"sd","13:21:07",1003600
41.45,0.85,5000,"sd","13:21:00",1003500
41.5,0.9,1300,"bu","13:21:00",998500
41.5,0.9,1500,"bu","13:20:56",997200
41.45,0.85,100,"sd","13:20:55",995700
41.45,0.85,3000,"sd","13:20:47",995600
41.5,0.9,1300,"bu","13:20:28",992600
41.5,0.9,500,"bu","13:20:24",991300
41.5,0.9,1300,"bu","13:19:57",990800
41.5,0.9,500,"bu","13:19:52",989500
41.5,0.9,1300,"bu","13:19:26",989000
41.5,0.9,500,"bu","13:19:20",987700
41.5,0.9,100,"bu","13:19:02",987200
41.5,0.9,500,"bu","13:18:57",987100
41.5,0.9,1300,"bu","13:18:54",986600
41.5,0.9,500,"bu","13:18:48",985300
41.5,0.9,1300,"bu","13:18:24",984800
41.5,0.9,500,"bu","13:18:16",983500
41.5,0.9,100,"bu","13:18:08",983000
41.45,0.85,2900,"sd","13:18:07",982900
41.5,0.9,1300,"bu","13:17:53",980000
41.5,0.9,500,"bu","13:17:44",978700
41.5,0.9,100,"bu","13:17:32",978200
41.45,0.85,100,"sd","13:17:23",978100
41.5,0.9,1300,"bu","13:17:22",978000
41.5,0.9,500,"bu","13:17:11",976700
41.5,0.9,1300,"bu","13:16:51",976200
41.5,0.9,500,"bu","13:16:39",974900
41.45,0.85,100,"sd","13:16:36",974400
41.5,0.9,1300,"bu","13:16:20",974300
41.5,0.9,500,"bu","13:16:07",973000
41.5,0.9,100,"bu","13:15:50",972500
41.5,0.9,1300,"bu","13:15:49",972400
41.5,0.9,500,"bu","13:15:35",971100
41.5,0.9,1300,"bu","13:15:18",970600
41.5,0.9,500,"bu","13:15:16",969300
41.5,0.9,100,"bu","13:15:12",968800
41.5,0.9,500,"bu","13:15:03",968700
41.5,0.9,1300,"bu","13:14:47",968200
41.5,0.9,500,"bu","13:14:31",966900
41.5,0.9,300,"bu","13:14:16",966400
41.5,0.9,400,"bu","13:13:59",965100
41.45,0.85,100,"bu","13:13:58",964700
41.45,0.85,100,"bu","13:13:57",964600
41.5,0.9,300,"bu","13:13:45",964500
41.45,0.85,1000,"bu","13:13:45",964200
41.45,0.85,500,"bu","13:13:33",963200
41.45,0.85,500,"bu","13:13:26",962700
41.5,0.9,1300,"bu","13:13:14",962200
41.45,0.85,500,"bu","13:12:54",960900
41.45,0.85,1300,"bu","13:12:43",960400
41.45,0.85,500,"bu","13:12:28",959100
41.45,0.85,500,"bu","13:12:22",958600
41.45,0.85,1300,"bu","13:12:12",958100
41.45,0.85,3000,"bu","13:12:02",956800
41.45,0.85,500,"sd","13:11:55",953800
41.5,0.9,500,"bu","13:11:50",953300
41.5,0.9,1300,"bu","13:11:41",952800
41.5,0.9,1000,"bu","13:11:37",951500
41.5,0.9,500,"bu","13:11:18",950500
41.5,0.9,1200,"bu","13:11:11",950000
41.5,0.9,500,"bu","13:11:05",948800
41.45,0.85,500,"bu","13:10:46",948300
41.5,0.9,500,"bu","13:10:14",947800
41.4,0.8,500,"sd","13:10:09",947300
41.5,0.9,500,"bu","13:09:42",946800
41.5,0.9,200,"bu","13:09:09",946300
41.45,0.85,300,"bu","13:09:09",946100
41.5,0.9,500,"bu","13:08:37",945800
41.45,0.85,900,"sd","13:08:32",945300
41.45,0.85,5000,"sd","13:08:27",944400
41.45,0.85,2000,"sd","13:08:24",939400
41.45,0.85,3000,"sd","13:08:23",937400
41.45,0.85,5000,"sd","13:08:14",934400
41.5,0.9,500,"bu","13:08:05",929400
41.5,0.9,500,"bu","13:07:33",928900
41.45,0.85,500,"sd","13:07:29",928400
41.45,0.85,300,"sd","13:07:21",927900
41.45,0.85,100,"sd","13:07:11",927600
41.5,0.9,500,"bu","13:07:00",927500
41.5,0.9,500,"bu","13:06:28",927000
41.5,0.9,500,"bu","13:05:56",926500
41.5,0.9,400,"bu","13:05:48",926000
41.5,0.9,1500,"bu","13:05:44",925600
41.5,0.9,500,"bu","13:05:24",924100
41.5,0.9,500,"bu","13:05:17",923600
41.5,0.9,500,"bu","13:04:52",923100
41.5,0.9,100,"bu","13:04:41",922600
41.5,0.9,500,"bu","13:04:20",922500
41.5,0.9,500,"bu","13:03:48",922000
41.45,0.85,4200,"bu","13:03:38",921500
41.45,0.85,100,"bu","13:03:27",917300
41.4,0.8,200,"bu","13:03:18",917200
41.4,0.8,600,"bu","13:03:16",917000
41.4,0.8,500,"bu","13:02:39",916400
41.4,0.8,1300,"bu","13:02:38",915900
41.4,0.8,500,"bu","13:02:06",914600
41.4,0.8,100,"sd","13:01:34",914100
41.45,0.85,500,"bu","13:01:34",914000
41.45,0.85,100,"bu","13:01:04",913500
41.45,0.85,500,"bu","13:01:02",913400
41.45,0.85,1000,"bu","13:00:52",912900
41.45,0.85,100,"bu","13:00:23",911900
41.45,0.85,2000,"bu","13:00:19",911800
41.35,0.75,700,"sd","13:00:17",909800
41.4,0.8,300,"sd","13:00:17",909100
41.45,0.85,300,"bu","13:00:17",908800
41.45,0.85,100,"bu","13:00:12",908500
41.4,0.8,10100,"sd","13:00:11",908400
41.45,0.85,5000,"bu","13:00:10",898300
41.45,0.85,1000,"bu","13:00:09",893300
41.45,0.85,4000,"bu","13:00:06",892300
41.45,0.85,12000,"bu","13:00:04",888300
41.4,0.8,100,"sd","13:00:04",876300
41.45,0.85,2900,"bu","13:00:03",876200
41.4,0.8,300,"sd","13:00:02",873300
41.4,0.8,100,"sd","13:00:02",873000
41.4,0.8,100,"sd","13:00:01",872900
41.4,0.8,500,"sd","13:00:00",872800
41.45,0.85,100,"bu","13:00:00",872300
41.45,0.85,1000,"sd","11:29:28",872200
41.45,0.85,500,"sd","11:29:24",871200
41.45,0.85,5000,"sd","11:29:20",870700
41.45,0.85,5000,"sd","11:29:19",865700
41.5,0.9,400,"bu","11:29:18",860700
41.45,0.85,500,"sd","11:29:18",860300
41.45,0.85,200,"sd","11:29:03",859800
41.5,0.9,100,"bu","11:28:38",859600
41.5,0.9,1000,"bu","11:28:10",859500
41.5,0.9,1700,"bu","11:27:33",858500
41.5,0.9,2200,"sd","11:27:16",856800
41.5,0.9,800,"bu","11:27:14",854600
41.5,0.9,200,"sd","11:27:07",853800
41.5,0.9,2800,"bu","11:27:03",853600
41.5,0.9,1700,"bu","11:27:01",850800
41.5,0.9,2900,"bu","11:26:59",849100
41.45,0.85,100,"bu","11:26:59",846200
41.5,0.9,100,"bu","11:26:49",846100
41.5,0.9,3000,"bu","11:26:43",846000
41.5,0.9,1700,"bu","11:26:29",843000
41.5,0.9,100,"bu","11:26:21",841300
41.5,0.9,3000,"bu","11:26:12",841200
41.5,0.9,1400,"sd","11:26:07",838200
41.5,0.9,300,"bu","11:25:56",836800
41.5,0.9,1700,"bu","11:25:53",836500
41.5,0.9,3000,"sd","11:25:48",834800
41.5,0.9,1700,"bu","11:25:24",831800
41.5,0.9,5000,"bu","11:25:23",830100
41.4,0.8,500,"sd","11:25:23",825100
41.5,0.9,2000,"bu","11:25:13",824600
41.5,0.9,2900,"bu","11:25:11",822600
41.5,0.9,2000,"bu","11:25:10",819700
41.5,0.9,1700,"bu","11:24:52",817700
41.5,0.9,100,"bu","11:24:51",816000
41.5,0.9,2600,"bu","11:24:39",815900
41.45,0.85,300,"bu","11:24:39",813300
41.5,0.9,2000,"bu","11:24:25",813000
41.5,0.9,1600,"bu","11:24:19",811000
41.5,0.9,2000,"bu","11:24:14",809400
41.5,0.9,1300,"sd","11:24:13",807400
41.5,0.9,1600,"bu","11:24:08",806100
41.5,0.9,1500,"bu","11:23:47",804500
41.5,0.9,2500,"sd","11:23:46",803000
41.5,0.9,700,"sd","11:23:18",800400
41.55,0.95,100,"bu","11:23:07",799700
41.55,0.95,100,"bu","11:23:02",799600
41.5,0.9,600,"sd","11:22:57",799500
41.5,0.9,1000,"sd","11:22:51",798900
41.5,0.9,9100,"bu","11:22:43",797900
41.5,0.9,2500,"bu","11:22:36",788800
41.4,0.8,1000,"sd","11:22:36",786300
41.5,0.9,3000,"bu","11:22:26",785300
41.5,0.9,6000,"bu","11:22:25",782300
41.5,0.9,6000,"bu","11:22:17",776300
41.5,0.9,1400,"bu","11:22:12",770300
41.5,0.9,2500,"bu","11:22:05",768900
41.5,0.9,100,"bu","11:21:48",766400
41.5,0.9,500,"bu","11:21:44",766300
41.5,0.9,1400,"bu","11:21:40",765800
41.5,0.9,100,"bu","11:21:35",764400
41.5,0.9,2400,"bu","11:21:34",764300
41.5,0.9,1300,"bu","11:21:08",761900
41.45,0.85,100,"bu","11:21:08",760600
41.5,0.9,800,"bu","11:21:04",760500
41.5,0.9,2500,"bu","11:21:03",759700
41.5,0.9,300,"bu","11:20:50",757200
41.5,0.9,1400,"bu","11:20:36",756900
41.5,0.9,100,"bu","11:20:34",755500
41.5,0.9,2500,"bu","11:20:33",755400
41.5,0.9,4700,"bu","11:20:16",752900
41.5,0.9,1400,"bu","11:20:04",748200
41.5,0.9,2500,"bu","11:20:02",746800
41.45,0.85,1200,"sd","11:19:47",744300
41.45,0.85,100,"bu","11:19:41",743100
41.45,0.85,100,"bu","11:19:34",743000
41.45,0.85,1400,"bu","11:19:32",742900
41.45,0.85,2500,"bu","11:19:31",741500
41.4,0.8,7700,"bu","11:19:31",739000
41.4,0.8,100,"bu","11:19:05",731300
41.35,0.75,100,"sd","11:19:05",731200
41.35,0.75,400,"sd","11:19:04",731100
41.4,0.8,3700,"bu","11:19:00",730700
41.4,0.8,200,"bu","11:18:54",727000
41.4,0.8,3600,"sd","11:18:34",726800
41.4,0.8,2400,"bu","11:18:30",723200
41.4,0.8,2400,"bu","11:18:29",720800
41.4,0.8,1300,"bu","11:18:28",718400
41.4,0.8,5500,"bu","11:18:13",717100
41.35,0.75,400,"sd","11:18:10",711600
41.4,0.8,2300,"bu","11:17:58",711200
41.4,0.8,300,"bu","11:17:56",708900
41.35,0.75,1000,"bu","11:17:56",708600
41.4,0.8,100,"bu","11:17:33",707600
41.4,0.8,900,"bu","11:17:32",707500
41.35,0.75,1100,"bu","11:17:32",706600
41.35,0.75,200,"bu","11:17:31",705500
41.35,0.75,2300,"bu","11:17:27",705300
41.35,0.75,800,"bu","11:17:27",703000
41.35,0.75,1500,"bu","11:17:24",702200
41.35,0.75,1100,"bu","11:17:21",700700
41.35,0.75,5600,"bu","11:17:18",699600
41.35,0.75,6000,"bu","11:17:15",694000
41.35,0.75,2300,"bu","11:16:56",688000
41.3,0.7,200,"sd","11:16:53",685700
41.35,0.75,1300,"bu","11:16:52",685500
41.35,0.75,2300,"bu","11:16:26",684200
41.35,0.75,1300,"bu","11:16:20",681900
41.35,0.75,2300,"bu","11:15:55",680600
41.35,0.75,2000,"bu","11:15:53",678300
41.35,0.75,200,"bu","11:15:50",676300
41.35,0.75,1300,"bu","11:15:49",676100
41.35,0.75,100,"bu","11:15:32",674800
41.35,0.75,2300,"bu","11:15:24",674700
41.35,0.75,1300,"bu","11:15:16",672400
41.35,0.75,100,"bu","11:15:15",671100
41.3,0.7,2000,"sd","11:15:04",671000
41.35,0.75,2300,"bu","11:14:53",669000
41.35,0.75,1300,"bu","11:14:44",666700
41.3,0.7,25800,"bu","11:14:38",665400
41.3,0.7,2300,"bu","11:14:22",639600
41.3,0.7,1300,"bu","11:14:12",637300
41.3,0.7,2300,"bu","11:13:51",636000
41.3,0.7,1300,"bu","11:13:40",633700
41.3,0.7,2300,"bu","11:13:20",632400
41.3,0.7,1300,"bu","11:13:08",630100
41.3,0.7,100,"bu","11:13:07",628800
41.3,0.7,100,"bu","11:12:55",628700
41.3,0.7,2300,"bu","11:12:49",628600
41.3,0.7,1000,"bu","11:12:48",626300
41.3,0.7,1300,"bu","11:12:36",625300
41.3,0.7,2300,"bu","11:12:18",624000
41.3,0.7,1300,"bu","11:12:03",621700
41.3,0.7,2300,"bu","11:11:46",620400
41.3,0.7,300,"bu","11:11:31",618100
41.25,0.65,1000,"bu","11:11:31",617800
41.25,0.65,6000,"bu","11:11:23",616800
41.25,0.65,6000,"bu","11:11:18",610800
41.25,0.65,2300,"bu","11:11:16",604800
41.25,0.65,1200,"bu","11:10:59",602500
41.25,0.65,2300,"bu","11:10:45",601300
41.25,0.65,1200,"bu","11:10:27",599000
41.25,0.65,100,"bu","11:10:16",597800
41.25,0.65,2300,"bu","11:10:14",597700
41.2,0.6,300,"sd","11:10:14",595400
41.25,0.65,1200,"bu","11:09:56",595100
41.25,0.65,1000,"bu","11:09:44",593900
41.25,0.65,1300,"bu","11:09:43",592900
41.2,0.6,500,"sd","11:09:34",591600
41.2,0.6,4300,"bu","11:09:26",591100
41.2,0.6,1200,"bu","11:09:23",586800
41.25,0.65,800,"bu","11:09:13",585600
41.2,0.6,1500,"bu","11:09:13",584800
41.2,0.6,1200,"bu","11:08:52",583300
41.2,0.6,2300,"bu","11:08:42",582100
41.2,0.6,10000,"sd","11:08:32",579800
41.25,0.65,1200,"bu","11:08:19",569800
41.25,0.65,2300,"bu","11:08:11",568600
41.25,0.65,1200,"bu","11:07:47",566300
41.25,0.65,2300,"bu","11:07:40",565100
41.25,0.65,1000,"bu","11:07:15",562800
41.2,0.6,200,"bu","11:07:15",561800
41.25,0.65,2000,"bu","11:07:09",561600
41.25,0.65,300,"bu","11:07:09",559600
41.15,0.55,200,"sd","11:06:48",559300
41.15,0.55,200,"sd","11:06:43",559100
41.25,0.65,1200,"bu","11:06:43",558900
41.25,0.65,2300,"bu","11:06:38",557700
41.15,0.55,200,"sd","11:06:29",555400
41.25,0.65,1200,"bu","11:06:11",555200
41.25,0.65,1400,"bu","11:06:07",554000
41.25,0.65,600,"bu","11:06:07",552600
41.2,0.6,300,"bu","11:06:07",552000
41.15,0.55,200,"sd","11:05:43",551700
41.25,0.65,1200,"bu","11:05:39",551500
41.25,0.65,2200,"bu","11:05:36",550300
41.2,0.6,100,"bu","11:05:36",548100
41.15,0.55,200,"sd","11:05:36",548000
41.15,0.55,200,"sd","11:05:30",547800
41.15,0.55,200,"sd","11:05:15",547600
41.25,0.65,500,"bu","11:05:14",547400
41.25,0.65,1200,"bu","11:05:06",546900
41.25,0.65,300,"bu","11:05:05",545700
41.2,0.6,2000,"bu","11:05:05",545400
41.15,0.55,500,"sd","11:05:03",543400
41.15,0.55,200,"sd","11:04:55",542900
41.15,0.55,200,"sd","11:04:48",542700
41.25,0.65,1200,"bu","11:04:35",542500
41.2,0.6,500,"bu","11:04:34",539500
41.2,0.6,1500,"sd","11:04:16",539000
41.25,0.65,2300,"bu","11:04:03",537500
41.25,0.65,1200,"bu","11:04:03",535200
41.2,0.6,15000,"sd","11:04:03",534000
41.2,0.6,200,"sd","11:03:51",519000
41.2,0.6,400,"sd","11:03:39",518800
41.25,0.65,2300,"bu","11:03:32",518400
41.25,0.65,1200,"bu","11:03:31",516100
41.25,0.65,6000,"bu","11:03:03",514900
41.25,0.65,2300,"bu","11:03:02",508900
41.25,0.65,1200,"bu","11:02:58",506600
41.2,0.6,2000,"sd","11:02:49",505400
41.2,0.6,200,"sd","11:02:35",503400
41.25,0.65,2300,"bu","11:02:30",503200
41.25,0.65,1200,"bu","11:02:27",500900
41.2,0.6,100,"sd","11:02:21",499700
41.25,0.65,2200,"bu","11:01:58",499600
41.25,0.65,1200,"bu","11:01:55",497400
41.25,0.65,2200,"bu","11:01:27",496200
41.25,0.65,1200,"bu","11:01:23",494000
41.2,0.6,200,"sd","11:01:19",492800
41.2,0.6,500,"sd","11:01:11",492600
41.25,0.65,1000,"bu","11:01:08",492100
41.25,0.65,2200,"bu","11:00:56",491100
41.25,0.65,1200,"bu","11:00:51",488900
41.25,0.65,200,"bu","11:00:38",487700
41.25,0.65,2200,"bu","11:00:26",487500
41.25,0.65,1200,"bu","11:00:19",485300
41.25,0.65,2200,"bu","10:59:54",484100
41.25,0.65,1200,"bu","10:59:48",481900
41.25,0.65,2200,"bu","10:59:24",480700
41.25,0.65,1100,"bu","10:59:15",478500
41.2,0.6,100,"bu","10:59:15",477400
41.15,0.55,200,"sd","10:59:00",477300
41.25,0.65,2200,"bu","10:58:52",477100
41.25,0.65,1000,"bu","10:58:44",474900
41.25,0.65,1200,"bu","10:58:43",473900
41.25,0.65,2200,"bu","10:58:22",472700
41.25,0.65,1500,"bu","10:58:17",470500
41.25,0.65,3000,"bu","10:58:13",469000
41.25,0.65,1200,"bu","10:58:11",466000
41.25,0.65,4000,"bu","10:58:00",464800
41.25,0.65,2200,"bu","10:57:51",460800
41.25,0.65,4000,"bu","10:57:50",458600
41.25,0.65,1200,"bu","10:57:39",454600
41.25,0.65,2200,"bu","10:57:19",453400
41.25,0.65,1200,"bu","10:57:07",451200
41.25,0.65,2200,"bu","10:56:48",450000
41.25,0.65,1200,"bu","10:56:35",447800
41.25,0.65,2200,"bu","10:56:17",446600
41.25,0.65,1200,"bu","10:56:03",444400
41.25,0.65,300,"bu","10:55:51",443200
41.25,0.65,1400,"bu","10:55:46",442900
41.2,0.6,800,"bu","10:55:46",441500
41.2,0.6,1100,"bu","10:55:31",440700
41.2,0.6,10000,"bu","10:55:20",439600
41.2,0.6,2200,"bu","10:55:15",429600
41.2,0.6,1100,"bu","10:54:58",427400
41.2,0.6,2200,"bu","10:54:44",426300
41.2,0.6,10000,"bu","10:54:29",424100
41.2,0.6,1100,"bu","10:54:27",414100
41.15,0.55,2600,"sd","10:54:26",413000
41.2,0.6,2200,"bu","10:54:12",410400
41.2,0.6,1100,"bu","10:53:55",408200
41.2,0.6,2200,"bu","10:53:42",407100
41.2,0.6,1100,"bu","10:53:23",404900
41.2,0.6,1700,"bu","10:53:17",403800
41.2,0.6,2200,"bu","10:53:11",402100
41.2,0.6,1100,"bu","10:52:52",399900
41.2,0.6,2200,"bu","10:52:39",398800
41.2,0.6,1100,"bu","10:52:19",396600
41.15,0.55,5000,"sd","10:52:19",395500
41.2,0.6,2200,"bu","10:52:08",390500
41.2,0.6,1400,"bu","10:51:57",388300
41.2,0.6,1100,"bu","10:51:48",386900
41.2,0.6,2200,"bu","10:51:36",385800
41.2,0.6,1100,"bu","10:51:16",383600
41.2,0.6,2200,"bu","10:51:05",382500
41.2,0.6,1000,"bu","10:51:03",380300
41.2,0.6,1200,"bu","10:50:44",379300
41.2,0.6,2200,"bu","10:50:34",378100
41.2,0.6,1100,"bu","10:50:06",375900
41.2,0.6,2200,"bu","10:50:02",374800
41.2,0.6,1100,"bu","10:49:35",372600
41.2,0.6,2200,"bu","10:49:31",371500
41.2,0.6,2500,"bu","10:49:24",369300
41.15,0.55,500,"bu","10:49:24",366800
41.2,0.6,1200,"bu","10:49:02",366300
41.15,0.55,2200,"bu","10:49:00",365100
41.2,0.6,1100,"bu","10:48:24",362900
41.1,0.5,22800,"sd","10:48:24",361800
41.15,0.55,2200,"sd","10:48:24",339000
41.15,0.55,200,"sd","10:48:04",336800
41.2,0.6,2100,"bu","10:47:52",336600
41.15,0.55,600,"sd","10:47:41",334500
41.15,0.55,1000,"sd","10:47:25",333900
41.2,0.6,1200,"bu","10:47:20",332900
41.15,0.55,600,"sd","10:47:20",331700
41.15,0.55,1000,"sd","10:47:11",331100
41.15,0.55,600,"sd","10:46:55",330100
41.15,0.55,200,"sd","10:46:40",329500
41.2,0.6,1200,"bu","10:46:33",329300
41.2,0.6,200,"bu","10:45:47",328100
41.2,0.6,600,"bu","10:45:40",327900
41.2,0.6,2000,"bu","10:45:33",327300
41.2,0.6,500,"bu","10:45:09",325300
41.2,0.6,2000,"bu","10:45:02",324800
41.15,0.55,8200,"sd","10:44:33",322800
41.2,0.6,2000,"bu","10:44:31",314600
41.15,0.55,300,"sd","10:44:13",312600
41.2,0.6,2100,"bu","10:43:59",312300
41.2,0.6,500,"bu","10:43:50",310200
41.2,0.6,100,"sd","10:43:20",309700
41.2,0.6,27800,"sd","10:43:19",309600
41.2,0.6,3000,"sd","10:43:07",281800
41.2,0.6,2000,"sd","10:42:47",278800
41.2,0.6,1000,"sd","10:42:03",276800
41.2,0.6,200,"sd","10:41:56",275800
41.2,0.6,100,"sd","10:41:55",275600
41.2,0.6,2000,"sd","10:41:53",275500
41.2,0.6,1000,"sd","10:41:41",273500
41.2,0.6,17900,"bu","10:41:36",272500
41.2,0.6,1000,"bu","10:41:14",254600
41.15,0.55,100,"sd","10:41:06",253600
41.15,0.55,13200,"bu","10:40:07",253500
41.1,0.5,7300,"bu","10:39:36",240300
41.05,0.45,200,"bu","10:39:36",233000
41.1,0.5,1900,"bu","10:39:30",232800
41.1,0.5,600,"bu","10:38:59",230900
41.05,0.45,1300,"bu","10:38:59",230300
41,0.4,1200,"sd","10:37:15",229000
41,0.4,200,"sd","10:36:58",227800
41.05,0.45,400,"bu","10:36:48",227600
41,0.4,1000,"sd","10:36:13",227200
41.1,0.5,300,"bu","10:36:00",226200
41,0.4,800,"bu","10:35:23",225900
41,0.4,800,"bu","10:34:51",225100
41,0.4,4000,"sd","10:34:24",224300
41.1,0.5,100,"bu","10:34:19",220300
41.1,0.5,300,"bu","10:34:18",220200
41,0.4,500,"sd","10:34:11",219900
41.1,0.5,100,"bu","10:33:54",219400
41,0.4,1000,"sd","10:33:30",219300
41,0.4,500,"sd","10:32:25",218300
41,0.4,11700,"bu","10:32:14",217800
41,0.4,900,"bu","10:32:12",206100
41,0.4,800,"bu","10:31:35",205200
41,0.4,200,"bu","10:31:15",204400
41,0.4,25000,"bu","10:31:09",204200
41,0.4,900,"bu","10:31:03",179200
41,0.4,800,"bu","10:30:25",178300
41,0.4,500,"bu","10:30:18",177500
41,0.4,800,"bu","10:29:53",177000
41,0.4,800,"bu","10:29:21",176200
41,0.4,6000,"bu","10:29:19",175400
41,0.4,800,"bu","10:28:50",169400
41,0.4,800,"bu","10:28:17",168600
41,0.4,800,"bu","10:27:45",167800
41,0.4,12500,"bu","10:27:20",167000
41,0.4,800,"bu","10:27:13",154500
41,0.4,2000,"bu","10:26:57",153700
40.95,0.35,16700,"bu","10:26:45",151700
40.95,0.35,800,"bu","10:26:41",135000
40.95,0.35,800,"bu","10:26:09",134200
40.95,0.35,900,"bu","10:25:37",133400
40.95,0.35,100,"bu","10:25:12",132500
40.9,0.3,1300,"bu","10:25:11",132400
40.9,0.3,800,"bu","10:25:00",131100
40.9,0.3,3000,"bu","10:24:46",130300
40.9,0.3,1400,"bu","10:24:40",127300
40.9,0.3,1400,"bu","10:24:10",125900
40.9,0.3,1400,"bu","10:23:38",124500
40.9,0.3,100,"bu","10:23:34",123100
40.9,0.3,100,"bu","10:23:17",123000
40.9,0.3,1400,"bu","10:23:08",122900
40.9,0.3,200,"bu","10:22:53",121500
40.9,0.3,100,"bu","10:22:39",121300
40.9,0.3,1400,"bu","10:22:37",121200
40.9,0.3,1400,"bu","10:22:06",119800
40.9,0.3,1400,"bu","10:21:36",118400
40.85,0.25,1400,"bu","10:21:05",117000
40.85,0.25,100,"bu","10:20:43",115600
40.85,0.25,1500,"bu","10:20:35",115500
40.85,0.25,1400,"bu","10:20:34",114000
40.8,0.2,15100,"bu","10:20:13",112600
40.8,0.2,100,"bu","10:17:22",97500
40.8,0.2,600,"bu","10:14:43",97400
40.8,0.2,600,"bu","10:14:26",96800
40.8,0.2,600,"bu","10:14:18",96200
40.8,0.2,600,"bu","10:13:56",95600
40.8,0.2,300,"bu","10:13:50",95000
40.7,0.1,500,"sd","10:13:46",94700
40.8,0.2,600,"bu","10:13:45",94200
40.8,0.2,300,"bu","10:13:33",93600
40.8,0.2,600,"bu","10:13:28",93300
40.8,0.2,300,"bu","10:13:15",92700
40.7,0.1,1100,"sd","10:11:08",92400
40.75,0.15,200,"sd","10:09:07",91300
40.8,0.2,400,"bu","10:09:01",91100
40.8,0.2,2600,"bu","10:08:52",90700
40.75,0.15,1800,"sd","10:08:51",88100
40.75,0.15,500,"sd","10:06:26",86300
40.75,0.15,1000,"sd","10:05:46",85800
40.75,0.15,100,"sd","10:04:41",84800
40.8,0.2,300,"bu","10:04:38",84700
40.8,0.2,100,"bu","10:04:30",84400
40.75,0.15,100,"sd","10:01:19",84300
40.75,0.15,100,"sd","10:01:17",84200
40.75,0.15,2000,"sd","10:00:50",84100
40.75,0.15,100,"sd","10:00:38",82100
40.75,0.15,100,"sd","10:00:21",82000
40.75,0.15,500,"sd","09:59:58",81900
40.75,0.15,100,"sd","09:59:44",81400
40.75,0.15,100,"sd","09:59:34",81300
40.75,0.15,100,"sd","09:57:58",81200
40.75,0.15,500,"sd","09:57:41",81100
40.75,0.15,500,"sd","09:57:31",80600
40.8,0.2,7000,"sd","09:54:02",80100
40.8,0.2,100,"sd","09:53:49",73100
40.85,0.25,600,"sd","09:52:05",73000
40.85,0.25,2000,"sd","09:52:02",72400
40.85,0.25,100,"sd","09:51:41",70400
40.85,0.25,500,"sd","09:51:39",70300
40.85,0.25,500,"sd","09:51:26",69800
40.85,0.25,2000,"sd","09:51:19",69300
40.85,0.25,200,"sd","09:51:15",67300
40.85,0.25,7000,"sd","09:51:08",67100
40.9,0.3,100,"bu","09:48:50",60100
40.85,0.25,5800,"bu","09:47:24",60000
40.85,0.25,1300,"bu","09:47:24",54200
40.85,0.25,300,"sd","09:45:22",52900
40.9,0.3,300,"sd","09:43:39",52600
40.9,0.3,1000,"bu","09:43:22",52300
40.9,0.3,5000,"bu","09:42:48",51300
40.9,0.3,100,"bu","09:42:37",46300
40.9,0.3,1000,"bu","09:41:09",46200
40.85,0.25,900,"bu","09:40:42",45200
40.85,0.25,400,"bu","09:39:48",44300
40.85,0.25,200,"bu","09:39:44",43900
40.75,0.15,200,"sd","09:38:37",43700
40.75,0.15,200,"sd","09:38:27",43500
40.75,0.15,200,"sd","09:38:21",43300
40.75,0.15,200,"sd","09:38:07",43100
40.75,0.15,200,"sd","09:38:00",42900
40.75,0.15,200,"sd","09:37:56",42700
40.75,0.15,200,"sd","09:37:49",42500
40.75,0.15,100,"sd","09:37:45",42300
40.75,0.15,200,"sd","09:37:42",42200
40.75,0.15,200,"sd","09:37:39",42000
40.75,0.15,500,"sd","09:37:29",41800
40.75,0.15,200,"sd","09:37:12",41300
40.75,0.15,200,"sd","09:37:07",41100
40.75,0.15,200,"sd","09:37:03",40900
40.75,0.15,200,"sd","09:36:42",40700
40.75,0.15,200,"sd","09:36:04",40500
40.75,0.15,200,"sd","09:35:05",40300
40.95,0.35,100,"bu","09:34:44",40100
40.75,0.15,200,"sd","09:34:43",40000
40.95,0.35,3000,"bu","09:34:42",39800
40.75,0.15,200,"sd","09:34:34",36800
40.75,0.15,200,"sd","09:34:28",36600
40.75,0.15,200,"sd","09:34:20",36400
40.75,0.15,200,"sd","09:34:16",36200
40.85,0.25,100,"bu","09:34:15",36000
40.85,0.25,100,"bu","09:33:57",35900
40.95,0.35,700,"sd","09:33:22",35800
40.95,0.35,300,"bu","09:33:12",35100
40.95,0.35,2000,"bu","09:32:34",34800
41,0.4,500,"bu","09:32:16",32800
40.95,0.35,9500,"bu","09:32:16",32300
40.95,0.35,200,"bu","09:32:13",22800
40.95,0.35,300,"sd","09:32:12",22600
40.95,0.35,300,"sd","09:32:10",22300
41,0.4,500,"bu","09:31:33",22000
40.95,0.35,2000,"sd","09:31:28",21500
40.95,0.35,100,"sd","09:31:17",19500
40.95,0.35,200,"sd","09:30:54",19400
40.95,0.35,500,"bu","09:30:53",19200
40.9,0.3,300,"bu","09:30:53",18700
40.7,0.1,500,"sd","09:30:11",18400
40.9,0.3,500,"bu","09:30:04",17900
40.7,0.1,100,"sd","09:29:23",17400
40.7,0.1,300,"sd","09:27:45",17300
40.7,0.1,100,"sd","09:27:33",17000
40.9,0.3,200,"bu","09:27:06",16900
40.7,0.1,500,"sd","09:26:30",16700
40.7,0.1,900,"bu","09:26:12",16200
40.6,0,100,"sd","09:25:14",15300
40.6,0,100,"bu","09:24:33",15200
40.6,0,900,"sd","09:23:23",15100
40.6,0,4000,"sd","09:23:09",14200
40.6,0,3000,"sd","09:22:11",10200
40.6,0,100,"sd","09:22:05",7200
40.6,0,600,"sd","09:20:01",7100
40.6,0,1500,"sd","09:19:59",6500
40.6,0,100,"sd","09:19:42",5000
40.6,0,600,"bu","09:18:05",4900
40.6,0,1300,"bu","09:17:18",4300
40.6,0,100,"bu","09:15:26",3000
40.6,0,200,"bu","09:15:10",2900
40.6,0,2700,"","09:15:01",2700
