"price","change","match_qtty","side","time","total_vol"
97.8,0.6,238200,"","14:45:06",1476000
97.4,0.2,1800,"bu","14:29:58",1237800
97.3,0.1,1200,"bu","14:29:58",1236000
96.8,-0.4,200,"sd","14:29:56",1234800
97.4,0.2,400,"bu","14:29:14",1234600
97.3,0.1,2600,"bu","14:29:14",1234200
97.3,0.1,700,"sd","14:29:12",1231600
97.4,0.2,100,"bu","14:29:02",1230900
97.3,0.1,200,"sd","14:28:59",1230800
97.2,0,1100,"bu","14:28:57",1230600
97.4,0.2,2600,"bu","14:28:44",1229500
97.3,0.1,15400,"bu","14:28:44",1226900
97.2,0,1000,"bu","14:28:44",1211500
97,-0.2,1000,"bu","14:28:44",1210500
97.3,0.1,6300,"bu","14:28:30",1209500
97.2,0,1000,"bu","14:28:30",1203200
97,-0.2,1800,"bu","14:28:30",1202200
97,-0.2,3200,"sd","14:28:22",1200400
97,-0.2,100,"sd","14:28:00",1197200
97.3,0.1,3400,"bu","14:28:00",1197100
97.2,0,5700,"bu","14:28:00",1193700
97.3,0.1,2600,"bu","14:27:30",1188000
97.2,0,200,"bu","14:27:30",1185400
97.2,0,6200,"bu","14:27:29",1185200
97.2,0,200,"bu","14:27:28",1179000
97.2,0,3800,"bu","14:27:21",1178800
96.8,-0.4,1000,"sd","14:27:19",1175000
97.3,0.1,700,"bu","14:27:00",1174000
97.2,0,8300,"bu","14:27:00",1173300
96.7,-0.5,200,"sd","14:26:56",1165000
96.7,-0.5,300,"sd","14:26:50",1164800
96.7,-0.5,1000,"sd","14:26:45",1164500
96.7,-0.5,2700,"sd","14:26:42",1163500
96.7,-0.5,200,"sd","14:26:39",1160800
96.7,-0.5,100,"sd","14:26:30",1160600
97.2,0,6700,"bu","14:26:30",1160500
97,-0.2,2200,"bu","14:26:30",1153700
96.6,-0.6,4400,"sd","14:26:24",1151500
96.6,-0.6,1800,"sd","14:26:22",1147100
96.7,-0.5,1200,"sd","14:26:22",1145300
96.8,-0.4,100,"sd","14:26:22",1144100
97,-0.2,1200,"sd","14:26:15",1144000
97,-0.2,3100,"sd","14:26:08",1142800
97,-0.2,600,"bu","14:26:08",1139700
97,-0.2,9000,"bu","14:25:59",1139100
96.8,-0.4,1500,"sd","14:25:50",1130100
96.8,-0.4,100,"sd","14:25:47",1128600
96.8,-0.4,100,"sd","14:25:46",1128500
97,-0.2,9000,"bu","14:25:29",1128400
96.8,-0.4,100,"sd","14:25:27",1119400
96.8,-0.4,300,"sd","14:25:16",1119300
96.8,-0.4,100,"sd","14:25:07",1119000
97.2,0,600,"bu","14:25:00",1118900
97.2,0,7900,"bu","14:24:59",1118300
96.7,-0.5,100,"sd","14:24:47",1110400
96.7,-0.5,1000,"sd","14:24:42",1110300
97.4,0.2,400,"bu","14:24:29",1109300
97.3,0.1,6200,"bu","14:24:29",1108900
97.2,0,1300,"bu","14:24:29",1102700
96.7,-0.5,100,"sd","14:24:28",1101400
96.6,-0.6,500,"sd","14:24:12",1101300
96.6,-0.6,100,"sd","14:24:10",1100800
97.2,0,6800,"bu","14:23:59",1100700
97,-0.2,1100,"bu","14:23:59",1093900
97,-0.2,9000,"bu","14:23:57",1092800
96.9,-0.3,1000,"bu","14:23:57",1083800
96.6,-0.6,100,"sd","14:23:50",1082800
96.6,-0.6,300,"sd","14:23:49",1082700
97,-0.2,100,"sd","14:23:48",1082400
97,-0.2,500,"bu","14:23:48",1082300
96.6,-0.6,900,"sd","14:23:42",1081800
96.7,-0.5,1200,"sd","14:23:42",1080900
96.8,-0.4,200,"sd","14:23:42",1079700
96.8,-0.4,4800,"sd","14:23:41",1079500
96.9,-0.3,2900,"sd","14:23:41",1074700
97,-0.2,1000,"bu","14:23:41",1071800
96.9,-0.3,2100,"sd","14:23:33",1070800
96.9,-0.3,100,"sd","14:23:32",1068700
97.4,0.2,6000,"bu","14:23:29",1068600
97.3,0.1,800,"bu","14:23:29",1062600
97.2,0,800,"bu","14:23:29",1061800
97.1,-0.1,300,"bu","14:23:29",1061000
97,-0.2,100,"sd","14:23:15",1060700
97.5,0.3,3400,"bu","14:22:59",1060600
97.4,0.2,3100,"bu","14:22:59",1057200
97.3,0.1,1400,"bu","14:22:59",1054100
96.9,-0.3,100,"sd","14:22:57",1052700
97,-0.2,1400,"sd","14:22:55",1052600
97.3,0.1,5900,"bu","14:22:55",1051200
97.2,0,11700,"bu","14:22:55",1045300
97.1,-0.1,2400,"bu","14:22:55",1033600
97.1,-0.1,100,"sd","14:22:49",1031200
97.2,0,1900,"sd","14:22:46",1031100
97.2,0,100,"bu","14:22:42",1029200
97.1,-0.1,300,"sd","14:22:41",1029100
97,-0.2,100,"bu","14:22:39",1028800
97,-0.2,4800,"sd","14:22:38",1028700
97.3,0.1,600,"bu","14:22:36",1023900
97.1,-0.1,200,"sd","14:22:33",1023300
97.3,0.1,5800,"bu","14:22:29",1023100
97.2,0,2000,"bu","14:22:29",1017300
97,-0.2,100,"sd","14:22:21",1015300
97.2,0,200,"bu","14:22:09",1015200
97,-0.2,100,"sd","14:22:03",1015000
97.3,0.1,3200,"bu","14:21:59",1014900
97.2,0,4600,"bu","14:21:59",1011700
97,-0.2,100,"sd","14:21:46",1007100
97,-0.2,500,"sd","14:21:40",1007000
97.2,0,7400,"bu","14:21:29",1006500
97.1,-0.1,100,"bu","14:21:29",999100
97,-0.2,300,"bu","14:21:29",999000
96.9,-0.3,100,"sd","14:21:28",998700
97,-0.2,5000,"bu","14:21:27",998600
97,-0.2,300,"bu","14:21:25",993600
96.8,-0.4,100,"sd","14:21:11",993300
97,-0.2,7800,"bu","14:20:59",993200
96.8,-0.4,100,"sd","14:20:54",985400
96.7,-0.5,100,"sd","14:20:37",985300
97,-0.2,1900,"bu","14:20:29",985200
96.9,-0.3,600,"bu","14:20:29",983300
96.9,-0.3,3400,"bu","14:20:29",982700
96.8,-0.4,4400,"bu","14:20:29",979300
96.7,-0.5,100,"sd","14:20:20",974900
96.8,-0.4,400,"bu","14:20:13",974800
96.7,-0.5,500,"sd","14:20:08",974400
96.7,-0.5,100,"sd","14:20:03",973900
96.7,-0.5,100,"sd","14:19:59",973800
96.7,-0.5,100,"sd","14:19:59",973700
96.8,-0.4,8300,"bu","14:19:59",973600
96.7,-0.5,300,"sd","14:19:56",965300
96.7,-0.5,100,"sd","14:19:46",965000
96.7,-0.5,600,"sd","14:19:44",964900
96.7,-0.5,2000,"bu","14:19:36",964300
96.6,-0.6,5000,"sd","14:19:32",962300
96.6,-0.6,100,"sd","14:19:30",957300
96.7,-0.5,800,"bu","14:19:24",957200
96.6,-0.6,100,"sd","14:19:13",956400
96.6,-0.6,5000,"sd","14:19:05",956300
96.6,-0.6,100,"sd","14:18:57",951300
96.7,-0.5,8400,"sd","14:18:53",951200
96.7,-0.5,600,"sd","14:18:41",942800
96.7,-0.5,100,"sd","14:18:40",942200
96.7,-0.5,200,"sd","14:18:23",942100
96.7,-0.5,5400,"sd","14:18:15",941900
96.7,-0.5,500,"sd","14:18:12",936500
96.7,-0.5,100,"sd","14:18:07",936000
96.7,-0.5,2700,"sd","14:18:03",935900
96.7,-0.5,2300,"sd","14:18:03",933200
96.7,-0.5,100,"sd","14:17:52",930900
96.7,-0.5,100,"sd","14:17:50",930800
96.7,-0.5,5000,"sd","14:17:42",930700
96.7,-0.5,100,"sd","14:17:34",925700
96.7,-0.5,100,"sd","14:17:18",925600
96.7,-0.5,100,"sd","14:17:10",925500
96.7,-0.5,100,"sd","14:17:02",925400
96.7,-0.5,100,"sd","14:16:46",925300
96.7,-0.5,100,"sd","14:16:35",925200
96.7,-0.5,100,"sd","14:16:29",925100
96.7,-0.5,200,"sd","14:16:13",925000
96.7,-0.5,100,"sd","14:15:57",924800
96.7,-0.5,100,"sd","14:15:45",924700
96.7,-0.5,100,"sd","14:15:25",924600
96.7,-0.5,500,"sd","14:15:10",924500
96.7,-0.5,100,"sd","14:15:09",924000
96.8,-0.4,1000,"bu","14:14:55",923900
96.7,-0.5,300,"sd","14:14:54",922900
96.7,-0.5,800,"sd","14:14:54",922600
96.7,-0.5,100,"sd","14:14:53",921800
96.7,-0.5,100,"sd","14:14:38",921700
96.7,-0.5,100,"sd","14:14:34",921600
96.7,-0.5,100,"sd","14:14:22",921500
96.7,-0.5,100,"sd","14:14:06",921400
96.7,-0.5,15700,"bu","14:13:54",921300
96.6,-0.6,100,"sd","14:13:50",905600
96.6,-0.6,100,"sd","14:13:34",905500
96.6,-0.6,100,"sd","14:13:19",905400
96.7,-0.5,1000,"bu","14:13:17",905300
96.7,-0.5,5000,"bu","14:13:08",904300
96.6,-0.6,100,"sd","14:13:03",899300
96.7,-0.5,100,"bu","14:13:00",899200
96.7,-0.5,100,"bu","14:12:59",899100
96.6,-0.6,100,"sd","14:12:47",899000
96.7,-0.5,1000,"bu","14:12:40",898900
96.7,-0.5,300,"bu","14:12:39",897900
96.7,-0.5,200,"bu","14:12:32",897600
96.6,-0.6,100,"sd","14:12:32",897400
96.7,-0.5,100,"bu","14:12:25",897300
96.6,-0.6,100,"sd","14:12:17",897200
96.6,-0.6,100,"bu","14:12:09",897100
96.6,-0.6,7000,"sd","14:12:01",897000
96.6,-0.6,500,"sd","14:12:01",890000
96.6,-0.6,500,"bu","14:11:49",889500
96.5,-0.7,100,"sd","14:11:45",889000
96.5,-0.7,100,"sd","14:11:30",888900
96.6,-0.6,100,"bu","14:11:29",888800
96.6,-0.6,100,"bu","14:11:28",888700
96.6,-0.6,1800,"sd","14:11:25",888600
96.6,-0.6,100,"sd","14:11:15",886800
96.6,-0.6,500,"sd","14:11:12",886700
96.6,-0.6,100,"sd","14:10:59",886200
96.6,-0.6,13500,"bu","14:10:57",886100
96.5,-0.7,400,"bu","14:10:57",872600
96.5,-0.7,600,"bu","14:10:55",872200
96.5,-0.7,100,"bu","14:10:54",871600
96.5,-0.7,4000,"bu","14:10:50",871500
96.4,-0.8,2400,"sd","14:10:49",867500
96.5,-0.7,2000,"bu","14:10:46",865100
96.5,-0.7,100,"bu","14:10:45",863100
96.4,-0.8,100,"sd","14:10:44",863000
96.5,-0.7,1000,"bu","14:10:41",862900
96.5,-0.7,1000,"bu","14:10:40",861900
96.5,-0.7,100,"bu","14:10:36",860900
96.5,-0.7,600,"bu","14:10:33",860800
96.5,-0.7,900,"bu","14:10:32",860200
96.5,-0.7,1000,"bu","14:10:31",859300
96.4,-0.8,100,"sd","14:10:28",858300
96.5,-0.7,300,"bu","14:10:27",858200
96.5,-0.7,100,"bu","14:10:27",857900
96.5,-0.7,1000,"bu","14:10:24",857800
96.5,-0.7,100,"bu","14:10:19",856800
96.5,-0.7,100,"bu","14:10:16",856700
96.4,-0.8,100,"sd","14:10:13",856600
96.5,-0.7,100,"bu","14:10:07",856500
96.4,-0.8,100,"sd","14:09:58",856400
96.4,-0.8,100,"sd","14:09:42",856300
96.4,-0.8,10000,"sd","14:09:38",856200
96.4,-0.8,1000,"sd","14:09:37",846200
96.4,-0.8,100,"sd","14:09:27",845200
96.4,-0.8,100,"sd","14:09:12",845100
96.4,-0.8,300,"sd","14:09:10",845000
96.5,-0.7,100,"bu","14:09:09",844700
96.4,-0.8,100,"sd","14:08:58",844600
96.4,-0.8,100,"sd","14:08:57",844500
96.4,-0.8,100,"sd","14:08:41",844400
96.4,-0.8,500,"sd","14:08:37",844300
96.4,-0.8,2000,"sd","14:08:35",843800
96.4,-0.8,2000,"sd","14:08:34",841800
96.4,-0.8,100,"sd","14:08:26",839800
96.5,-0.7,100,"bu","14:08:24",839700
96.5,-0.7,100,"bu","14:08:16",839600
96.4,-0.8,2000,"sd","14:08:15",839500
96.4,-0.8,3000,"sd","14:08:14",837500
96.4,-0.8,100,"sd","14:08:11",834500
96.4,-0.8,1900,"sd","14:08:10",834400
96.4,-0.8,500,"sd","14:08:10",832500
96.4,-0.8,600,"sd","14:08:09",832000
96.4,-0.8,100,"sd","14:08:06",831400
96.4,-0.8,5000,"sd","14:08:06",831300
96.4,-0.8,3800,"sd","14:08:00",826300
96.4,-0.8,100,"sd","14:07:56",822500
96.4,-0.8,200,"sd","14:07:55",822400
96.4,-0.8,1000,"sd","14:07:47",822200
96.4,-0.8,100,"sd","14:07:45",821200
96.4,-0.8,4500,"sd","14:07:42",821100
96.4,-0.8,100,"sd","14:07:41",816600
96.4,-0.8,2000,"sd","14:07:37",816500
96.5,-0.7,300,"bu","14:07:34",814500
96.5,-0.7,500,"bu","14:07:31",814200
96.4,-0.8,100,"sd","14:07:26",813700
96.5,-0.7,100,"bu","14:07:23",813600
96.4,-0.8,700,"sd","14:07:11",813500
96.5,-0.7,100,"bu","14:07:10",812800
96.4,-0.8,500,"sd","14:07:09",812700
96.4,-0.8,100,"sd","14:07:06",812200
96.5,-0.7,100,"bu","14:07:04",812100
96.5,-0.7,100,"bu","14:06:57",812000
96.4,-0.8,100,"sd","14:06:56",811900
96.5,-0.7,3400,"sd","14:06:42",811800
96.5,-0.7,6100,"sd","14:06:41",808400
96.5,-0.7,10000,"sd","14:06:39",802300
96.5,-0.7,1000,"sd","14:06:29",792300
96.5,-0.7,100,"sd","14:06:26",791300
96.5,-0.7,1900,"sd","14:06:15",791200
96.5,-0.7,100,"sd","14:06:12",789300
96.5,-0.7,100,"sd","14:06:10",789200
96.5,-0.7,1200,"sd","14:06:03",789100
96.5,-0.7,200,"sd","14:06:00",787900
96.5,-0.7,100,"sd","14:05:56",787700
96.6,-0.6,21900,"sd","14:05:43",787600
96.6,-0.6,100,"sd","14:05:42",765700
96.7,-0.5,100,"bu","14:05:41",765600
96.6,-0.6,100,"sd","14:05:27",765500
96.7,-0.5,200,"bu","14:05:24",765400
96.7,-0.5,200,"bu","14:05:19",765200
96.7,-0.5,500,"bu","14:05:15",765000
96.7,-0.5,1800,"sd","14:05:12",764500
96.7,-0.5,100,"sd","14:05:11",762700
96.7,-0.5,100,"sd","14:04:56",762600
96.7,-0.5,100,"sd","14:04:53",762500
96.7,-0.5,200,"sd","14:04:49",762400
96.7,-0.5,100,"sd","14:04:42",762200
96.8,-0.4,400,"bu","14:04:38",762100
96.8,-0.4,100,"bu","14:04:28",761700
96.7,-0.5,100,"sd","14:04:27",761600
96.8,-0.4,1000,"sd","14:04:19",761500
96.7,-0.5,100,"sd","14:04:12",760500
96.7,-0.5,17200,"sd","14:04:08",760400
96.8,-0.4,12800,"sd","14:04:08",743200
96.8,-0.4,500,"sd","14:04:00",730400
96.8,-0.4,100,"sd","14:03:58",729900
96.9,-0.3,1000,"bu","14:03:46",729800
96.8,-0.4,100,"sd","14:03:43",728800
96.8,-0.4,100,"sd","14:03:28",728700
96.9,-0.3,200,"bu","14:03:18",728600
96.9,-0.3,2700,"sd","14:03:15",728400
96.9,-0.3,4000,"sd","14:03:15",725700
96.9,-0.3,100,"sd","14:03:13",721700
96.9,-0.3,100,"sd","14:03:09",721600
96.9,-0.3,100,"sd","14:02:58",721500
96.9,-0.3,1000,"sd","14:02:54",721400
96.9,-0.3,2500,"sd","14:02:49",720400
96.9,-0.3,100,"sd","14:02:43",717900
96.9,-0.3,100,"sd","14:02:29",717800
96.9,-0.3,400,"sd","14:02:19",717700
96.9,-0.3,100,"sd","14:02:14",717300
96.9,-0.3,100,"sd","14:01:59",717200
96.9,-0.3,3900,"sd","14:01:50",717100
96.9,-0.3,100,"sd","14:01:45",713200
97,-0.2,400,"bu","14:01:44",713100
97,-0.2,500,"bu","14:01:38",712700
96.9,-0.3,1500,"sd","14:01:37",712200
96.9,-0.3,100,"sd","14:01:30",710700
96.9,-0.3,100,"sd","14:01:16",710600
97,-0.2,200,"bu","14:01:07",710500
96.9,-0.3,100,"sd","14:01:01",710300
96.9,-0.3,100,"sd","14:00:46",710200
97,-0.2,300,"bu","14:00:46",710100
97,-0.2,10000,"bu","14:00:32",709800
96.9,-0.3,100,"sd","14:00:32",699800
96.9,-0.3,100,"sd","14:00:17",699700
96.9,-0.3,100,"sd","14:00:14",699600
96.9,-0.3,100,"sd","14:00:03",699500
96.9,-0.3,100,"sd","13:59:48",699400
96.9,-0.3,100,"sd","13:59:34",699300
96.9,-0.3,100,"sd","13:59:19",699200
97,-0.2,300,"bu","13:59:14",699100
97,-0.2,100,"bu","13:59:11",698800
97,-0.2,800,"sd","13:59:06",698700
97,-0.2,1800,"sd","13:59:05",697900
97,-0.2,100,"sd","13:58:50",696100
97,-0.2,400,"sd","13:58:39",696000
97,-0.2,100,"sd","13:58:36",695600
97,-0.2,100,"sd","13:58:21",695500
97,-0.2,100,"sd","13:58:07",695400
97,-0.2,100,"sd","13:57:53",695300
97,-0.2,1000,"sd","13:57:47",695200
97,-0.2,200,"sd","13:57:42",694200
97,-0.2,100,"sd","13:57:38",694000
97,-0.2,100,"sd","13:57:37",693900
97,-0.2,1300,"sd","13:57:33",693800
97,-0.2,100,"sd","13:57:24",692500
97.1,-0.1,500,"bu","13:57:17",692400
97,-0.2,100,"sd","13:57:09",691900
97,-0.2,400,"sd","13:57:08",691800
97,-0.2,100,"sd","13:56:55",691400
97,-0.2,100,"sd","13:56:40",691300
97,-0.2,2400,"sd","13:56:35",691200
97,-0.2,100,"sd","13:56:26",688800
97,-0.2,100,"sd","13:56:12",688700
97,-0.2,4000,"sd","13:56:03",688600
97,-0.2,100,"sd","13:55:57",684600
97,-0.2,100,"sd","13:55:43",684500
97,-0.2,100,"sd","13:55:29",684400
97,-0.2,200,"sd","13:55:19",684300
97,-0.2,100,"sd","13:55:15",684100
97.1,-0.1,100,"bu","13:55:11",684000
97.1,-0.1,2100,"sd","13:55:01",683900
97.1,-0.1,100,"sd","13:55:00",681800
97.1,-0.1,100,"sd","13:54:46",681700
97.1,-0.1,100,"sd","13:54:32",681600
97.1,-0.1,100,"sd","13:54:18",681500
97.1,-0.1,100,"sd","13:54:04",681400
97.1,-0.1,100,"sd","13:53:49",681300
97.1,-0.1,100,"sd","13:53:35",681200
97.1,-0.1,100,"sd","13:53:21",681100
97.1,-0.1,100,"sd","13:53:18",681000
97.1,-0.1,1800,"sd","13:53:17",680900
97.1,-0.1,1000,"sd","13:53:15",679100
97.1,-0.1,100,"sd","13:53:07",678100
97.1,-0.1,1000,"sd","13:53:05",678000
97.1,-0.1,500,"sd","13:53:04",677000
97.1,-0.1,100,"sd","13:52:52",676500
97.1,-0.1,100,"sd","13:52:50",676400
97.1,-0.1,100,"sd","13:52:38",676300
97.2,0,4200,"sd","13:52:25",676200
97.2,0,100,"sd","13:52:24",672000
97.2,0,100,"sd","13:52:10",671900
97.2,0,100,"sd","13:51:56",671800
97.2,0,100,"sd","13:51:42",671700
97.3,0.1,100,"bu","13:51:37",671600
97.2,0,300,"sd","13:51:28",671500
97.2,0,100,"sd","13:51:23",671200
97.2,0,800,"sd","13:51:19",671100
97.2,0,300,"sd","13:51:14",670300
97.2,0,100,"sd","13:51:13",670000
97.2,0,100,"sd","13:50:59",669900
97.2,0,300,"sd","13:50:56",669800
97.2,0,200,"sd","13:50:50",669500
97.2,0,100,"sd","13:50:45",669300
97.2,0,100,"sd","13:50:35",669200
97.3,0.1,200,"bu","13:50:33",669100
97.2,0,100,"sd","13:50:31",668900
97.2,0,200,"sd","13:50:17",668800
97.2,0,500,"sd","13:50:16",668600
97.2,0,100,"sd","13:50:03",668100
97.2,0,100,"sd","13:49:49",668000
97.2,0,100,"sd","13:49:35",667900
97.2,0,100,"sd","13:49:21",667800
97.3,0.1,1000,"bu","13:49:15",667700
97.2,0,100,"sd","13:49:10",666700
97.2,0,100,"sd","13:49:07",666600
97.2,0,200,"sd","13:49:05",666500
97.2,0,800,"sd","13:48:53",666300
97.2,0,500,"sd","13:48:45",665500
97.2,0,100,"sd","13:48:39",665000
97.2,0,10100,"sd","13:48:27",664900
97.2,0,100,"sd","13:48:25",654800
97.2,0,4500,"sd","13:48:22",654700
97.2,0,100,"sd","13:48:11",650200
97.2,0,100,"sd","13:48:03",650100
97.2,0,100,"sd","13:48:02",650000
97.2,0,100,"sd","13:47:57",649900
97.2,0,5000,"sd","13:47:46",649800
97.2,0,100,"sd","13:47:43",644800
97.2,0,100,"sd","13:47:29",644700
97.3,0.1,500,"bu","13:47:29",644600
97.2,0,100,"sd","13:47:29",644100
97.2,0,100,"sd","13:47:25",644000
97.2,0,100,"sd","13:47:15",643900
97.2,0,100,"sd","13:47:11",643800
97.2,0,100,"sd","13:47:01",643700
97.2,0,100,"sd","13:46:47",643600
97.2,0,200,"sd","13:46:38",643500
97.2,0,100,"sd","13:46:34",643300
97.2,0,100,"sd","13:46:19",643200
97.2,0,100,"sd","13:46:06",643100
97.2,0,100,"sd","13:45:52",643000
97.2,0,100,"sd","13:45:38",642900
97.2,0,5700,"bu","13:45:32",642800
97.1,-0.1,400,"bu","13:45:32",637100
97.1,-0.1,1800,"bu","13:45:29",636700
97,-0.2,100,"sd","13:45:24",634900
97.1,-0.1,4000,"bu","13:45:22",634800
97,-0.2,100,"sd","13:45:10",630800
97.1,-0.1,100,"bu","13:45:05",630700
97,-0.2,100,"sd","13:44:56",630600
97,-0.2,100,"sd","13:44:42",630500
97,-0.2,100,"sd","13:44:29",630400
97,-0.2,100,"sd","13:44:15",630300
96.8,-0.4,7300,"sd","13:44:07",630200
96.9,-0.3,1200,"sd","13:44:07",622900
97,-0.2,1500,"sd","13:44:07",621700
97,-0.2,100,"sd","13:44:01",620200
97,-0.2,100,"sd","13:43:47",620100
97,-0.2,100,"sd","13:43:33",620000
97,-0.2,100,"bu","13:43:21",619900
96.9,-0.3,100,"sd","13:43:20",619800
97,-0.2,300,"bu","13:43:18",619700
97,-0.2,100,"sd","13:43:17",619400
97,-0.2,100,"sd","13:43:06",619300
97,-0.2,100,"sd","13:42:52",619200
97,-0.2,100,"sd","13:42:38",619100
97,-0.2,300,"bu","13:42:29",619000
97,-0.2,1700,"sd","13:42:27",618700
97,-0.2,100,"sd","13:42:24",617000
97,-0.2,3600,"bu","13:42:19",616900
96.9,-0.3,5000,"bu","13:42:19",613300
96.8,-0.4,100,"sd","13:42:10",608300
96.9,-0.3,300,"bu","13:42:07",608200
96.8,-0.4,800,"sd","13:42:02",607900
96.9,-0.3,200,"bu","13:42:00",607100
96.8,-0.4,100,"sd","13:41:57",606900
96.8,-0.4,100,"sd","13:41:43",606800
96.9,-0.3,100,"bu","13:41:40",606700
96.8,-0.4,100,"sd","13:41:30",606600
96.8,-0.4,100,"sd","13:41:16",606500
96.8,-0.4,100,"sd","13:41:02",606400
96.8,-0.4,400,"sd","13:40:57",606300
96.9,-0.3,1500,"bu","13:40:56",605900
96.8,-0.4,100,"sd","13:40:48",604400
96.8,-0.4,100,"sd","13:40:34",604300
96.8,-0.4,100,"sd","13:40:21",604200
96.9,-0.3,2000,"bu","13:40:20",604100
96.8,-0.4,100,"sd","13:40:07",602100
96.8,-0.4,100,"sd","13:39:54",602000
96.9,-0.3,100,"bu","13:39:52",601900
96.8,-0.4,100,"sd","13:39:40",601800
96.8,-0.4,100,"sd","13:39:26",601700
96.8,-0.4,1700,"sd","13:39:20",601600
96.8,-0.4,100,"sd","13:39:12",599900
96.8,-0.4,100,"sd","13:38:59",599800
96.9,-0.3,200,"bu","13:38:51",599700
96.8,-0.4,100,"sd","13:38:45",599500
96.8,-0.4,200,"sd","13:38:41",599400
96.8,-0.4,100,"sd","13:38:32",599200
96.8,-0.4,100,"sd","13:38:18",599100
96.8,-0.4,100,"sd","13:38:04",599000
96.9,-0.3,100,"bu","13:38:03",598900
96.8,-0.4,100,"sd","13:37:51",598800
96.8,-0.4,100,"sd","13:37:37",598700
96.9,-0.3,500,"bu","13:37:31",598600
96.9,-0.3,2000,"bu","13:37:26",598100
96.9,-0.3,13000,"sd","13:37:25",596100
96.9,-0.3,100,"sd","13:37:24",583100
96.9,-0.3,100,"sd","13:37:21",583000
96.9,-0.3,100,"sd","13:37:10",582900
96.9,-0.3,2000,"sd","13:36:58",582800
96.9,-0.3,100,"sd","13:36:57",580800
96.9,-0.3,100,"sd","13:36:43",580700
97,-0.2,6000,"bu","13:36:40",580600
96.9,-0.3,100,"sd","13:36:29",574600
96.9,-0.3,100,"sd","13:36:28",574500
96.9,-0.3,100,"sd","13:36:16",574400
96.9,-0.3,100,"sd","13:36:02",574300
97,-0.2,100,"bu","13:35:55",574200
96.9,-0.3,100,"sd","13:35:48",574100
96.9,-0.3,4700,"sd","13:35:47",574000
96.9,-0.3,100,"sd","13:35:35",569300
97,-0.2,1700,"sd","13:35:23",569200
97,-0.2,100,"sd","13:35:21",567500
97,-0.2,10000,"sd","13:35:17",567400
97,-0.2,100,"sd","13:35:08",557400
97,-0.2,300,"sd","13:35:08",557300
97,-0.2,400,"sd","13:35:01",557000
97,-0.2,100,"sd","13:34:54",556600
97,-0.2,100,"sd","13:34:41",556500
97,-0.2,200,"sd","13:34:34",556400
97,-0.2,100,"sd","13:34:28",556200
97,-0.2,100,"sd","13:34:14",556100
97,-0.2,100,"sd","13:34:00",556000
97,-0.2,100,"sd","13:33:47",555900
97,-0.2,100,"sd","13:33:34",555800
97,-0.2,3000,"sd","13:33:31",555700
97,-0.2,100,"sd","13:33:20",552700
97,-0.2,2000,"sd","13:33:14",552600
97,-0.2,100,"sd","13:33:07",550600
97,-0.2,100,"sd","13:32:53",550500
97,-0.2,100,"sd","13:32:39",550400
97,-0.2,100,"sd","13:32:29",550300
97,-0.2,100,"sd","13:32:26",550200
97,-0.2,100,"sd","13:32:13",550100
97,-0.2,100,"sd","13:31:59",550000
97,-0.2,100,"sd","13:31:46",549900
97,-0.2,100,"sd","13:31:32",549800
97.1,-0.1,1600,"bu","13:31:19",549700
97,-0.2,100,"sd","13:31:19",548100
97,-0.2,100,"sd","13:31:06",548000
97,-0.2,400,"sd","13:30:59",547900
97,-0.2,100,"sd","13:30:52",547500
97,-0.2,100,"sd","13:30:39",547400
97,-0.2,100,"sd","13:30:25",547300
97.1,-0.1,500,"bu","13:30:23",547200
97,-0.2,100,"sd","13:30:12",546700
97,-0.2,100,"sd","13:29:59",546600
97,-0.2,100,"sd","13:29:45",546500
97,-0.2,100,"sd","13:29:39",546400
97,-0.2,100,"sd","13:29:32",546300
97.1,-0.1,4200,"sd","13:29:21",546200
97.1,-0.1,100,"sd","13:29:18",542000
97.1,-0.1,100,"sd","13:29:05",541900
97.1,-0.1,500,"sd","13:29:04",541800
97.1,-0.1,100,"sd","13:28:52",541300
97.1,-0.1,100,"sd","13:28:38",541200
97.1,-0.1,100,"sd","13:28:38",541100
97.1,-0.1,100,"sd","13:28:25",541000
97.1,-0.1,100,"sd","13:28:12",540900
97.1,-0.1,200,"sd","13:28:04",540800
97.1,-0.1,100,"sd","13:27:58",540600
97.1,-0.1,100,"sd","13:27:45",540500
97.1,-0.1,100,"bu","13:27:39",540400
97.1,-0.1,1000,"bu","13:27:33",540300
97,-0.2,100,"sd","13:27:32",539300
97,-0.2,1600,"sd","13:27:28",539200
97,-0.2,300,"sd","13:27:26",537600
97,-0.2,100,"sd","13:27:19",537300
97,-0.2,10100,"sd","13:27:14",537200
97,-0.2,100,"sd","13:27:05",527100
97.1,-0.1,400,"sd","13:27:04",527000
97.1,-0.1,700,"sd","13:26:58",526600
97.1,-0.1,100,"sd","13:26:52",525900
97.1,-0.1,100,"sd","13:26:39",525800
97.1,-0.1,3600,"sd","13:26:32",525700
97.1,-0.1,100,"sd","13:26:31",522100
97.1,-0.1,100,"sd","13:26:26",522000
97.1,-0.1,3000,"sd","13:26:18",521900
97.1,-0.1,100,"sd","13:26:12",518900
97.1,-0.1,100,"sd","13:25:59",518800
97.1,-0.1,100,"sd","13:25:45",518700
97.1,-0.1,100,"sd","13:25:34",518600
97.2,0,100,"bu","13:25:17",518500
97.2,0,300,"sd","13:25:03",518400
97.2,0,1000,"sd","13:25:02",518100
97.2,0,800,"sd","13:23:51",517100
97.2,0,3000,"sd","13:23:44",516300
97.3,0.1,200,"bu","13:23:41",513300
97.2,0,200,"sd","13:22:59",513100
97.2,0,1800,"sd","13:22:57",512900
97.2,0,4100,"bu","13:22:53",511100
97.2,0,300,"bu","13:22:45",507000
97.2,0,100,"bu","13:22:32",506700
97.1,-0.1,100,"sd","13:22:30",506600
97.2,0,1100,"bu","13:22:30",506500
97.2,0,300,"bu","13:22:18",505400
97.2,0,4300,"bu","13:22:10",505100
97.2,0,100,"bu","13:21:53",500800
97.2,0,1000,"bu","13:21:49",500700
97.2,0,100,"bu","13:21:32",499700
97.2,0,3000,"bu","13:20:36",499600
97.2,0,200,"bu","13:20:35",496600
97.1,-0.1,2000,"sd","13:20:34",496400
97.2,0,100,"bu","13:20:02",494400
97.1,-0.1,1300,"sd","13:17:51",494300
97.1,-0.1,600,"bu","13:17:48",493000
97.1,-0.1,100,"sd","13:17:38",492400
97.2,0,100,"bu","13:17:36",492300
97.1,-0.1,100,"sd","13:17:06",492200
97.1,-0.1,1400,"sd","13:16:28",492100
97.1,-0.1,100,"sd","13:16:21",490700
97.1,-0.1,100,"sd","13:16:11",490600
97.2,0,2000,"bu","13:14:54",490500
97.1,-0.1,8400,"bu","13:13:39",488500
97.1,-0.1,1200,"bu","13:12:22",480100
97.1,-0.1,100,"bu","13:12:10",478900
97.1,-0.1,1000,"bu","13:12:09",478800
97.1,-0.1,100,"bu","13:12:05",477800
97.1,-0.1,1500,"bu","13:11:58",477700
97,-0.2,300,"bu","13:11:44",476200
97,-0.2,10000,"bu","13:11:41",475900
97,-0.2,100,"bu","13:11:32",465900
97,-0.2,1100,"bu","13:11:22",465800
96.9,-0.3,100,"sd","13:11:14",464700
96.9,-0.3,8800,"bu","13:10:23",464600
96.9,-0.3,2000,"bu","13:10:10",455800
96.8,-0.4,3000,"sd","13:10:08",453800
96.8,-0.4,1400,"sd","13:08:27",450800
96.9,-0.3,100,"bu","13:08:24",449400
96.9,-0.3,100,"bu","13:08:06",449300
96.9,-0.3,3300,"bu","13:07:59",449200
96.8,-0.4,900,"sd","13:07:16",445900
96.8,-0.4,100,"bu","13:07:07",445000
96.8,-0.4,200,"sd","13:06:59",444900
96.8,-0.4,100,"sd","13:06:58",444700
96.8,-0.4,400,"sd","13:06:44",444600
96.9,-0.3,3900,"sd","13:06:41",444200
96.9,-0.3,600,"bu","13:06:03",440300
96.7,-0.5,100,"sd","13:05:46",439700
96.7,-0.5,100,"sd","13:05:15",439600
96.7,-0.5,100,"sd","13:05:09",439500
96.7,-0.5,300,"sd","13:05:01",439400
96.7,-0.5,4000,"bu","13:04:06",439100
96.7,-0.5,100,"bu","13:04:03",435100
96.7,-0.5,100,"bu","13:03:48",435000
96.7,-0.5,700,"bu","13:03:34",434900
96.7,-0.5,100,"bu","13:03:32",434200
96.7,-0.5,500,"bu","13:03:22",434100
96.7,-0.5,200,"bu","13:03:20",433600
96.7,-0.5,3000,"bu","13:02:20",433400
96.7,-0.5,200,"bu","13:01:54",430400
96.7,-0.5,1100,"sd","13:01:43",430200
96.7,-0.5,1700,"sd","13:00:20",429100
96.8,-0.4,100,"sd","13:00:20",427400
96.7,-0.5,400,"sd","13:00:06",427300
96.7,-0.5,100,"sd","13:00:05",426900
96.7,-0.5,400,"sd","13:00:04",426800
96.8,-0.4,100,"bu","13:00:00",426400
96.8,-0.4,100,"bu","13:00:00",426300
96.7,-0.5,15000,"bu","11:29:39",426200
96.6,-0.6,1000,"sd","11:29:18",411200
96.6,-0.6,800,"sd","11:29:11",410200
96.7,-0.5,100,"bu","11:29:03",409400
96.7,-0.5,500,"bu","11:28:31",409300
96.6,-0.6,1000,"sd","11:28:21",408800
96.6,-0.6,1400,"sd","11:27:52",407800
96.6,-0.6,100,"sd","11:26:51",406400
96.6,-0.6,3100,"sd","11:25:58",406300
96.6,-0.6,200,"sd","11:25:03",403200
96.6,-0.6,1200,"sd","11:25:02",403000
96.7,-0.5,100,"bu","11:24:53",401800
96.7,-0.5,8300,"sd","11:23:44",401700
96.7,-0.5,1100,"sd","11:23:27",393400
96.7,-0.5,100,"sd","11:22:59",392300
96.7,-0.5,300,"sd","11:22:53",392200
96.7,-0.5,100,"sd","11:22:52",391900
96.7,-0.5,100,"sd","11:22:50",391800
96.7,-0.5,200,"sd","11:22:45",391700
96.7,-0.5,100,"sd","11:22:43",391500
96.7,-0.5,100,"sd","11:22:41",391400
96.7,-0.5,900,"sd","11:22:12",391300
96.7,-0.5,100,"sd","11:22:10",390400
96.7,-0.5,100,"sd","11:21:53",390300
96.7,-0.5,200,"sd","11:21:52",390200
96.7,-0.5,100,"sd","11:21:50",390000
96.7,-0.5,100,"sd","11:21:48",389900
96.7,-0.5,100,"sd","11:21:47",389800
96.7,-0.5,100,"sd","11:21:46",389700
96.7,-0.5,100,"sd","11:21:44",389600
96.7,-0.5,500,"sd","11:21:43",389500
96.7,-0.5,100,"sd","11:21:34",389000
96.7,-0.5,200,"sd","11:21:29",388900
96.7,-0.5,100,"sd","11:21:24",388700
96.7,-0.5,100,"sd","11:21:16",388600
96.7,-0.5,500,"sd","11:21:15",388500
96.7,-0.5,100,"sd","11:21:08",388000
96.7,-0.5,100,"sd","11:21:04",387900
96.8,-0.4,100,"sd","11:21:01",387800
96.8,-0.4,100,"sd","11:20:57",387700
96.8,-0.4,100,"sd","11:20:56",387600
96.8,-0.4,200,"sd","11:20:54",387500
96.8,-0.4,100,"sd","11:20:47",387300
96.8,-0.4,100,"sd","11:20:46",387200
96.8,-0.4,100,"sd","11:20:45",387100
96.8,-0.4,200,"sd","11:20:43",387000
96.8,-0.4,100,"sd","11:20:42",386800
96.7,-0.5,500,"sd","11:20:40",386700
96.7,-0.5,400,"sd","11:20:39",386200
96.8,-0.4,700,"sd","11:20:39",385800
96.8,-0.4,100,"sd","11:20:37",385100
96.8,-0.4,100,"sd","11:20:36",385000
96.8,-0.4,100,"sd","11:20:29",384900
96.8,-0.4,2200,"sd","11:20:28",384800
96.8,-0.4,100,"sd","11:20:26",382600
96.8,-0.4,100,"sd","11:20:25",382500
96.8,-0.4,300,"sd","11:20:24",382400
96.8,-0.4,100,"sd","11:20:20",382100
96.8,-0.4,100,"sd","11:20:19",382000
96.8,-0.4,100,"sd","11:20:18",381900
96.9,-0.3,100,"bu","11:20:17",381800
96.8,-0.4,100,"sd","11:20:12",381700
96.8,-0.4,100,"sd","11:20:11",381600
96.8,-0.4,100,"sd","11:20:06",381500
96.8,-0.4,100,"sd","11:20:03",381400
96.8,-0.4,100,"sd","11:19:55",381300
96.8,-0.4,100,"sd","11:19:40",381200
96.8,-0.4,300,"sd","11:19:38",381100
96.8,-0.4,100,"sd","11:19:34",380800
96.9,-0.3,100,"bu","11:19:22",380700
96.8,-0.4,600,"sd","11:19:21",380600
96.8,-0.4,100,"sd","11:19:18",380000
96.8,-0.4,100,"sd","11:19:15",379900
96.8,-0.4,100,"sd","11:19:14",379800
96.9,-0.3,100,"bu","11:19:09",379700
96.8,-0.4,100,"sd","11:19:05",379600
96.8,-0.4,1000,"sd","11:19:03",379500
96.8,-0.4,100,"sd","11:19:02",378500
96.8,-0.4,300,"sd","11:19:00",378400
96.8,-0.4,100,"sd","11:18:55",378100
96.8,-0.4,100,"sd","11:18:52",378000
96.8,-0.4,200,"sd","11:18:51",377900
96.8,-0.4,200,"sd","11:18:41",377700
96.8,-0.4,100,"sd","11:18:36",377500
96.8,-0.4,100,"sd","11:18:32",377400
96.8,-0.4,200,"sd","11:18:22",377300
96.9,-0.3,1000,"bu","11:18:15",377100
96.8,-0.4,100,"sd","11:16:43",376100
96.8,-0.4,100,"sd","11:16:01",376000
96.8,-0.4,2000,"sd","11:14:11",375900
96.8,-0.4,1000,"sd","11:14:05",373900
96.8,-0.4,3000,"sd","11:13:58",372900
96.8,-0.4,4800,"sd","11:13:01",369900
96.8,-0.4,100,"sd","11:12:21",365100
96.8,-0.4,300,"sd","11:11:29",365000
96.8,-0.4,200,"sd","11:09:21",364700
96.8,-0.4,200,"sd","11:08:33",364500
96.8,-0.4,9000,"sd","11:08:11",364300
96.8,-0.4,200,"sd","11:06:55",355300
96.8,-0.4,300,"sd","11:06:39",355100
96.9,-0.3,200,"sd","11:06:16",354800
96.9,-0.3,8000,"sd","11:05:46",354600
96.9,-0.3,2000,"sd","11:05:34",346600
96.9,-0.3,200,"sd","11:05:14",344600
96.9,-0.3,400,"sd","11:03:27",344400
96.9,-0.3,200,"sd","11:02:21",344000
97,-0.2,400,"sd","11:01:37",343800
97,-0.2,200,"sd","11:01:29",343400
97,-0.2,100,"sd","11:00:54",343200
97,-0.2,1000,"sd","11:00:54",343100
97,-0.2,10000,"sd","10:59:39",342100
97.1,-0.1,300,"bu","10:58:42",332100
97.1,-0.1,100,"bu","10:58:05",331800
97,-0.2,3000,"sd","10:58:00",331700
97.1,-0.1,1700,"sd","10:57:28",328700
97.1,-0.1,1000,"sd","10:56:58",327000
97.1,-0.1,100,"sd","10:56:27",326000
97.1,-0.1,100,"sd","10:56:16",325900
97.1,-0.1,300,"bu","10:56:01",325800
97.1,-0.1,600,"bu","10:55:49",325500
97.1,-0.1,500,"bu","10:53:42",324900
97.1,-0.1,100,"sd","10:53:11",324400
97.1,-0.1,2400,"bu","10:52:57",324300
97,-0.2,2600,"sd","10:52:39",321900
97.1,-0.1,1800,"bu","10:52:23",319300
97.1,-0.1,400,"bu","10:51:29",317500
97.1,-0.1,300,"bu","10:49:55",317100
97.1,-0.1,200,"sd","10:49:34",316800
97.1,-0.1,100,"bu","10:49:13",316600
97.1,-0.1,100,"bu","10:49:00",316500
97.1,-0.1,500,"bu","10:48:59",316400
97.1,-0.1,100,"bu","10:48:42",315900
97.1,-0.1,10000,"bu","10:48:32",315800
97,-0.2,700,"sd","10:48:16",305800
97,-0.2,3900,"sd","10:47:58",305100
97.1,-0.1,1000,"bu","10:47:08",301200
97,-0.2,500,"sd","10:46:54",300200
97,-0.2,100,"sd","10:46:20",299700
97,-0.2,400,"sd","10:45:59",299600
97,-0.2,2600,"sd","10:45:47",299200
97,-0.2,500,"sd","10:45:32",296600
97,-0.2,1000,"sd","10:45:04",296100
97,-0.2,1300,"sd","10:45:00",295100
97,-0.2,2000,"sd","10:44:25",293800
97,-0.2,1000,"sd","10:44:00",291800
97,-0.2,500,"sd","10:43:44",290800
97.1,-0.1,500,"bu","10:43:20",290300
97.1,-0.1,700,"sd","10:42:27",289800
97.1,-0.1,300,"bu","10:42:05",289100
97.1,-0.1,100,"bu","10:41:19",288800
97.1,-0.1,600,"sd","10:41:17",288700
97.1,-0.1,1800,"bu","10:40:02",288100
97.1,-0.1,400,"sd","10:39:48",286300
97.1,-0.1,100,"sd","10:39:31",285900
97.1,-0.1,2000,"sd","10:39:28",285800
97.1,-0.1,7700,"bu","10:38:40",283800
97,-0.2,2700,"sd","10:37:53",276100
97,-0.2,200,"sd","10:37:30",273400
97,-0.2,4800,"sd","10:37:02",273200
97,-0.2,100,"sd","10:36:42",268400
97,-0.2,400,"sd","10:36:37",268300
97,-0.2,500,"sd","10:36:33",267900
97,-0.2,1000,"sd","10:36:18",267400
97.1,-0.1,10100,"sd","10:35:25",266400
97.1,-0.1,4400,"sd","10:35:24",256300
97.1,-0.1,700,"sd","10:35:08",251900
97.1,-0.1,1100,"sd","10:34:31",251200
97.1,-0.1,5000,"sd","10:33:24",250100
97.1,-0.1,500,"sd","10:33:01",245100
97.2,0,100,"bu","10:32:28",244600
97.1,-0.1,100,"sd","10:32:23",244500
97.1,-0.1,500,"sd","10:32:13",244400
97.1,-0.1,1000,"sd","10:32:07",243900
97.1,-0.1,100,"sd","10:30:12",242900
97.1,-0.1,2500,"sd","10:29:54",242800
97.1,-0.1,10700,"sd","10:29:46",240300
97.1,-0.1,1000,"sd","10:29:28",229600
97.2,0,2600,"sd","10:28:20",228600
97.2,0,200,"sd","10:28:07",226000
97.2,0,500,"sd","10:27:55",225800
97.2,0,100,"sd","10:27:42",225300
97.2,0,100,"sd","10:27:36",225200
97.2,0,1500,"bu","10:27:22",225100
97.2,0,2300,"sd","10:26:04",223600
97.2,0,4000,"bu","10:25:54",221300
97,-0.2,100,"sd","10:21:21",217300
97.1,-0.1,700,"sd","10:21:21",217200
97.2,0,1200,"sd","10:21:21",216500
97.3,0.1,500,"bu","10:21:14",215300
97.2,0,3800,"bu","10:20:31",214800
97.2,0,500,"bu","10:19:34",211000
97.2,0,7700,"bu","10:18:39",210500
97.1,-0.1,2300,"bu","10:18:39",202800
97.1,-0.1,500,"bu","10:18:10",200500
97,-0.2,200,"bu","10:17:41",200000
97,-0.2,100,"bu","10:17:34",199800
97,-0.2,4200,"bu","10:17:07",199700
96.9,-0.3,800,"bu","10:17:07",195500
96.9,-0.3,200,"bu","10:16:35",194700
96.8,-0.4,100,"bu","10:16:01",194500
96.8,-0.4,200,"bu","10:15:43",194400
96.8,-0.4,300,"bu","10:15:24",194200
96.8,-0.4,200,"bu","10:15:09",193900
96.8,-0.4,100,"bu","10:14:55",193700
96.8,-0.4,200,"bu","10:14:40",193600
96.6,-0.6,500,"bu","10:14:23",193400
96.6,-0.6,100,"bu","10:14:09",192900
96.6,-0.6,500,"bu","10:14:06",192800
96.6,-0.6,1000,"bu","10:14:01",192300
96.6,-0.6,100,"bu","10:13:42",191300
96.6,-0.6,100,"sd","10:13:28",191200
96.7,-0.5,600,"sd","10:13:26",190400
96.7,-0.5,100,"bu","10:12:38",189800
96.7,-0.5,100,"bu","10:11:43",189700
96.7,-0.5,100,"bu","10:10:51",189600
96.7,-0.5,200,"bu","10:10:50",189500
96.7,-0.5,500,"bu","10:10:45",189300
96.7,-0.5,1500,"bu","10:10:36",188800
96.6,-0.6,100,"bu","10:10:18",187300
96.5,-0.7,200,"bu","10:09:55",187200
96.5,-0.7,600,"bu","10:09:54",187000
96.5,-0.7,1000,"bu","10:09:48",186400
96.5,-0.7,10000,"bu","10:09:40",185400
96.5,-0.7,600,"bu","10:09:25",175400
96.5,-0.7,100,"bu","10:09:06",174800
96.5,-0.7,600,"bu","10:08:54",174700
96.5,-0.7,300,"bu","10:08:40",174100
96.5,-0.7,2000,"bu","10:08:38",173800
96.4,-0.8,5000,"sd","10:08:38",171800
96.5,-0.7,3900,"bu","10:08:34",166800
96.5,-0.7,300,"bu","10:08:33",162900
96.5,-0.7,2000,"bu","10:08:30",162600
96.5,-0.7,100,"bu","10:08:26",160600
96.5,-0.7,1000,"bu","10:08:04",160500
96.5,-0.7,100,"bu","10:08:03",159500
96.4,-0.8,400,"bu","10:06:46",159400
96.4,-0.8,10000,"bu","10:06:29",159000
96.2,-1,6000,"sd","10:06:24",149000
96.3,-0.9,4000,"sd","10:06:24",143000
96.4,-0.8,1200,"sd","10:06:16",139000
96.5,-0.7,100,"bu","10:05:54",137800
96.5,-0.7,100,"bu","10:05:45",137700
96.5,-0.7,200,"bu","10:05:23",137600
96.5,-0.7,300,"bu","10:05:17",137400
96.5,-0.7,1000,"bu","10:05:01",137100
96.4,-0.8,13000,"sd","10:04:56",136100
96.5,-0.7,4300,"sd","10:04:46",123100
96.5,-0.7,100,"sd","10:04:32",118800
96.5,-0.7,500,"sd","10:04:28",118700
96.5,-0.7,1000,"bu","10:04:11",118200
96.5,-0.7,200,"bu","10:04:04",117200
96.5,-0.7,100,"bu","10:04:04",117000
96.5,-0.7,100,"bu","10:04:01",116900
96.5,-0.7,100,"bu","10:03:59",116800
96.5,-0.7,300,"bu","10:03:49",116700
96.5,-0.7,600,"bu","10:03:47",116400
96.5,-0.7,500,"bu","10:03:45",115800
96.5,-0.7,1000,"bu","10:03:44",115300
96.5,-0.7,400,"bu","10:03:43",114300
96.5,-0.7,200,"bu","10:03:42",113900
96.5,-0.7,2000,"bu","10:03:37",113700
96.5,-0.7,600,"bu","10:03:36",111700
96.5,-0.7,500,"bu","10:03:21",111100
96.5,-0.7,2000,"bu","10:03:11",110600
96.5,-0.7,100,"bu","10:02:58",108600
96.4,-0.8,1900,"bu","10:02:41",108500
96.4,-0.8,1000,"bu","10:02:30",106600
96.4,-0.8,1100,"sd","10:02:28",105600
96.4,-0.8,200,"sd","10:02:24",104500
96.4,-0.8,300,"sd","10:01:58",104300
96.4,-0.8,400,"sd","10:01:56",104000
96.5,-0.7,1700,"bu","10:01:45",103600
96.4,-0.8,200,"sd","10:01:15",101900
96.5,-0.7,100,"bu","10:01:10",101700
96.5,-0.7,100,"bu","10:00:38",101600
96.4,-0.8,200,"sd","09:59:52",101500
96.4,-0.8,300,"sd","09:59:43",101300
96.5,-0.7,200,"bu","09:59:28",100900
96.5,-0.7,100,"bu","09:59:08",100700
96.5,-0.7,2100,"sd","09:59:04",100600
96.5,-0.7,500,"sd","09:58:26",98500
96.4,-0.8,4200,"sd","09:57:50",98000
96.4,-0.8,300,"sd","09:57:49",93800
96.5,-0.7,7000,"sd","09:57:49",93500
96.6,-0.6,400,"sd","09:57:49",86500
96.7,-0.5,100,"sd","09:57:49",86100
96.6,-0.6,1900,"bu","09:57:34",86000
96.5,-0.7,2200,"sd","09:57:33",84100
96.5,-0.7,200,"sd","09:57:23",81900
96.5,-0.7,400,"sd","09:57:22",81700
96.5,-0.7,400,"sd","09:56:59",81300
96.6,-0.6,100,"bu","09:56:57",80900
96.6,-0.6,100,"bu","09:56:38",80800
96.6,-0.6,100,"bu","09:55:51",80700
96.6,-0.6,2000,"bu","09:55:26",80600
96.6,-0.6,300,"sd","09:55:01",78600
96.6,-0.6,100,"sd","09:54:59",78300
96.7,-0.5,100,"bu","09:54:45",78200
96.7,-0.5,1400,"sd","09:54:27",78100
96.8,-0.4,100,"bu","09:54:24",76700
96.7,-0.5,2000,"sd","09:54:09",76600
96.8,-0.4,1200,"sd","09:53:56",74600
96.9,-0.3,200,"sd","09:53:29",73400
97,-0.2,800,"sd","09:53:12",73200
97,-0.2,2000,"sd","09:52:20",72400
97,-0.2,600,"sd","09:52:02",70400
97,-0.2,2600,"sd","09:51:56",69800
97,-0.2,400,"sd","09:51:51",67200
97.1,-0.1,400,"sd","09:51:45",66800
97.1,-0.1,1000,"sd","09:51:40",66400
97.2,0,100,"bu","09:50:13",65400
97.2,0,800,"sd","09:50:10",65300
97.2,0,400,"sd","09:50:05",64500
97.2,0,1200,"sd","09:49:58",64100
97.2,0,800,"sd","09:49:52",62900
97.2,0,500,"sd","09:49:44",62100
97.2,0,2000,"sd","09:49:16",61600
97.2,0,200,"sd","09:49:10",59600
97.2,0,100,"sd","09:47:37",59400
97.2,0,2700,"bu","09:46:57",59300
97.2,0,1500,"sd","09:45:31",56600
97.3,0.1,100,"bu","09:45:22",55100
97.3,0.1,100,"bu","09:43:55",55000
97.3,0.1,2000,"bu","09:43:52",54900
97.3,0.1,100,"sd","09:41:21",52900
97.3,0.1,500,"sd","09:41:15",52800
97.3,0.1,100,"sd","09:40:46",52300
97.3,0.1,300,"sd","09:40:29",52200
97.3,0.1,1000,"sd","09:40:15",51900
97.4,0.2,700,"sd","09:39:15",50900
97.4,0.2,800,"sd","09:39:11",50200
97.4,0.2,100,"sd","09:38:44",49400
97.5,0.3,200,"sd","09:38:15",49300
97.5,0.3,1000,"sd","09:38:09",49100
97.5,0.3,500,"sd","09:38:01",48100
97.5,0.3,300,"sd","09:37:53",47600
97.6,0.4,200,"bu","09:37:15",47300
97.6,0.4,100,"bu","09:37:04",47100
97.6,0.4,7700,"bu","09:35:58",47000
97.6,0.4,100,"sd","09:35:17",39300
97.6,0.4,400,"sd","09:34:57",39200
97.8,0.6,300,"bu","09:33:33",38800
97.8,0.6,300,"sd","09:32:46",38500
97.8,0.6,500,"sd","09:32:41",38200
97.8,0.6,400,"sd","09:32:17",37700
97.8,0.6,1000,"sd","09:31:29",37300
97.8,0.6,200,"sd","09:31:25",36300
97.8,0.6,1000,"sd","09:31:23",36100
97.8,0.6,500,"sd","09:31:12",35100
97.8,0.6,2000,"sd","09:31:06",34600
97.8,0.6,100,"sd","09:30:55",32600
97.8,0.6,500,"sd","09:30:38",32500
97.9,0.7,100,"bu","09:29:29",32000
97.9,0.7,100,"bu","09:29:22",31900
97.8,0.6,200,"sd","09:29:02",31800
97.9,0.7,1000,"bu","09:28:28",31600
97.9,0.7,1000,"bu","09:28:02",30600
97.8,0.6,400,"sd","09:28:02",29600
97.8,0.6,100,"sd","09:27:28",29200
98,0.8,100,"bu","09:26:57",29100
98,0.8,2900,"bu","09:26:50",29000
97.9,0.7,100,"sd","09:26:47",26100
98,0.8,10000,"bu","09:26:40",26000
98,0.8,400,"bu","09:26:35",16000
97.9,0.7,100,"sd","09:26:09",15600
97.9,0.7,200,"sd","09:26:04",15500
97.9,0.7,1000,"bu","09:25:52",15300
97.8,0.6,100,"sd","09:25:49",14300
97.8,0.6,500,"sd","09:25:45",14200
97.8,0.6,1000,"bu","09:25:26",13700
97.5,0.3,100,"sd","09:25:18",12700
97.4,0.2,300,"sd","09:24:46",12600
97.4,0.2,200,"sd","09:24:27",12300
98,0.8,500,"bu","09:23:13",12100
97.9,0.7,1400,"bu","09:23:13",11600
97.8,0.6,400,"bu","09:23:13",10200
97.7,0.5,200,"bu","09:23:13",9800
97.6,0.4,200,"bu","09:23:13",9600
97.5,0.3,200,"bu","09:23:13",9400
97.4,0.2,100,"bu","09:23:13",9200
97.3,0.1,100,"sd","09:22:14",9100
97.3,0.1,2000,"sd","09:21:46",9000
97.3,0.1,100,"sd","09:21:13",7000
97.3,0.1,500,"sd","09:20:30",6900
97.3,0.1,900,"sd","09:20:10",6400
97.2,0,300,"sd","09:19:16",5500
97.2,0,100,"sd","09:18:56",5200
97.2,0,1000,"bu","09:15:47",5100
97,-0.2,100,"bu","09:15:30",4100
96.7,-0.5,100,"sd","09:15:11",4000
96.7,-0.5,3900,"","09:15:02",3900
