"price","change","match_qtty","side","time","total_vol"
36.1,-0.7,103700,"","14:45:08",2230300
36.4,-0.4,200,"bu","14:29:49",2126600
36.4,-0.4,2000,"bu","14:29:48",2126400
36.4,-0.4,1000,"bu","14:29:47",2124400
36.4,-0.4,2000,"bu","14:29:42",2123400
36.4,-0.4,100,"bu","14:29:41",2121400
36.35,-0.45,1500,"sd","14:29:39",2121300
36.4,-0.4,500,"bu","14:29:38",2119800
36.4,-0.4,100,"bu","14:29:37",2119300
36.35,-0.45,500,"sd","14:29:36",2119200
36.4,-0.4,1000,"bu","14:29:30",2118700
36.4,-0.4,500,"bu","14:29:30",2117700
36.35,-0.45,300,"sd","14:29:28",2117200
36.35,-0.45,5100,"sd","14:29:26",2116900
36.35,-0.45,400,"sd","14:29:09",2111800
36.35,-0.45,700,"sd","14:29:01",2111400
36.35,-0.45,500,"bu","14:28:49",2110700
36.3,-0.5,100,"sd","14:28:44",2110200
36.3,-0.5,500,"sd","14:28:33",2110100
36.3,-0.5,900,"bu","14:28:31",2109600
36.3,-0.5,200,"bu","14:28:30",2108700
36.3,-0.5,200,"bu","14:28:20",2108500
36.25,-0.55,800,"bu","14:28:15",2108300
36.25,-0.55,200,"sd","14:28:11",2107500
36.25,-0.55,400,"bu","14:28:09",2107300
36.25,-0.55,100,"bu","14:28:04",2106900
36.2,-0.6,100,"sd","14:28:00",2106800
36.2,-0.6,100,"sd","14:27:53",2106700
36.15,-0.65,100,"sd","14:27:43",2106600
36.3,-0.5,100,"bu","14:27:33",2106500
36.25,-0.55,200,"bu","14:27:33",2106400
36.25,-0.55,4800,"bu","14:27:32",2106200
36.2,-0.6,200,"bu","14:27:32",2101400
36.1,-0.7,2300,"bu","14:27:26",2101200
36.1,-0.7,3000,"bu","14:27:25",2098900
36.1,-0.7,500,"bu","14:27:22",2095900
36.1,-0.7,100,"bu","14:27:20",2095400
36.05,-0.75,1000,"sd","14:27:12",2095300
36.05,-0.75,200,"sd","14:27:05",2094300
36.05,-0.75,100,"bu","14:27:02",2094100
36.05,-0.75,200,"bu","14:27:01",2094000
36,-0.8,1000,"sd","14:27:00",2093800
36.05,-0.75,1200,"bu","14:26:59",2092800
36.05,-0.75,1100,"bu","14:26:57",2091600
36,-0.8,100,"sd","14:26:57",2090500
36.05,-0.75,4000,"bu","14:26:56",2090400
36,-0.8,1000,"sd","14:26:56",2086400
36.05,-0.75,200,"bu","14:26:55",2085400
36.05,-0.75,3100,"bu","14:26:54",2085200
36.05,-0.75,3000,"bu","14:26:49",2082100
36.05,-0.75,1000,"bu","14:26:48",2079100
36,-0.8,500,"sd","14:26:48",2078100
36.05,-0.75,100,"bu","14:26:46",2077600
36,-0.8,1500,"sd","14:26:43",2077500
36.05,-0.75,1000,"bu","14:26:36",2076000
36.05,-0.75,600,"bu","14:26:30",2075000
35.9,-0.9,6100,"sd","14:26:26",2074400
35.95,-0.85,11200,"sd","14:26:26",2068300
36,-0.8,12700,"sd","14:26:26",2057100
36,-0.8,100,"sd","14:26:22",2044400
36,-0.8,1000,"sd","14:26:14",2044300
36.05,-0.75,200,"bu","14:26:05",2043300
36.05,-0.75,500,"bu","14:26:02",2043100
36.05,-0.75,5000,"bu","14:25:58",2042600
35.95,-0.85,400,"sd","14:25:56",2037600
36,-0.8,500,"sd","14:25:55",2037200
36,-0.8,2000,"sd","14:25:53",2036700
36,-0.8,800,"sd","14:25:50",2034700
36,-0.8,500,"sd","14:25:49",2033900
36,-0.8,400,"bu","14:25:47",2033400
36,-0.8,3000,"bu","14:25:46",2033000
36,-0.8,500,"bu","14:25:44",2030000
36,-0.8,100,"bu","14:25:41",2029500
36,-0.8,400,"bu","14:25:36",2029400
36,-0.8,1700,"bu","14:25:30",2029000
35.95,-0.85,800,"bu","14:25:30",2027300
35.95,-0.85,100,"bu","14:25:29",2026500
35.95,-0.85,200,"bu","14:25:28",2026400
35.95,-0.85,1500,"bu","14:25:26",2026200
35.95,-0.85,1500,"sd","14:25:20",2024700
36,-0.8,500,"bu","14:25:18",2023200
36,-0.8,100,"bu","14:25:17",2022600
36,-0.8,200,"bu","14:25:13",2022500
36,-0.8,17700,"sd","14:25:12",2022300
36.05,-0.75,100,"sd","14:25:12",2004600
36,-0.8,200,"sd","14:25:07",2004500
36.05,-0.75,500,"bu","14:25:07",2004300
36,-0.8,1500,"sd","14:25:03",2003800
36.05,-0.75,300,"bu","14:25:02",2002300
36,-0.8,1000,"sd","14:25:00",2002000
36.05,-0.75,100,"bu","14:24:59",2001000
36.05,-0.75,3000,"bu","14:24:58",2000900
36.05,-0.75,1400,"sd","14:24:57",1997900
36.05,-0.75,100,"sd","14:24:55",1996500
36.05,-0.75,100,"sd","14:24:51",1996400
36,-0.8,99000,"sd","14:24:45",1996300
36.05,-0.75,2000,"sd","14:24:45",1897300
36.05,-0.75,1200,"sd","14:24:38",1895300
36.05,-0.75,100,"sd","14:24:27",1894100
36.2,-0.6,2000,"bu","14:24:26",1894000
36,-0.8,2400,"sd","14:24:23",1892000
36.05,-0.75,700,"sd","14:24:21",1888500
36,-0.8,700,"sd","14:24:14",1887800
36.05,-0.75,100,"bu","14:24:09",1887100
36.05,-0.75,100,"bu","14:24:07",1887000
36.05,-0.75,4500,"sd","14:24:06",1886900
36.05,-0.75,500,"sd","14:24:04",1882400
36,-0.8,600,"sd","14:24:02",1881900
36.05,-0.75,500,"sd","14:24:02",1881300
36.05,-0.75,100,"sd","14:24:02",1880800
36.05,-0.75,100,"sd","14:23:53",1880700
36.1,-0.7,300,"sd","14:23:53",1880600
36.2,-0.6,200,"bu","14:23:42",1880300
36,-0.8,3500,"sd","14:23:40",1880100
36,-0.8,1000,"sd","14:23:36",1876600
36,-0.8,100,"sd","14:23:35",1875600
36,-0.8,400,"sd","14:23:31",1875500
36,-0.8,8800,"sd","14:23:22",1875100
36.05,-0.75,3600,"sd","14:23:22",1866300
36.1,-0.7,12400,"sd","14:23:22",1862700
36.15,-0.65,1000,"sd","14:23:22",1850300
36.2,-0.6,26900,"sd","14:23:22",1849300
36.25,-0.55,17300,"sd","14:23:22",1822400
36.3,-0.5,200,"bu","14:23:17",1805100
36.25,-0.55,800,"sd","14:23:16",1804900
36.25,-0.55,2500,"sd","14:23:14",1804100
36.25,-0.55,100,"sd","14:23:08",1801600
36.3,-0.5,1200,"bu","14:23:07",1801500
36.25,-0.55,2000,"sd","14:23:07",1800300
36.25,-0.55,1500,"sd","14:23:06",1798300
36.3,-0.5,1000,"bu","14:23:04",1796800
36.25,-0.55,1500,"sd","14:23:02",1795800
36.3,-0.5,1500,"bu","14:22:55",1794300
36.3,-0.5,300,"sd","14:22:52",1792800
36.3,-0.5,3800,"sd","14:22:52",1792500
36.35,-0.45,100,"bu","14:22:48",1788700
36.3,-0.5,100,"sd","14:22:43",1788600
36.3,-0.5,100,"sd","14:22:40",1788500
36.35,-0.45,200,"bu","14:22:39",1788400
36.35,-0.45,300,"bu","14:22:37",1788200
36.3,-0.5,30000,"sd","14:22:37",1787900
36.3,-0.5,5000,"sd","14:22:25",1757900
36.35,-0.45,300,"bu","14:22:23",1752900
36.3,-0.5,100,"sd","14:22:18",1752600
36.35,-0.45,2000,"bu","14:22:07",1752500
36.35,-0.45,500,"bu","14:21:56",1750500
36.3,-0.5,100,"sd","14:21:53",1750000
36.35,-0.45,100,"bu","14:21:42",1749900
36.3,-0.5,1500,"sd","14:21:40",1749800
36.3,-0.5,1200,"sd","14:21:34",1748300
36.35,-0.45,500,"bu","14:21:29",1747100
36.3,-0.5,100,"sd","14:21:27",1746600
36.35,-0.45,200,"bu","14:21:12",1746500
36.3,-0.5,700,"sd","14:21:09",1746300
36.3,-0.5,100,"sd","14:21:04",1745600
36.35,-0.45,2000,"bu","14:20:59",1745500
36.3,-0.5,200,"sd","14:20:55",1743500
36.3,-0.5,2900,"sd","14:20:49",1743300
36.3,-0.5,500,"sd","14:20:45",1740400
36.3,-0.5,100,"sd","14:20:39",1739900
36.3,-0.5,20900,"sd","14:20:27",1739800
36.35,-0.45,29100,"sd","14:20:27",1718900
36.35,-0.45,100,"sd","14:20:21",1689800
36.35,-0.45,100,"sd","14:20:15",1689700
36.4,-0.4,500,"bu","14:20:12",1689600
36.35,-0.45,100,"sd","14:20:04",1689100
36.35,-0.45,100,"sd","14:19:53",1689000
36.35,-0.45,200,"sd","14:19:44",1688900
36.4,-0.4,100,"bu","14:19:32",1688700
36.35,-0.45,100,"sd","14:19:27",1688600
36.35,-0.45,100,"sd","14:19:04",1688500
36.35,-0.45,600,"sd","14:18:43",1688400
36.35,-0.45,100,"sd","14:18:40",1687800
36.35,-0.45,1000,"sd","14:18:37",1687700
36.4,-0.4,1000,"bu","14:18:23",1686700
36.4,-0.4,1000,"bu","14:18:20",1685700
36.35,-0.45,100,"sd","14:18:16",1684700
36.35,-0.45,2500,"sd","14:18:05",1684600
36.35,-0.45,600,"sd","14:18:02",1682100
36.4,-0.4,100,"bu","14:18:02",1681500
36.35,-0.45,100,"sd","14:18:00",1681400
36.35,-0.45,100,"sd","14:17:53",1681300
36.35,-0.45,7000,"sd","14:17:32",1681200
36.35,-0.45,100,"sd","14:17:30",1674200
36.35,-0.45,100,"sd","14:17:29",1674100
36.4,-0.4,100,"bu","14:17:14",1674000
36.4,-0.4,100,"bu","14:17:10",1673900
36.4,-0.4,700,"sd","14:17:04",1673800
36.4,-0.4,300,"sd","14:17:03",1673100
36.4,-0.4,100,"sd","14:16:46",1672800
36.4,-0.4,4100,"sd","14:16:43",1672700
36.4,-0.4,100,"sd","14:16:22",1668600
36.5,-0.3,600,"bu","14:15:38",1668500
36.45,-0.35,9300,"bu","14:15:38",1667900
36.45,-0.35,2300,"sd","14:15:29",1658600
36.5,-0.3,1800,"bu","14:15:25",1647800
36.45,-0.35,3900,"sd","14:15:13",1646000
36.5,-0.3,400,"bu","14:15:12",1642100
36.45,-0.35,500,"sd","14:15:03",1641700
36.5,-0.3,3900,"sd","14:15:00",1641200
36.55,-0.25,2000,"bu","14:15:00",1637300
36.5,-0.3,100,"sd","14:14:49",1635300
36.55,-0.25,100,"bu","14:14:36",1635200
36.55,-0.25,2200,"sd","14:14:34",1635100
36.55,-0.25,200,"sd","14:14:31",1632900
36.55,-0.25,100,"sd","14:14:26",1632700
36.55,-0.25,100,"sd","14:14:22",1632600
36.55,-0.25,1000,"sd","14:13:49",1632500
36.55,-0.25,3200,"bu","14:13:44",1631500
36.5,-0.3,100,"sd","14:13:42",1628300
36.55,-0.25,100,"bu","14:13:40",1628200
36.55,-0.25,200,"bu","14:13:19",1628100
36.5,-0.3,100,"sd","14:13:19",1627900
36.5,-0.3,1500,"bu","14:12:56",1627800
36.5,-0.3,500,"sd","14:12:54",1626300
36.5,-0.3,500,"bu","14:12:48",1625800
36.5,-0.3,5000,"bu","14:12:44",1625300
36.45,-0.35,100,"sd","14:12:43",1620300
36.45,-0.35,600,"bu","14:12:28",1620200
36.45,-0.35,3700,"bu","14:12:27",1619600
36.4,-0.4,100,"sd","14:12:12",1615900
36.4,-0.4,500,"sd","14:11:53",1615800
36.45,-0.35,1000,"bu","14:11:51",1615300
36.4,-0.4,100,"sd","14:11:51",1614300
36.4,-0.4,10500,"sd","14:11:35",1614200
36.4,-0.4,1200,"sd","14:11:34",1603700
36.4,-0.4,100,"sd","14:11:31",1602500
36.45,-0.35,3000,"bu","14:11:29",1602400
36.4,-0.4,100,"sd","14:11:29",1599400
36.4,-0.4,3800,"sd","14:11:17",1599300
36.4,-0.4,100,"sd","14:11:06",1595500
36.45,-0.35,1000,"bu","14:10:46",1595400
36.45,-0.35,5000,"bu","14:10:33",1594400
36.4,-0.4,2200,"bu","14:10:31",1589400
36.4,-0.4,7000,"bu","14:10:29",1587200
36.35,-0.45,100,"sd","14:10:21",1580200
36.35,-0.45,8100,"bu","14:10:21",1580100
36.35,-0.45,1000,"bu","14:10:19",1572000
36.35,-0.45,2500,"bu","14:10:17",1571000
36.35,-0.45,200,"bu","14:10:05",1568500
36.3,-0.5,100,"sd","14:10:01",1568300
36.35,-0.45,200,"bu","14:09:45",1568200
36.35,-0.45,800,"bu","14:09:40",1568000
36.3,-0.5,100,"sd","14:09:39",1567200
36.35,-0.45,1500,"bu","14:09:33",1567100
36.3,-0.5,2000,"sd","14:09:33",1565600
36.3,-0.5,5000,"sd","14:09:29",1563600
36.3,-0.5,100,"sd","14:09:17",1558600
36.35,-0.45,1600,"bu","14:09:14",1558500
36.35,-0.45,1000,"bu","14:09:07",1556900
36.35,-0.45,100,"bu","14:08:58",1555900
36.35,-0.45,3200,"sd","14:08:53",1555800
36.35,-0.45,2000,"sd","14:08:51",1552600
36.35,-0.45,600,"sd","14:08:46",1550600
36.35,-0.45,100,"sd","14:08:44",1550000
36.35,-0.45,400,"bu","14:08:30",1549900
36.35,-0.45,500,"bu","14:08:25",1549500
36.3,-0.5,5000,"sd","14:08:25",1549000
36.35,-0.45,1000,"bu","14:08:24",1544000
36.35,-0.45,100,"bu","14:08:18",1543000
36.3,-0.5,15100,"sd","14:08:13",1542900
36.35,-0.45,1400,"sd","14:08:06",1527800
36.35,-0.45,3000,"sd","14:08:03",1526400
36.35,-0.45,2500,"sd","14:08:01",1523400
36.35,-0.45,500,"sd","14:07:59",1520900
36.35,-0.45,5000,"sd","14:07:56",1520400
36.35,-0.45,2000,"sd","14:07:53",1515400
36.35,-0.45,1000,"sd","14:07:52",1513400
36.35,-0.45,100,"sd","14:07:51",1512400
36.35,-0.45,1000,"sd","14:07:46",1512300
36.35,-0.45,300,"sd","14:07:41",1511300
36.35,-0.45,2000,"sd","14:07:34",1511000
36.35,-0.45,100,"sd","14:07:29",1509000
36.35,-0.45,7000,"sd","14:07:28",1508900
36.35,-0.45,8500,"sd","14:07:21",1501900
36.35,-0.45,500,"sd","14:07:20",1493400
36.4,-0.4,500,"sd","14:07:20",1492900
36.4,-0.4,1000,"sd","14:07:15",1492400
36.4,-0.4,5000,"sd","14:07:09",1491400
36.4,-0.4,100,"sd","14:07:08",1486400
36.4,-0.4,2000,"sd","14:07:07",1486300
36.4,-0.4,2000,"sd","14:07:03",1484300
36.4,-0.4,1500,"sd","14:07:01",1482300
36.4,-0.4,2200,"sd","14:06:59",1480800
36.4,-0.4,1000,"sd","14:06:58",1478600
36.45,-0.35,100,"bu","14:06:53",1477600
36.4,-0.4,100,"sd","14:06:47",1477500
36.4,-0.4,2000,"sd","14:06:40",1477400
36.4,-0.4,1000,"sd","14:06:38",1475400
36.4,-0.4,2000,"sd","14:06:35",1474400
36.4,-0.4,100,"sd","14:06:26",1472400
36.4,-0.4,6200,"sd","14:06:15",1472300
36.4,-0.4,100,"sd","14:06:05",1466100
36.4,-0.4,2000,"sd","14:06:04",1466000
36.4,-0.4,1000,"sd","14:05:50",1464000
36.4,-0.4,6000,"sd","14:05:43",1463000
36.4,-0.4,200,"sd","14:05:42",1457000
36.4,-0.4,1000,"sd","14:05:35",1456800
36.45,-0.35,2000,"sd","14:05:22",1455800
36.5,-0.3,100,"bu","14:05:13",1453800
36.45,-0.35,2000,"sd","14:05:05",1453700
36.45,-0.35,1000,"sd","14:05:02",1451700
36.45,-0.35,300,"sd","14:04:47",1450700
36.45,-0.35,5800,"bu","14:04:41",1450400
36.4,-0.4,100,"sd","14:04:39",1444600
36.45,-0.35,100,"bu","14:04:38",1444500
36.45,-0.35,200,"bu","14:04:28",1444400
36.45,-0.35,100,"bu","14:04:19",1444200
36.4,-0.4,100,"sd","14:04:17",1444100
36.45,-0.35,1000,"bu","14:04:17",1444000
36.45,-0.35,2900,"sd","14:04:12",1443000
36.45,-0.35,100,"sd","14:03:57",1440100
36.45,-0.35,100,"sd","14:03:36",1440000
36.4,-0.4,100,"sd","14:03:14",1439900
36.5,-0.3,200,"bu","14:03:09",1439800
36.5,-0.3,1000,"bu","14:03:05",1439600
36.4,-0.4,9600,"sd","14:03:03",1438600
36.45,-0.35,10400,"sd","14:03:03",1429000
36.45,-0.35,100,"sd","14:02:54",1418600
36.5,-0.3,100,"bu","14:02:38",1418500
36.45,-0.35,14000,"sd","14:02:36",1418400
36.45,-0.35,100,"sd","14:02:33",1404400
36.5,-0.3,500,"bu","14:02:31",1404300
36.5,-0.3,200,"bu","14:02:28",1403800
36.5,-0.3,100,"bu","14:02:28",1403600
36.5,-0.3,100,"bu","14:02:19",1403500
36.45,-0.35,100,"sd","14:02:12",1403400
36.5,-0.3,500,"bu","14:02:10",1403300
36.5,-0.3,500,"bu","14:02:01",1402800
36.5,-0.3,1000,"bu","14:01:53",1402300
36.45,-0.35,100,"sd","14:01:51",1401300
36.5,-0.3,500,"bu","14:01:32",1401200
36.45,-0.35,100,"sd","14:01:30",1400700
36.5,-0.3,500,"bu","14:01:21",1400600
36.5,-0.3,100,"bu","14:01:12",1400100
36.45,-0.35,100,"sd","14:01:10",1400000
36.45,-0.35,500,"sd","14:00:57",1399900
36.5,-0.3,700,"bu","14:00:55",1399400
36.45,-0.35,100,"sd","14:00:48",1398700
36.45,-0.35,100,"sd","14:00:27",1398600
36.45,-0.35,100,"sd","14:00:07",1398500
36.5,-0.3,100,"bu","13:59:55",1398400
36.45,-0.35,100,"sd","13:59:46",1398300
36.45,-0.35,500,"sd","13:59:41",1398200
36.5,-0.3,200,"bu","13:59:37",1397700
36.5,-0.3,1000,"bu","13:59:34",1397500
36.45,-0.35,100,"sd","13:59:26",1396500
36.5,-0.3,3500,"sd","13:59:07",1396300
36.5,-0.3,2200,"sd","13:59:00",1392800
36.5,-0.3,10000,"sd","13:58:55",1390600
36.5,-0.3,1000,"sd","13:58:47",1380600
36.5,-0.3,100,"sd","13:58:44",1379600
36.5,-0.3,100,"sd","13:58:23",1379500
36.5,-0.3,300,"sd","13:58:04",1379400
36.5,-0.3,100,"sd","13:58:04",1379100
36.5,-0.3,1300,"sd","13:57:49",1379000
36.45,-0.35,9300,"sd","13:57:47",1377700
36.5,-0.3,1400,"sd","13:57:47",1368400
36.5,-0.3,100,"sd","13:57:43",1367000
36.5,-0.3,1000,"sd","13:57:29",1366900
36.5,-0.3,100,"sd","13:57:01",1365900
36.5,-0.3,700,"bu","13:57:00",1365800
36.45,-0.35,400,"sd","13:56:56",1365100
36.5,-0.3,500,"bu","13:56:52",1364700
36.45,-0.35,100,"sd","13:56:41",1364200
36.5,-0.3,300,"bu","13:56:39",1364100
36.5,-0.3,100,"bu","13:56:36",1363800
36.5,-0.3,500,"sd","13:56:28",1363700
36.5,-0.3,1000,"sd","13:56:21",1363200
36.5,-0.3,300,"sd","13:56:18",1362200
36.5,-0.3,1200,"bu","13:56:13",1361900
36.45,-0.35,100,"sd","13:56:10",1360700
36.45,-0.35,100,"sd","13:56:07",1360600
36.5,-0.3,100,"bu","13:56:06",1360500
36.5,-0.3,1000,"bu","13:56:05",1360400
36.45,-0.35,3300,"sd","13:56:01",1359400
36.45,-0.35,1700,"sd","13:56:01",1356100
36.45,-0.35,15000,"sd","13:55:54",1354400
36.5,-0.3,1000,"bu","13:55:52",1339400
36.5,-0.3,2000,"bu","13:55:40",1338400
36.45,-0.35,100,"sd","13:55:40",1336400
36.5,-0.3,200,"bu","13:55:37",1336300
36.45,-0.35,1000,"sd","13:55:27",1336100
36.45,-0.35,100,"sd","13:55:20",1335100
36.5,-0.3,500,"bu","13:55:18",1335000
36.5,-0.3,200,"bu","13:55:13",1334500
36.5,-0.3,3000,"bu","13:55:10",1334300
36.5,-0.3,500,"bu","13:55:05",1331300
36.45,-0.35,100,"sd","13:54:59",1330800
36.5,-0.3,13500,"sd","13:54:55",1330700
36.5,-0.3,100,"sd","13:54:40",1317200
36.5,-0.3,10000,"sd","13:54:39",1317100
36.6,-0.2,200,"bu","13:54:32",1307100
36.5,-0.3,400,"sd","13:54:31",1306900
36.6,-0.2,500,"bu","13:54:30",1306500
36.5,-0.3,8000,"bu","13:54:10",1306000
36.45,-0.35,100,"sd","13:53:58",1298000
36.5,-0.3,2000,"bu","13:53:56",1297900
36.5,-0.3,200,"bu","13:53:55",1295900
36.5,-0.3,100,"bu","13:53:52",1295700
36.5,-0.3,3000,"bu","13:53:45",1295600
36.45,-0.35,100,"sd","13:53:39",1292600
36.5,-0.3,5000,"bu","13:53:24",1292500
36.5,-0.3,2100,"sd","13:53:18",1287500
36.5,-0.3,300,"bu","13:53:03",1285400
36.5,-0.3,3000,"bu","13:53:01",1285100
36.5,-0.3,100,"bu","13:52:59",1282100
36.45,-0.35,100,"sd","13:52:58",1282000
36.5,-0.3,300,"bu","13:52:56",1281900
36.5,-0.3,100,"bu","13:52:50",1281600
36.5,-0.3,20000,"bu","13:52:45",1281500
36.5,-0.3,2000,"bu","13:52:42",1261500
36.5,-0.3,100,"bu","13:52:41",1259500
36.45,-0.35,100,"sd","13:52:39",1259400
36.45,-0.35,500,"sd","13:52:36",1259300
36.5,-0.3,100,"bu","13:52:35",1258800
36.45,-0.35,100,"sd","13:52:17",1258700
36.5,-0.3,4900,"sd","13:52:14",1258600
36.5,-0.3,7500,"sd","13:52:00",1253700
36.55,-0.25,2500,"sd","13:52:00",1246200
36.55,-0.25,100,"sd","13:51:57",1243700
36.55,-0.25,200,"sd","13:51:53",1243600
36.55,-0.25,100,"sd","13:51:37",1243400
36.55,-0.25,100,"sd","13:51:18",1243300
36.55,-0.25,100,"sd","13:50:57",1243200
36.55,-0.25,500,"sd","13:50:53",1243100
36.55,-0.25,500,"sd","13:50:29",1242600
36.55,-0.25,100,"bu","13:50:24",1242100
36.55,-0.25,100,"bu","13:50:24",1242000
36.5,-0.3,100,"sd","13:50:17",1241900
36.5,-0.3,100,"sd","13:49:57",1241800
36.5,-0.3,100,"sd","13:49:38",1241700
36.55,-0.25,500,"bu","13:49:34",1241600
36.55,-0.25,900,"sd","13:49:33",1241100
36.55,-0.25,100,"sd","13:49:18",1240200
36.55,-0.25,100,"sd","13:48:57",1240100
36.55,-0.25,100,"sd","13:48:38",1240000
36.55,-0.25,100,"sd","13:48:30",1239900
36.55,-0.25,100,"sd","13:48:17",1239800
36.55,-0.25,100,"bu","13:48:06",1239700
36.5,-0.3,14900,"sd","13:47:56",1239600
36.55,-0.25,2100,"sd","13:47:56",1224700
36.55,-0.25,100,"sd","13:47:46",1222600
36.6,-0.2,100,"sd","13:47:46",1222500
36.6,-0.2,100,"sd","13:47:38",1222400
36.55,-0.25,100,"sd","13:47:19",1222300
36.55,-0.25,100,"sd","13:47:16",1222200
36.55,-0.25,100,"sd","13:46:58",1222100
36.55,-0.25,500,"sd","13:46:51",1222000
36.55,-0.25,100,"sd","13:46:39",1221500
36.65,-0.15,2000,"bu","13:46:14",1221400
36.55,-0.25,100,"sd","13:45:59",1219400
36.55,-0.25,1600,"bu","13:45:58",1219300
36.5,-0.3,500,"sd","13:45:45",1217700
36.5,-0.3,100,"sd","13:45:38",1217200
36.5,-0.3,300,"sd","13:45:23",1217100
36.5,-0.3,100,"sd","13:45:19",1216800
36.5,-0.3,100,"sd","13:44:59",1216700
36.55,-0.25,100,"bu","13:44:50",1216600
36.5,-0.3,100,"sd","13:44:39",1216500
36.5,-0.3,100,"sd","13:44:20",1216400
36.5,-0.3,100,"sd","13:44:00",1216300
36.5,-0.3,300,"sd","13:43:49",1216200
36.5,-0.3,600,"bu","13:43:26",1215900
36.45,-0.35,100,"sd","13:43:20",1215300
36.45,-0.35,100,"sd","13:43:00",1215200
36.5,-0.3,2000,"bu","13:42:52",1215100
36.45,-0.35,100,"sd","13:42:41",1213100
36.5,-0.3,200,"bu","13:42:32",1213000
36.45,-0.35,100,"sd","13:42:22",1212800
36.45,-0.35,17000,"sd","13:42:06",1212700
36.5,-0.3,100,"bu","13:42:03",1195700
36.45,-0.35,100,"sd","13:42:03",1195600
36.5,-0.3,100,"bu","13:42:00",1195500
36.45,-0.35,100,"sd","13:41:42",1195400
36.45,-0.35,100,"sd","13:41:23",1195300
36.45,-0.35,600,"sd","13:41:17",1195200
36.45,-0.35,100,"sd","13:41:03",1194600
36.5,-0.3,300,"bu","13:41:02",1194500
36.5,-0.3,3000,"bu","13:40:57",1194200
36.5,-0.3,100,"bu","13:40:48",1191200
36.5,-0.3,800,"bu","13:40:46",1191100
36.45,-0.35,100,"sd","13:40:44",1190300
36.5,-0.3,100,"bu","13:40:42",1190200
36.5,-0.3,600,"bu","13:40:41",1190100
36.5,-0.3,100,"bu","13:40:39",1189500
36.5,-0.3,100,"bu","13:40:37",1189400
36.5,-0.3,3000,"bu","13:40:35",1189300
36.5,-0.3,1300,"sd","13:40:27",1186300
36.55,-0.25,300,"bu","13:40:15",1185000
36.55,-0.25,100,"bu","13:40:13",1184700
36.5,-0.3,200,"bu","13:40:06",1184600
36.45,-0.35,100,"sd","13:40:06",1184400
36.5,-0.3,700,"bu","13:40:04",1184300
36.5,-0.3,500,"bu","13:39:55",1183600
36.5,-0.3,6100,"sd","13:39:47",1183100
36.5,-0.3,100,"sd","13:39:46",1177000
36.5,-0.3,100,"sd","13:39:26",1176900
36.55,-0.25,1100,"bu","13:39:14",1176800
36.5,-0.3,100,"sd","13:39:07",1175700
36.55,-0.25,100,"bu","13:39:02",1175600
36.55,-0.25,100,"bu","13:38:55",1175500
36.5,-0.3,100,"sd","13:38:47",1175400
36.55,-0.25,2000,"bu","13:38:43",1175300
36.5,-0.3,100,"bu","13:38:29",1173300
36.45,-0.35,3700,"sd","13:38:27",1173200
36.5,-0.3,300,"sd","13:38:27",1169500
36.5,-0.3,700,"bu","13:38:20",1169200
36.5,-0.3,100,"bu","13:38:18",1168500
36.5,-0.3,200,"sd","13:38:13",1168400
36.5,-0.3,100,"sd","13:38:09",1168200
36.5,-0.3,500,"sd","13:38:04",1168100
36.5,-0.3,4500,"sd","13:38:01",1167600
36.5,-0.3,10000,"sd","13:37:58",1163100
36.5,-0.3,100,"sd","13:37:50",1153100
36.5,-0.3,100,"sd","13:37:31",1153000
36.5,-0.3,200,"sd","13:37:17",1152900
36.5,-0.3,100,"sd","13:37:11",1152700
36.5,-0.3,100,"sd","13:36:51",1152600
36.5,-0.3,100,"sd","13:36:41",1152500
36.5,-0.3,500,"sd","13:36:41",1152400
36.5,-0.3,100,"sd","13:36:32",1151900
36.5,-0.3,100,"sd","13:36:16",1151800
36.5,-0.3,100,"sd","13:35:54",1151700
36.5,-0.3,2000,"sd","13:35:52",1151600
36.5,-0.3,500,"sd","13:35:44",1149600
36.5,-0.3,800,"sd","13:35:39",1149100
36.5,-0.3,12200,"sd","13:35:39",1148300
36.5,-0.3,100,"sd","13:35:34",1136100
36.55,-0.25,100,"bu","13:35:15",1136000
36.5,-0.3,100,"sd","13:35:15",1135800
36.5,-0.3,100,"sd","13:35:07",1135700
36.55,-0.25,100,"bu","13:35:02",1135600
36.55,-0.25,4500,"sd","13:34:55",1135500
36.55,-0.25,100,"sd","13:34:36",1131000
36.6,-0.2,800,"bu","13:34:24",1130900
36.55,-0.25,100,"sd","13:34:17",1130100
36.6,-0.2,6300,"sd","13:34:12",1130000
36.6,-0.2,100,"sd","13:33:58",1123700
36.6,-0.2,300,"sd","13:33:45",1123600
36.6,-0.2,100,"sd","13:33:39",1123300
36.6,-0.2,100,"sd","13:33:20",1123200
36.6,-0.2,3000,"sd","13:33:12",1123100
36.6,-0.2,100,"sd","13:33:02",1120100
36.6,-0.2,100,"sd","13:32:41",1120000
36.6,-0.2,200,"sd","13:32:40",1119900
36.6,-0.2,100,"sd","13:32:23",1119700
36.6,-0.2,3000,"sd","13:32:21",1119600
36.6,-0.2,2500,"sd","13:32:10",1116600
36.65,-0.15,200,"bu","13:32:07",1114100
36.6,-0.2,2000,"sd","13:32:05",1113900
36.6,-0.2,100,"sd","13:32:04",1111900
36.6,-0.2,100,"sd","13:31:45",1111800
36.6,-0.2,100,"sd","13:31:25",1111700
36.6,-0.2,100,"sd","13:31:05",1111600
36.6,-0.2,100,"sd","13:30:46",1111500
36.7,-0.1,500,"bu","13:30:32",1111400
36.6,-0.2,500,"sd","13:30:31",1110900
36.6,-0.2,100,"sd","13:30:28",1110400
36.6,-0.2,100,"sd","13:30:09",1110300
36.6,-0.2,9300,"sd","13:30:01",1110200
36.65,-0.15,700,"sd","13:30:01",1100900
36.65,-0.15,5000,"sd","13:29:42",1100200
36.65,-0.15,100,"sd","13:29:30",1095200
36.7,-0.1,100,"sd","13:29:30",1095100
36.7,-0.1,100,"sd","13:29:27",1094100
36.7,-0.1,200,"bu","13:29:27",1094000
36.7,-0.1,300,"sd","13:29:26",1093800
36.7,-0.1,100,"sd","13:29:11",1093500
36.7,-0.1,100,"sd","13:29:05",1093400
36.7,-0.1,8000,"bu","13:28:41",1093300
36.65,-0.15,100,"sd","13:28:34",1085300
36.65,-0.15,1600,"bu","13:28:08",1085200
36.65,-0.15,3300,"bu","13:27:59",1083600
36.6,-0.2,100,"sd","13:27:56",1080300
36.65,-0.15,1000,"bu","13:27:55",1080200
36.65,-0.15,600,"bu","13:27:51",1079200
36.65,-0.15,300,"bu","13:27:49",1078600
36.65,-0.15,100,"bu","13:27:44",1078300
36.6,-0.2,100,"sd","13:27:36",1078200
36.65,-0.15,100,"bu","13:27:32",1078100
36.6,-0.2,100,"sd","13:27:18",1078000
36.6,-0.2,100,"sd","13:26:59",1077900
36.6,-0.2,100,"sd","13:26:55",1077800
36.65,-0.15,1600,"bu","13:26:42",1077700
36.6,-0.2,600,"bu","13:26:13",1076100
36.6,-0.2,500,"bu","13:26:10",1075500
36.6,-0.2,1000,"bu","13:26:08",1075000
36.55,-0.25,100,"sd","13:26:05",1074000
36.6,-0.2,200,"bu","13:25:55",1073900
36.6,-0.2,1000,"bu","13:25:46",1073700
36.55,-0.25,100,"sd","13:25:43",1072700
36.6,-0.2,200,"bu","13:25:32",1072600
36.55,-0.25,2000,"sd","13:25:30",1072400
36.55,-0.25,100,"sd","13:25:24",1070400
36.55,-0.25,400,"bu","13:25:00",1070300
36.5,-0.3,2300,"sd","13:24:59",1069900
36.55,-0.25,300,"bu","13:24:58",1067600
36.55,-0.25,500,"bu","13:24:54",1067300
36.55,-0.25,300,"bu","13:24:46",1066800
36.5,-0.3,100,"sd","13:24:46",1066500
36.55,-0.25,1000,"bu","13:24:42",1066300
36.55,-0.25,100,"bu","13:24:35",1065300
36.55,-0.25,100,"bu","13:24:35",1065200
36.55,-0.25,1900,"bu","13:24:32",1065100
36.5,-0.3,100,"sd","13:24:27",1063200
36.55,-0.25,1000,"bu","13:24:15",1053100
36.5,-0.3,100,"sd","13:24:09",1052100
36.55,-0.25,300,"bu","13:24:03",1052000
36.55,-0.25,100,"bu","13:23:57",1051700
36.5,-0.3,100,"sd","13:23:50",1051600
36.55,-0.25,1000,"bu","13:23:29",1051500
36.5,-0.3,100,"bu","13:23:17",1050500
36.5,-0.3,1000,"bu","13:23:12",1050400
36.45,-0.35,100,"sd","13:23:11",1049400
36.5,-0.3,200,"bu","13:23:11",1049300
36.5,-0.3,10000,"bu","13:23:07",1049100
36.5,-0.3,3000,"bu","13:23:04",1039100
36.45,-0.35,100,"sd","13:22:58",1036100
36.45,-0.35,100,"sd","13:22:53",1036000
36.45,-0.35,100,"sd","13:22:34",1035900
36.45,-0.35,100,"sd","13:22:15",1035800
36.5,-0.3,200,"bu","13:22:11",1035700
36.45,-0.35,100,"sd","13:21:56",1035500
36.45,-0.35,500,"sd","13:21:46",1035400
36.45,-0.35,100,"sd","13:21:38",1034900
36.45,-0.35,100,"sd","13:21:19",1034800
36.45,-0.35,100,"sd","13:21:14",1034700
36.45,-0.35,2000,"sd","13:21:10",1034600
36.4,-0.4,22400,"sd","13:20:56",1032600
36.45,-0.35,1900,"bu","13:20:53",1007100
36.45,-0.35,100,"bu","13:20:51",1005200
36.45,-0.35,900,"bu","13:20:45",1005100
36.45,-0.35,200,"bu","13:20:44",1004200
36.4,-0.4,100,"sd","13:20:41",1004000
36.45,-0.35,600,"bu","13:20:39",1003900
36.45,-0.35,100,"bu","13:20:35",1003300
36.45,-0.35,5000,"bu","13:20:32",1003200
36.45,-0.35,11300,"sd","13:20:27",998200
36.45,-0.35,21000,"sd","13:20:26",986900
36.45,-0.35,100,"sd","13:20:23",965900
36.45,-0.35,100,"sd","13:20:04",965800
36.5,-0.3,100,"bu","13:20:00",965700
36.5,-0.3,100,"bu","13:19:53",965600
36.5,-0.3,200,"bu","13:19:49",965500
36.45,-0.35,100,"sd","13:19:45",965300
36.5,-0.3,1000,"bu","13:19:41",965200
36.5,-0.3,2000,"bu","13:19:33",964200
36.5,-0.3,500,"bu","13:19:30",962200
36.45,-0.35,100,"sd","13:19:27",961700
36.5,-0.3,1000,"bu","13:19:23",961600
36.5,-0.3,200,"bu","13:19:19",960600
36.5,-0.3,8600,"sd","13:19:18",960400
36.5,-0.3,100,"sd","13:19:08",951800
36.55,-0.25,100,"bu","13:19:07",951700
36.5,-0.3,2000,"bu","13:19:02",951600
36.5,-0.3,500,"bu","13:18:58",949600
36.5,-0.3,2500,"sd","13:18:55",949100
36.55,-0.25,3000,"bu","13:18:44",946600
36.5,-0.3,500,"bu","13:18:37",943600
36.5,-0.3,4700,"sd","13:18:29",943100
36.5,-0.3,100,"sd","13:18:12",938400
36.5,-0.3,5000,"sd","13:18:05",938300
36.5,-0.3,600,"bu","13:17:47",933300
36.5,-0.3,1000,"bu","13:17:46",932700
36.5,-0.3,100,"bu","13:17:42",931700
36.5,-0.3,200,"bu","13:17:36",931600
36.45,-0.35,100,"sd","13:17:35",931400
36.5,-0.3,200,"bu","13:17:33",931300
36.5,-0.3,100,"bu","13:17:28",931100
36.45,-0.35,100,"sd","13:17:16",931000
36.5,-0.3,17900,"sd","13:17:09",930900
36.55,-0.25,2000,"bu","13:17:01",913000
36.5,-0.3,100,"sd","13:16:57",911000
36.55,-0.25,100,"sd","13:16:38",910900
36.5,-0.3,200,"sd","13:16:32",910800
36.6,-0.2,1900,"bu","13:16:04",910600
36.55,-0.25,2100,"bu","13:16:04",908700
36.5,-0.3,100,"sd","13:16:01",906600
36.55,-0.25,3000,"sd","13:15:55",906500
36.55,-0.25,100,"sd","13:15:43",903500
36.6,-0.2,200,"bu","13:15:40",903400
36.6,-0.2,200,"bu","13:15:32",903200
36.55,-0.25,2600,"sd","13:15:13",903000
36.55,-0.25,500,"bu","13:15:10",900400
36.55,-0.25,100,"bu","13:15:01",899900
36.55,-0.25,10000,"bu","13:14:58",899800
36.55,-0.25,100,"bu","13:14:53",889800
36.55,-0.25,200,"bu","13:14:49",889700
36.5,-0.3,100,"sd","13:14:47",889500
36.55,-0.25,2800,"bu","13:14:45",889400
36.5,-0.3,100,"sd","13:14:28",886600
36.5,-0.3,100,"sd","13:14:10",886500
36.55,-0.25,5900,"sd","13:14:00",886400
36.55,-0.25,100,"sd","13:13:52",880200
36.55,-0.25,500,"sd","13:13:35",880100
36.55,-0.25,100,"sd","13:13:33",879600
36.55,-0.25,100,"sd","13:13:15",879500
36.6,-0.2,7000,"bu","13:13:09",879400
36.55,-0.25,4400,"bu","13:12:42",872400
36.5,-0.3,100,"sd","13:12:37",868000
36.5,-0.3,2000,"sd","13:12:32",867900
36.5,-0.3,2100,"sd","13:12:20",865900
36.5,-0.3,100,"sd","13:12:19",863800
36.5,-0.3,100,"sd","13:12:01",863700
36.55,-0.25,100,"bu","13:11:58",863600
36.55,-0.25,1800,"sd","13:11:46",863500
36.55,-0.25,100,"sd","13:11:42",861700
36.55,-0.25,2500,"sd","13:11:41",861600
36.55,-0.25,100,"sd","13:11:23",859100
36.6,-0.2,500,"bu","13:11:13",859000
36.55,-0.25,300,"sd","13:11:09",858500
36.55,-0.25,100,"sd","13:11:05",858200
36.55,-0.25,700,"sd","13:10:51",858100
36.6,-0.2,100,"sd","13:10:51",857400
36.6,-0.2,100,"sd","13:10:47",857300
36.55,-0.25,1000,"bu","13:10:14",857200
36.5,-0.3,100,"sd","13:10:10",856200
36.55,-0.25,200,"bu","13:10:08",856100
36.55,-0.25,8600,"sd","13:10:06",855900
36.6,-0.2,100,"sd","13:09:52",847300
36.6,-0.2,100,"sd","13:09:33",847200
36.6,-0.2,1000,"sd","13:09:31",847100
36.65,-0.15,2200,"bu","13:09:08",845300
36.65,-0.15,3400,"bu","13:09:03",843100
36.6,-0.2,100,"sd","13:08:55",839700
36.6,-0.2,100,"sd","13:08:38",839600
36.65,-0.15,900,"bu","13:08:35",839500
36.65,-0.15,900,"bu","13:08:21",838600
36.6,-0.2,100,"sd","13:08:18",837700
36.6,-0.2,100,"sd","13:08:00",837600
36.6,-0.2,100,"sd","13:07:23",837500
36.6,-0.2,800,"bu","13:07:22",837400
36.6,-0.2,300,"bu","13:07:15",836600
36.55,-0.25,100,"sd","13:07:05",836300
36.6,-0.2,1200,"bu","13:07:05",836200
36.55,-0.25,100,"sd","13:06:47",835000
36.55,-0.25,100,"sd","13:06:28",834900
36.55,-0.25,100,"sd","13:06:10",834800
36.55,-0.25,100,"sd","13:05:52",834700
36.6,-0.2,1000,"bu","13:05:49",834600
36.55,-0.25,100,"sd","13:05:46",833600
36.55,-0.25,100,"sd","13:05:33",833500
36.6,-0.2,200,"bu","13:05:25",833400
36.55,-0.25,100,"sd","13:05:15",833200
36.55,-0.25,100,"sd","13:04:57",833100
36.6,-0.2,2800,"bu","13:04:55",833000
36.6,-0.2,200,"bu","13:04:31",830200
36.6,-0.2,100,"bu","13:04:27",830000
36.55,-0.25,100,"sd","13:04:20",829900
36.5,-0.3,100,"sd","13:04:02",829800
36.6,-0.2,500,"bu","13:03:47",829700
36.5,-0.3,18600,"sd","13:03:44",829200
36.55,-0.25,1500,"sd","13:03:44",810600
36.55,-0.25,100,"sd","13:03:25",809100
36.55,-0.25,1500,"sd","13:03:09",809000
36.55,-0.25,100,"sd","13:03:07",807500
36.55,-0.25,100,"sd","13:02:49",807400
36.55,-0.25,100,"sd","13:02:31",807300
36.55,-0.25,100,"sd","13:02:13",807200
36.55,-0.25,100,"sd","13:01:54",807100
36.55,-0.25,100,"sd","13:01:36",807000
36.55,-0.25,100,"sd","13:01:18",806900
36.55,-0.25,100,"sd","13:01:01",806800
36.55,-0.25,300,"sd","13:00:24",806700
36.55,-0.25,5000,"sd","13:00:19",806400
36.6,-0.2,1000,"bu","13:00:19",801400
36.55,-0.25,500,"sd","13:00:18",800400
36.55,-0.25,100,"sd","13:00:10",799900
36.55,-0.25,500,"sd","13:00:05",799800
36.55,-0.25,1000,"sd","13:00:05",799300
36.6,-0.2,2000,"bu","13:00:01",798300
36.55,-0.25,100,"sd","13:00:01",796300
36.55,-0.25,900,"sd","11:29:02",796200
36.6,-0.2,100,"bu","11:28:44",795300
36.55,-0.25,900,"sd","11:28:43",795200
36.6,-0.2,100,"bu","11:28:30",794300
36.6,-0.2,100,"bu","11:28:20",794200
36.55,-0.25,100,"sd","11:28:06",794100
36.6,-0.2,100,"bu","11:28:03",794000
36.6,-0.2,100,"bu","11:27:40",793900
36.6,-0.2,500,"bu","11:27:32",793800
36.55,-0.25,100,"sd","11:27:28",793300
36.55,-0.25,1900,"sd","11:27:10",793200
36.55,-0.25,100,"sd","11:27:09",791300
36.55,-0.25,100,"sd","11:26:51",791200
36.55,-0.25,100,"sd","11:26:12",791100
36.55,-0.25,100,"sd","11:25:35",791000
36.55,-0.25,3000,"sd","11:25:34",790900
36.6,-0.2,100,"bu","11:25:34",787900
36.55,-0.25,100,"sd","11:24:57",787800
36.6,-0.2,1000,"bu","11:24:54",787700
36.55,-0.25,400,"sd","11:24:49",786700
36.55,-0.25,100,"sd","11:24:20",786300
36.55,-0.25,300,"sd","11:24:17",786200
36.55,-0.25,100,"sd","11:23:42",785900
36.55,-0.25,400,"sd","11:23:20",785800
36.55,-0.25,100,"sd","11:23:05",785400
36.55,-0.25,1000,"sd","11:22:40",785300
36.55,-0.25,200,"sd","11:22:30",784300
36.55,-0.25,100,"sd","11:22:27",784100
36.55,-0.25,100,"sd","11:21:49",784000
36.55,-0.25,100,"sd","11:21:11",783900
36.55,-0.25,100,"sd","11:20:34",783800
36.6,-0.2,1900,"bu","11:20:20",783700
36.6,-0.2,1000,"bu","11:20:15",781800
36.6,-0.2,100,"bu","11:20:11",780800
36.55,-0.25,100,"sd","11:19:57",780700
36.55,-0.25,5000,"sd","11:19:51",780600
36.6,-0.2,3800,"sd","11:19:39",775600
36.6,-0.2,100,"sd","11:19:31",771800
36.6,-0.2,100,"sd","11:19:27",771700
36.6,-0.2,100,"sd","11:19:19",771600
36.6,-0.2,100,"sd","11:18:42",771500
36.6,-0.2,100,"sd","11:18:04",771400
36.6,-0.2,5000,"sd","11:17:30",771300
36.6,-0.2,100,"sd","11:17:26",766300
36.6,-0.2,100,"sd","11:16:49",766200
36.55,-0.25,100,"sd","11:16:11",766100
36.65,-0.15,100,"bu","11:16:03",766000
36.6,-0.2,100,"sd","11:15:34",765900
36.6,-0.2,8200,"sd","11:15:28",765800
36.6,-0.2,100,"sd","11:15:26",757600
36.65,-0.15,100,"bu","11:15:24",757500
36.6,-0.2,1000,"sd","11:15:02",757400
36.6,-0.2,3700,"bu","11:14:49",756400
36.55,-0.25,100,"sd","11:14:19",752700
36.55,-0.25,100,"sd","11:13:42",752600
36.55,-0.25,2000,"sd","11:13:27",752500
36.55,-0.25,300,"sd","11:13:05",750500
36.55,-0.25,100,"sd","11:13:04",750200
36.6,-0.2,100,"bu","11:13:00",750100
36.6,-0.2,7900,"sd","11:12:49",750000
36.6,-0.2,100,"sd","11:12:27",742100
36.65,-0.15,900,"bu","11:12:07",742000
36.6,-0.2,100,"sd","11:11:52",741100
36.6,-0.2,200,"sd","11:11:48",741000
36.6,-0.2,100,"sd","11:11:12",740800
36.65,-0.15,1000,"bu","11:10:52",740700
36.6,-0.2,100,"sd","11:10:35",739700
36.65,-0.15,100,"bu","11:10:18",739600
36.6,-0.2,500,"sd","11:10:01",739500
36.6,-0.2,900,"bu","11:09:51",739000
36.6,-0.2,200,"bu","11:09:42",738100
36.6,-0.2,4000,"bu","11:09:25",737900
36.55,-0.25,100,"sd","11:09:21",733900
36.55,-0.25,100,"sd","11:08:43",733800
36.55,-0.25,100,"sd","11:08:06",733700
36.55,-0.25,1000,"sd","11:07:55",733600
36.6,-0.2,400,"sd","11:07:41",732600
36.6,-0.2,1600,"bu","11:07:04",732200
36.6,-0.2,300,"bu","11:07:02",730600
36.6,-0.2,500,"bu","11:06:54",730300
36.55,-0.25,100,"sd","11:06:52",729800
36.55,-0.25,100,"sd","11:06:15",729700
36.6,-0.2,500,"bu","11:05:56",729600
36.55,-0.25,100,"sd","11:05:56",729100
36.6,-0.2,200,"sd","11:05:52",729000
36.6,-0.2,100,"sd","11:05:38",728800
36.6,-0.2,2000,"sd","11:05:35",728700
36.6,-0.2,400,"sd","11:05:14",726700
36.6,-0.2,100,"sd","11:05:11",726300
36.6,-0.2,100,"sd","11:05:00",726200
36.6,-0.2,5000,"sd","11:04:48",726100
36.6,-0.2,100,"sd","11:04:23",721100
36.6,-0.2,800,"sd","11:03:59",721000
36.6,-0.2,1000,"sd","11:03:47",720200
36.6,-0.2,100,"sd","11:03:45",719200
36.6,-0.2,100,"sd","11:03:08",719100
36.6,-0.2,10000,"sd","11:03:02",719000
36.6,-0.2,500,"sd","11:03:01",709000
36.6,-0.2,1000,"sd","11:02:58",708500
36.6,-0.2,100,"sd","11:02:31",707500
36.6,-0.2,200,"sd","11:02:20",707400
36.6,-0.2,1000,"sd","11:02:15",707200
36.6,-0.2,100,"sd","11:01:54",706200
36.6,-0.2,100,"sd","11:01:42",706100
36.65,-0.15,100,"bu","11:01:32",706000
36.65,-0.15,100,"bu","11:01:18",705900
36.6,-0.2,100,"sd","11:01:17",705800
36.65,-0.15,400,"bu","11:01:13",705700
36.65,-0.15,8600,"sd","11:00:57",705300
36.65,-0.15,100,"sd","11:00:39",696700
36.65,-0.15,100,"sd","11:00:02",696600
36.65,-0.15,3000,"sd","10:59:23",696500
36.65,-0.15,4100,"bu","10:59:02",693500
36.6,-0.2,5300,"sd","10:58:55",689400
36.6,-0.2,100,"sd","10:58:48",684100
36.65,-0.15,100,"sd","10:58:14",684000
36.65,-0.15,100,"sd","10:58:11",683900
36.65,-0.15,5000,"sd","10:58:10",683800
36.65,-0.15,1000,"sd","10:57:42",678800
36.65,-0.15,100,"sd","10:57:34",677800
36.75,-0.05,300,"bu","10:57:31",677700
36.75,-0.05,300,"bu","10:57:26",677400
36.75,-0.05,100,"bu","10:57:13",677100
36.75,-0.05,900,"bu","10:57:03",677000
36.7,-0.1,100,"bu","10:57:03",676100
36.65,-0.15,100,"sd","10:56:57",676000
36.65,-0.15,400,"sd","10:56:50",675900
36.7,-0.1,400,"sd","10:56:50",675500
36.7,-0.1,17500,"sd","10:56:40",675100
36.75,-0.05,700,"bu","10:56:30",657600
36.7,-0.1,1200,"sd","10:56:30",656900
36.7,-0.1,2400,"sd","10:56:30",655700
36.7,-0.1,100,"sd","10:56:20",653300
36.75,-0.05,2300,"sd","10:55:59",653200
36.75,-0.05,2000,"sd","10:55:50",650900
36.75,-0.05,1900,"bu","10:55:40",648900
36.7,-0.1,100,"sd","10:55:06",647000
36.75,-0.05,500,"bu","10:55:05",646900
36.75,-0.05,3700,"sd","10:54:42",646400
36.75,-0.05,100,"sd","10:54:29",642700
36.75,-0.05,200,"bu","10:53:29",642600
36.7,-0.1,100,"sd","10:53:15",642400
36.7,-0.1,100,"sd","10:52:38",642300
36.75,-0.05,2900,"sd","10:52:33",642200
36.75,-0.05,100,"sd","10:52:01",639300
36.8,0,400,"bu","10:51:24",639200
36.75,-0.05,500,"bu","10:50:52",638800
36.75,-0.05,200,"bu","10:50:50",638300
36.7,-0.1,100,"sd","10:50:47",638100
36.75,-0.05,100,"bu","10:50:45",638000
36.75,-0.05,200,"bu","10:50:23",637900
36.75,-0.05,100,"bu","10:50:09",637700
36.75,-0.05,400,"bu","10:50:02",637600
36.75,-0.05,500,"bu","10:50:01",637200
36.75,-0.05,800,"bu","10:49:53",636700
36.7,-0.1,100,"sd","10:49:34",635900
36.7,-0.1,1000,"sd","10:49:30",635800
36.75,-0.05,2000,"bu","10:49:23",634800
36.75,-0.05,3000,"bu","10:49:13",632800
36.75,-0.05,200,"bu","10:49:08",629800
36.75,-0.05,1000,"bu","10:49:00",629600
36.7,-0.1,100,"sd","10:48:56",628600
36.75,-0.05,700,"bu","10:48:53",628500
36.75,-0.05,200,"bu","10:48:26",627800
36.7,-0.1,100,"sd","10:48:19",627600
36.7,-0.1,100,"sd","10:47:43",627500
36.7,-0.1,300,"sd","10:47:08",627400
36.7,-0.1,100,"sd","10:47:06",627100
36.7,-0.1,300,"bu","10:46:46",627000
36.65,-0.15,200,"sd","10:46:39",626700
36.75,-0.05,8000,"bu","10:46:38",622700
36.7,-0.1,500,"bu","10:46:22",614700
36.7,-0.1,1000,"bu","10:46:22",614200
36.7,-0.1,4900,"sd","10:46:08",613200
36.7,-0.1,4100,"bu","10:46:00",608300
36.65,-0.15,100,"sd","10:45:52",604200
36.65,-0.15,100,"sd","10:45:15",604100
36.7,-0.1,300,"bu","10:44:46",604000
36.65,-0.15,100,"sd","10:44:39",603700
36.65,-0.15,1600,"bu","10:43:35",603600
36.65,-0.15,500,"bu","10:43:26",602000
36.6,-0.2,100,"sd","10:43:25",601500
36.65,-0.15,200,"bu","10:42:58",601400
36.65,-0.15,3800,"sd","10:42:50",601200
36.65,-0.15,100,"sd","10:42:48",597400
36.7,-0.1,100,"bu","10:42:18",597300
36.65,-0.15,100,"sd","10:42:11",597200
36.7,-0.1,500,"sd","10:42:01",597100
36.7,-0.1,2000,"sd","10:41:48",596600
36.7,-0.1,500,"sd","10:41:43",594600
36.7,-0.1,100,"sd","10:41:34",594100
36.65,-0.15,100,"sd","10:40:57",594000
36.75,-0.05,1800,"bu","10:40:49",593900
36.7,-0.1,4900,"bu","10:40:49",592100
36.7,-0.1,100,"bu","10:40:26",587200
36.65,-0.15,100,"sd","10:40:21",587100
36.7,-0.1,100,"bu","10:40:06",587000
36.7,-0.1,100,"sd","10:40:00",586900
36.7,-0.1,4000,"bu","10:39:40",586800
36.7,-0.1,2100,"bu","10:39:23",582800
36.65,-0.15,100,"sd","10:39:07",580700
36.7,-0.1,100,"bu","10:39:03",580600
36.65,-0.15,200,"sd","10:38:47",580500
36.65,-0.15,100,"sd","10:38:31",580300
36.65,-0.15,500,"sd","10:38:30",580200
36.6,-0.2,100,"sd","10:37:57",579700
36.6,-0.2,100,"sd","10:37:54",579600
36.6,-0.2,100,"sd","10:37:17",579500
36.7,-0.1,100,"bu","10:36:43",579400
36.6,-0.2,100,"sd","10:36:41",579300
36.6,-0.2,2900,"sd","10:36:04",579200
36.6,-0.2,100,"sd","10:35:27",576300
36.6,-0.2,400,"sd","10:35:06",576200
36.6,-0.2,100,"sd","10:34:51",575800
36.6,-0.2,100,"sd","10:34:14",575700
36.7,-0.1,6300,"sd","10:33:56",575600
36.7,-0.1,1900,"bu","10:33:32",569300
36.7,-0.1,3000,"bu","10:33:23",567400
36.6,-0.2,100,"sd","10:33:01",564400
36.6,-0.2,100,"sd","10:32:24",564300
36.6,-0.2,100,"sd","10:31:48",564200
36.6,-0.2,10000,"sd","10:31:34",564100
36.7,-0.1,200,"sd","10:31:20",554100
36.7,-0.1,2000,"sd","10:31:18",553900
36.7,-0.1,200,"sd","10:31:03",551900
36.7,-0.1,2600,"bu","10:31:01",551700
36.6,-0.2,100,"sd","10:30:34",549100
36.65,-0.15,10000,"sd","10:29:49",549000
36.7,-0.1,500,"bu","10:29:38",539000
36.65,-0.15,2000,"sd","10:29:37",538500
36.65,-0.15,100,"sd","10:29:21",536500
36.65,-0.15,100,"sd","10:28:44",536400
36.65,-0.15,100,"sd","10:28:28",536300
36.65,-0.15,100,"sd","10:28:08",536200
36.65,-0.15,100,"sd","10:27:54",536100
36.65,-0.15,100,"sd","10:27:31",536000
36.7,-0.1,1000,"bu","10:27:30",535900
36.65,-0.15,100,"sd","10:26:55",534900
36.7,-0.1,100,"bu","10:26:52",534800
36.7,-0.1,1000,"bu","10:26:23",534700
36.7,-0.1,3000,"bu","10:26:23",533700
36.7,-0.1,2000,"bu","10:26:20",530700
36.65,-0.15,100,"sd","10:26:19",528700
36.7,-0.1,200,"bu","10:26:14",528600
36.7,-0.1,200,"bu","10:26:12",528400
36.7,-0.1,2000,"bu","10:25:53",528200
36.65,-0.15,700,"sd","10:25:50",526200
36.7,-0.1,1000,"bu","10:25:42",525500
36.7,-0.1,500,"bu","10:25:15",524400
36.65,-0.15,100,"sd","10:25:06",523900
36.65,-0.15,100,"sd","10:24:55",523800
36.7,-0.1,3000,"bu","10:24:30",523700
36.65,-0.15,100,"sd","10:24:29",520700
36.7,-0.1,2200,"sd","10:23:56",520600
36.7,-0.1,100,"sd","10:23:53",518400
36.7,-0.1,1000,"sd","10:23:51",518300
36.7,-0.1,400,"sd","10:23:49",517300
36.7,-0.1,500,"bu","10:22:45",516900
36.65,-0.15,100,"sd","10:22:40",516400
36.7,-0.1,1000,"bu","10:22:32",516300
36.7,-0.1,9600,"sd","10:22:15",515300
36.7,-0.1,100,"sd","10:22:06",505700
36.7,-0.1,100,"sd","10:22:03",505600
36.7,-0.1,100,"sd","10:21:27",505500
36.7,-0.1,100,"bu","10:20:43",505400
36.7,-0.1,10000,"bu","10:20:42",505300
36.7,-0.1,200,"bu","10:20:41",495300
36.7,-0.1,2800,"bu","10:20:31",495100
36.65,-0.15,100,"sd","10:20:14",492300
36.65,-0.15,200,"sd","10:20:10",492200
36.65,-0.15,100,"sd","10:19:55",491900
36.7,-0.1,500,"bu","10:19:49",491800
36.65,-0.15,100,"sd","10:19:38",491300
36.65,-0.15,100,"sd","10:19:35",491200
36.65,-0.15,100,"sd","10:19:01",491100
36.65,-0.15,100,"sd","10:18:50",491000
36.65,-0.15,100,"sd","10:18:25",490900
36.65,-0.15,100,"sd","10:17:49",490800
36.65,-0.15,2000,"sd","10:17:46",490700
36.65,-0.15,1000,"sd","10:17:04",488700
36.65,-0.15,200,"sd","10:16:53",487700
36.65,-0.15,1700,"bu","10:16:52",487500
36.65,-0.15,100,"bu","10:16:50",485800
36.65,-0.15,200,"bu","10:16:38",485700
36.6,-0.2,100,"sd","10:16:36",485500
36.6,-0.2,500,"sd","10:16:25",485400
36.6,-0.2,100,"sd","10:16:00",484900
36.6,-0.2,300,"sd","10:15:58",484800
36.6,-0.2,400,"bu","10:15:06",484500
36.6,-0.2,2000,"bu","10:14:49",484100
36.55,-0.25,100,"sd","10:14:47",482100
36.6,-0.2,1000,"bu","10:14:46",482000
36.6,-0.2,5000,"bu","10:14:20",481000
36.55,-0.25,100,"sd","10:14:11",476000
36.6,-0.2,1000,"bu","10:14:05",475900
36.6,-0.2,20000,"bu","10:13:50",474900
36.55,-0.25,100,"sd","10:13:34",454900
36.6,-0.2,100,"bu","10:13:32",454800
36.6,-0.2,1000,"bu","10:13:20",454700
36.6,-0.2,1000,"bu","10:12:58",453700
36.55,-0.25,100,"sd","10:12:58",452700
36.6,-0.2,2800,"bu","10:12:53",452600
36.6,-0.2,1400,"bu","10:12:48",449800
36.55,-0.25,5000,"sd","10:12:32",448400
36.55,-0.25,100,"sd","10:12:22",443400
36.55,-0.25,100,"sd","10:11:45",443300
36.55,-0.25,300,"bu","10:11:36",443200
36.55,-0.25,400,"sd","10:11:27",442900
36.55,-0.25,3100,"bu","10:11:04",442500
36.55,-0.25,100,"bu","10:10:45",439400
36.5,-0.3,600,"bu","10:10:08",439300
36.45,-0.35,100,"sd","10:09:57",438700
36.5,-0.3,1000,"bu","10:09:50",438600
36.5,-0.3,100,"bu","10:09:45",437600
36.5,-0.3,1000,"bu","10:09:44",437500
36.5,-0.3,100,"bu","10:09:41",436500
36.5,-0.3,300,"bu","10:09:32",436400
36.45,-0.35,6700,"bu","10:09:15",436100
36.45,-0.35,200,"bu","10:09:10",429400
36.4,-0.4,300,"sd","10:09:09",429200
36.45,-0.35,100,"bu","10:09:01",428900
36.4,-0.4,100,"sd","10:08:45",428800
36.45,-0.35,200,"bu","10:08:42",428700
36.4,-0.4,100,"sd","10:08:18",428500
36.4,-0.4,100,"sd","10:08:08",428400
36.4,-0.4,700,"sd","10:08:07",428300
36.45,-0.35,1000,"bu","10:08:06",427600
36.45,-0.35,100,"bu","10:07:49",426600
36.45,-0.35,300,"bu","10:07:40",426500
36.4,-0.4,9900,"bu","10:07:04",426200
36.35,-0.45,100,"sd","10:06:57",416300
36.4,-0.4,200,"bu","10:06:56",416200
36.4,-0.4,100,"bu","10:06:27",416000
36.4,-0.4,5000,"bu","10:06:20",415900
36.35,-0.45,100,"sd","10:06:19",410900
36.4,-0.4,100,"bu","10:06:16",410800
36.4,-0.4,100,"bu","10:06:03",410700
36.4,-0.4,200,"bu","10:05:44",410600
36.4,-0.4,5000,"bu","10:05:41",410400
36.4,-0.4,9500,"sd","10:05:39",405400
36.4,-0.4,1500,"bu","10:05:34",395900
36.4,-0.4,1200,"bu","10:05:18",394400
36.35,-0.45,100,"sd","10:05:07",393200
36.4,-0.4,1100,"bu","10:04:57",393100
36.4,-0.4,700,"bu","10:04:56",392000
36.4,-0.4,100,"bu","10:04:50",391300
36.4,-0.4,600,"bu","10:04:48",391200
36.4,-0.4,7300,"bu","10:04:40",390600
36.35,-0.45,100,"sd","10:04:31",383300
36.4,-0.4,700,"bu","10:04:19",383200
36.4,-0.4,200,"bu","10:04:09",382500
36.4,-0.4,500,"bu","10:04:01",382300
36.4,-0.4,100,"bu","10:04:00",381800
36.35,-0.45,100,"sd","10:03:55",381700
36.4,-0.4,1400,"sd","10:03:39",381600
36.4,-0.4,6600,"sd","10:03:38",380200
36.45,-0.35,3000,"bu","10:03:33",373600
36.45,-0.35,200,"bu","10:03:31",370600
36.45,-0.35,1000,"bu","10:03:31",370400
36.45,-0.35,200,"bu","10:03:21",369400
36.45,-0.35,1200,"bu","10:03:14",369200
36.45,-0.35,300,"bu","10:03:13",368000
36.45,-0.35,200,"bu","10:03:08",367700
36.4,-0.4,600,"bu","10:03:06",367500
36.4,-0.4,1800,"bu","10:03:05",366900
36.4,-0.4,500,"bu","10:03:03",365100
36.4,-0.4,100,"bu","10:03:02",364600
36.4,-0.4,100,"bu","10:02:53",364500
36.4,-0.4,1000,"bu","10:02:50",364400
36.4,-0.4,200,"bu","10:02:46",363400
36.35,-0.45,200,"sd","10:02:43",363200
36.35,-0.45,7400,"bu","10:02:32",363000
36.35,-0.45,2000,"bu","10:02:15",355600
36.3,-0.5,2900,"sd","10:02:13",353600
36.3,-0.5,100,"sd","10:02:06",350700
36.3,-0.5,100,"sd","10:01:30",350600
36.3,-0.5,400,"sd","10:01:26",350500
36.3,-0.5,100,"sd","10:01:19",350100
36.3,-0.5,3000,"sd","10:01:11",350000
36.35,-0.45,500,"bu","10:00:56",347000
36.3,-0.5,100,"sd","10:00:54",346500
36.35,-0.45,200,"bu","10:00:45",346400
36.35,-0.45,1000,"bu","10:00:39",346200
36.35,-0.45,100,"bu","10:00:36",345200
36.35,-0.45,900,"sd","10:00:33",345100
36.35,-0.45,1400,"sd","10:00:32",344200
36.35,-0.45,500,"sd","10:00:19",342800
36.35,-0.45,100,"sd","10:00:18",342300
36.4,-0.4,100,"bu","10:00:09",342200
36.35,-0.45,100,"sd","09:59:42",342100
36.35,-0.45,800,"sd","09:59:29",342000
36.4,-0.4,1000,"bu","09:59:10",341200
36.35,-0.45,100,"sd","09:59:06",340200
36.4,-0.4,200,"bu","09:58:32",340100
36.35,-0.45,100,"sd","09:58:30",339900
36.35,-0.45,2700,"sd","09:58:27",339800
36.4,-0.4,2000,"bu","09:58:26",337100
36.4,-0.4,5000,"bu","09:58:19",335100
36.4,-0.4,200,"bu","09:58:06",330100
36.4,-0.4,6500,"sd","09:57:58",329900
36.4,-0.4,1500,"sd","09:57:58",323400
36.4,-0.4,900,"sd","09:57:57",321900
36.4,-0.4,100,"sd","09:57:54",321000
36.45,-0.35,1400,"sd","09:57:44",320900
36.45,-0.35,100,"sd","09:57:18",319500
36.45,-0.35,100,"sd","09:57:00",319400
36.45,-0.35,100,"sd","09:56:46",319300
36.45,-0.35,100,"sd","09:56:42",319200
36.45,-0.35,500,"sd","09:56:28",319100
36.45,-0.35,100,"sd","09:56:06",318600
36.5,-0.3,500,"bu","09:55:39",318500
36.45,-0.35,600,"sd","09:55:38",318000
36.45,-0.35,100,"sd","09:55:30",317400
36.5,-0.3,200,"bu","09:55:28",317300
36.45,-0.35,200,"sd","09:55:21",317100
36.5,-0.3,3800,"sd","09:55:03",316900
36.5,-0.3,12400,"sd","09:55:02",313100
36.5,-0.3,9200,"sd","09:55:02",300700
36.55,-0.25,1400,"sd","09:54:49",291500
36.55,-0.25,200,"sd","09:54:33",290100
36.55,-0.25,400,"bu","09:54:25",289900
36.5,-0.3,100,"sd","09:54:22",289500
36.5,-0.3,300,"sd","09:54:18",289400
36.55,-0.25,500,"bu","09:54:18",289100
36.55,-0.25,1000,"bu","09:54:06",288600
36.55,-0.25,3000,"sd","09:54:03",287600
36.55,-0.25,200,"sd","09:54:02",284600
36.55,-0.25,1000,"sd","09:54:01",284400
36.55,-0.25,1000,"sd","09:53:48",283400
36.55,-0.25,100,"sd","09:53:42",282400
36.55,-0.25,300,"sd","09:53:34",282300
36.55,-0.25,2000,"sd","09:53:16",282000
36.55,-0.25,100,"sd","09:53:06",280000
36.55,-0.25,1200,"sd","09:52:57",279900
36.55,-0.25,1000,"sd","09:52:54",278700
36.55,-0.25,100,"sd","09:52:51",277700
36.55,-0.25,1000,"sd","09:52:49",277600
36.55,-0.25,3800,"sd","09:52:46",276600
36.55,-0.25,2900,"sd","09:52:39",272800
36.55,-0.25,1100,"sd","09:52:30",269900
36.55,-0.25,1000,"sd","09:52:13",268800
36.55,-0.25,100,"sd","09:51:54",267800
36.6,-0.2,1000,"bu","09:51:38",267700
36.6,-0.2,11200,"sd","09:51:36",266700
36.6,-0.2,2000,"sd","09:51:28",255500
36.6,-0.2,1000,"sd","09:51:27",253500
36.6,-0.2,100,"sd","09:51:18",252500
36.6,-0.2,500,"sd","09:51:14",252400
36.6,-0.2,1000,"sd","09:51:08",251900
36.65,-0.15,1200,"bu","09:51:07",250900
36.6,-0.2,6000,"sd","09:51:05",249700
36.6,-0.2,9000,"sd","09:51:01",243700
36.6,-0.2,1000,"sd","09:51:00",234700
36.6,-0.2,100,"sd","09:50:42",233700
36.6,-0.2,400,"sd","09:50:26",233600
36.6,-0.2,800,"sd","09:50:14",233200
36.6,-0.2,1000,"sd","09:50:13",232400
36.6,-0.2,100,"sd","09:50:06",231400
36.6,-0.2,600,"sd","09:49:43",231300
36.6,-0.2,200,"sd","09:49:30",230700
36.65,-0.15,6900,"sd","09:49:03",230500
36.65,-0.15,100,"sd","09:48:54",223600
36.65,-0.15,100,"sd","09:48:30",223500
36.7,-0.1,500,"bu","09:48:28",223400
36.65,-0.15,100,"sd","09:48:18",222900
36.65,-0.15,100,"sd","09:47:43",222800
36.65,-0.15,200,"sd","09:47:21",222700
36.7,-0.1,300,"bu","09:47:17",222500
36.65,-0.15,10100,"sd","09:47:07",222200
36.65,-0.15,100,"sd","09:47:00",212100
36.65,-0.15,1600,"sd","09:46:55",212000
36.65,-0.15,9000,"sd","09:46:55",210400
36.65,-0.15,100,"sd","09:46:31",201400
36.65,-0.15,500,"sd","09:46:17",201300
36.65,-0.15,100,"sd","09:45:55",200800
36.7,-0.1,100,"bu","09:45:27",200700
36.6,-0.2,300,"sd","09:45:16",200600
36.7,-0.1,500,"bu","09:45:15",199700
36.7,-0.1,20000,"bu","09:45:11",199200
36.7,-0.1,500,"bu","09:44:43",179200
36.7,-0.1,200,"bu","09:44:36",178700
36.65,-0.15,300,"bu","09:44:36",178500
36.65,-0.15,100,"bu","09:44:29",178200
36.6,-0.2,100,"sd","09:44:28",178100
36.6,-0.2,100,"sd","09:44:07",178000
36.65,-0.15,4700,"sd","09:43:53",177900
36.65,-0.15,100,"sd","09:43:32",173200
36.7,-0.1,200,"bu","09:43:22",173100
36.7,-0.1,1000,"bu","09:43:03",172900
36.65,-0.15,100,"sd","09:42:55",171900
36.7,-0.1,6100,"sd","09:42:46",171800
36.7,-0.1,200,"sd","09:42:19",165700
36.7,-0.1,6700,"bu","09:41:53",165500
36.65,-0.15,100,"sd","09:41:44",158800
36.65,-0.15,200,"sd","09:41:15",158700
36.65,-0.15,100,"sd","09:41:08",158500
36.65,-0.15,100,"sd","09:41:04",158400
36.65,-0.15,500,"sd","09:41:01",158300
36.65,-0.15,600,"sd","09:40:59",157800
36.6,-0.2,100,"sd","09:40:33",157200
36.6,-0.2,500,"sd","09:40:06",157100
36.6,-0.2,100,"sd","09:39:56",156600
36.7,-0.1,100,"bu","09:39:28",156500
36.7,-0.1,100,"bu","09:39:12",156400
36.7,-0.1,1000,"bu","09:38:59",156300
36.6,-0.2,100,"sd","09:38:54",155300
36.65,-0.15,6900,"sd","09:38:54",155200
36.65,-0.15,100,"sd","09:38:45",148300
36.7,-0.1,100,"bu","09:38:45",148200
36.7,-0.1,800,"sd","09:38:42",148100
36.7,-0.1,200,"sd","09:38:40",147300
36.7,-0.1,1000,"sd","09:38:37",147100
36.7,-0.1,2000,"sd","09:38:29",146100
36.7,-0.1,100,"sd","09:38:09",144100
36.7,-0.1,4000,"sd","09:37:50",144000
36.75,-0.05,100,"bu","09:37:41",140000
36.7,-0.1,500,"sd","09:37:38",139900
36.7,-0.1,100,"sd","09:37:33",139400
36.75,-0.05,800,"bu","09:37:24",139300
36.7,-0.1,4900,"sd","09:37:17",138500
36.75,-0.05,100,"sd","09:37:17",133600
36.8,0,500,"bu","09:37:00",133500
36.75,-0.05,100,"sd","09:36:58",133000
36.7,-0.1,1000,"sd","09:36:35",132900
36.7,-0.1,100,"sd","09:36:22",131900
36.85,0.05,100,"bu","09:36:22",131800
36.7,-0.1,2300,"sd","09:36:18",131700
36.75,-0.05,700,"sd","09:36:18",129400
36.75,-0.05,100,"sd","09:35:46",128700
36.7,-0.1,3000,"sd","09:35:23",128600
36.7,-0.1,100,"sd","09:35:10",125600
36.7,-0.1,100,"sd","09:34:36",125500
36.8,0,200,"sd","09:34:36",125400
36.7,-0.1,2700,"sd","09:34:26",125200
36.75,-0.05,7200,"sd","09:34:26",122500
36.8,0,100,"sd","09:34:26",115300
36.8,0,100,"bu","09:34:25",115200
36.8,0,1400,"bu","09:34:23",115100
36.8,0,2600,"bu","09:34:22",113700
36.75,-0.05,100,"sd","09:33:59",111100
36.75,-0.05,100,"sd","09:33:23",111000
36.75,-0.05,1000,"sd","09:33:13",110900
36.75,-0.05,100,"sd","09:32:47",109900
36.8,0,200,"bu","09:32:21",109800
36.75,-0.05,100,"sd","09:32:12",109600
36.8,0,200,"bu","09:32:11",109500
36.8,0,1000,"bu","09:32:07",109300
36.8,0,6000,"sd","09:31:58",108300
36.8,0,1800,"sd","09:31:56",102300
36.8,0,200,"sd","09:31:14",100500
36.8,0,300,"bu","09:31:14",100300
36.8,0,1900,"bu","09:31:01",100000
36.75,-0.05,5600,"bu","09:31:01",98100
36.7,-0.1,100,"sd","09:31:00",92500
36.75,-0.05,1000,"bu","09:30:26",92400
36.7,-0.1,100,"sd","09:30:25",91400
36.75,-0.05,4500,"sd","09:30:06",91300
36.75,-0.05,1000,"sd","09:29:33",86800
36.75,-0.05,100,"sd","09:29:31",85800
36.75,-0.05,1600,"bu","09:29:24",85700
36.75,-0.05,900,"bu","09:29:17",84100
36.7,-0.1,100,"sd","09:29:14",83200
36.75,-0.05,5600,"sd","09:28:45",83100
36.8,0,2000,"sd","09:28:45",77500
36.9,0.1,3800,"bu","09:28:44",75500
36.8,0,100,"sd","09:28:38",71700
36.8,0,100,"sd","09:28:02",71600
36.75,-0.05,900,"sd","09:27:15",71500
36.75,-0.05,300,"bu","09:27:01",70600
36.75,-0.05,100,"bu","09:26:50",70300
36.7,-0.1,100,"bu","09:26:44",70200
36.7,-0.1,200,"bu","09:26:44",70100
36.65,-0.15,200,"sd","09:26:17",69900
36.65,-0.15,100,"sd","09:26:16",69700
36.65,-0.15,1200,"sd","09:26:13",69600
36.65,-0.15,3000,"sd","09:25:49",68400
36.7,-0.1,2000,"sd","09:25:49",65400
36.7,-0.1,100,"sd","09:25:40",63400
36.7,-0.1,1000,"sd","09:25:05",63300
36.7,-0.1,3400,"bu","09:24:52",62300
36.7,-0.1,1000,"bu","09:24:45",58900
36.7,-0.1,700,"bu","09:24:44",57900
36.7,-0.1,3000,"bu","09:24:38",57200
36.7,-0.1,200,"bu","09:24:24",54200
36.7,-0.1,2300,"sd","09:24:23",54000
36.8,0,4200,"sd","09:24:18",51700
36.8,0,5800,"bu","09:24:11",47500
36.7,-0.1,1000,"sd","09:24:07",41700
36.7,-0.1,100,"sd","09:23:53",40700
36.7,-0.1,1000,"sd","09:23:44",40600
36.7,-0.1,400,"sd","09:23:37",39600
36.7,-0.1,500,"sd","09:23:32",39200
36.7,-0.1,100,"sd","09:23:17",38700
36.7,-0.1,100,"sd","09:23:07",38600
36.7,-0.1,100,"sd","09:22:42",38500
36.7,-0.1,100,"sd","09:22:26",38400
36.7,-0.1,500,"sd","09:22:25",38300
36.7,-0.1,500,"sd","09:22:18",37800
36.7,-0.1,400,"sd","09:22:13",37300
36.7,-0.1,100,"sd","09:22:06",36900
36.7,-0.1,200,"sd","09:22:05",36800
36.7,-0.1,10000,"sd","09:21:36",36600
36.7,-0.1,100,"sd","09:21:31",26600
36.7,-0.1,400,"sd","09:21:28",26500
36.7,-0.1,700,"sd","09:21:03",26100
36.7,-0.1,1500,"sd","09:20:58",25400
36.7,-0.1,100,"sd","09:20:55",23900
36.7,-0.1,100,"sd","09:20:20",23800
36.7,-0.1,100,"sd","09:19:56",23700
36.7,-0.1,600,"bu","09:19:36",23600
36.7,-0.1,700,"bu","09:19:30",23000
36.65,-0.15,100,"sd","09:19:09",22300
36.65,-0.15,100,"sd","09:18:33",22200
36.6,-0.2,100,"sd","09:17:57",22100
36.7,-0.1,400,"sd","09:17:51",22000
36.8,0,100,"bu","09:17:45",21600
36.8,0,3400,"sd","09:17:24",21500
36.8,0,100,"sd","09:17:22",18100
36.8,0,300,"sd","09:17:21",18000
36.8,0,1500,"sd","09:17:17",17700
36.8,0,300,"sd","09:17:11",16200
36.8,0,100,"sd","09:16:47",15900
36.9,0.1,600,"sd","09:16:29",15800
36.9,0.1,200,"sd","09:16:28",15200
36.9,0.1,1000,"sd","09:16:21",15000
36.9,0.1,100,"sd","09:16:18",14000
36.9,0.1,100,"sd","09:16:11",13900
36.8,0,100,"sd","09:16:02",13800
36.8,0,900,"sd","09:15:55",13700
36.9,0.1,100,"sd","09:15:55",12800
36.9,0.1,500,"sd","09:15:23",12700
36.9,0.1,100,"sd","09:15:11",12200
36.9,0.1,1000,"sd","09:15:09",12100
36.9,0.1,100,"sd","09:15:05",11100
36.9,0.1,11000,"","09:15:02",11000
