"price","change","match_qtty","side","time","total_vol"
28.7,-0.3,208300,"","14:45:09",1953900
28.6,-0.4,2700,"sd","14:29:58",1745600
28.7,-0.3,3300,"sd","14:29:58",1742900
28.7,-0.3,5500,"bu","14:29:49",1739600
28.6,-0.4,200,"sd","14:29:40",1734100
28.6,-0.4,1100,"bu","14:29:36",1733900
28.6,-0.4,100,"bu","14:29:33",1732800
28.6,-0.4,5000,"bu","14:29:29",1732700
28.6,-0.4,1000,"bu","14:29:17",1727700
28.6,-0.4,100,"bu","14:28:58",1726700
28.6,-0.4,100,"bu","14:28:55",1726600
28.6,-0.4,100,"bu","14:28:37",1726500
28.6,-0.4,3400,"bu","14:28:30",1726400
28.55,-0.45,2600,"bu","14:28:30",1723000
28.55,-0.45,300,"bu","14:28:14",1720400
28.5,-0.5,300,"bu","14:28:02",1720100
28.55,-0.45,5100,"bu","14:28:00",1719800
28.5,-0.5,900,"bu","14:28:00",1714700
28.4,-0.6,1000,"sd","14:27:43",1713800
28.5,-0.5,400,"bu","14:27:42",1712800
28.5,-0.5,5900,"bu","14:27:30",1712400
28.45,-0.55,100,"bu","14:27:30",1706500
28.5,-0.5,1000,"bu","14:27:12",1706400
28.5,-0.5,1200,"bu","14:27:00",1705400
28.45,-0.55,3800,"bu","14:27:00",1704200
28.4,-0.6,1000,"bu","14:27:00",1700400
28.45,-0.55,5900,"bu","14:26:30",1699400
28.45,-0.55,2700,"sd","14:26:20",1693500
28.45,-0.55,1600,"sd","14:26:16",1690800
28.45,-0.55,600,"sd","14:26:12",1689200
28.5,-0.5,5900,"bu","14:25:59",1688600
28.45,-0.55,5000,"sd","14:25:53",1682700
28.5,-0.5,100,"bu","14:25:48",1677700
28.45,-0.55,100,"sd","14:25:46",1677600
28.45,-0.55,1000,"sd","14:25:45",1677500
28.45,-0.55,800,"sd","14:25:44",1676500
28.45,-0.55,1000,"sd","14:25:43",1675700
28.45,-0.55,5000,"sd","14:25:37",1674700
28.45,-0.55,2100,"sd","14:25:35",1669700
28.45,-0.55,5000,"sd","14:25:31",1667600
28.5,-0.5,4500,"bu","14:25:30",1662600
28.5,-0.5,1400,"bu","14:25:29",1658100
28.45,-0.55,6600,"bu","14:25:23",1656700
28.45,-0.55,5900,"bu","14:24:59",1650100
28.3,-0.7,900,"sd","14:24:50",1644200
28.35,-0.65,100,"sd","14:24:50",1643300
28.5,-0.5,1800,"bu","14:24:29",1643200
28.3,-0.7,1000,"bu","14:24:29",1641400
28.25,-0.75,2500,"bu","14:24:29",1640400
28.25,-0.75,2200,"sd","14:24:26",1637900
28.3,-0.7,100,"bu","14:24:10",1635700
28.15,-0.85,7000,"sd","14:24:10",1635600
28.2,-0.8,37200,"sd","14:24:10",1628600
28.25,-0.75,800,"sd","14:24:10",1591400
28.3,-0.7,300,"sd","14:24:04",1590600
28.45,-0.55,5200,"bu","14:23:59",1590300
28.25,-0.75,3600,"sd","14:23:53",1585100
28.25,-0.75,7100,"sd","14:23:52",1581500
28.3,-0.7,4300,"sd","14:23:52",1574400
28.3,-0.7,2500,"sd","14:23:44",1570100
28.3,-0.7,11300,"sd","14:23:31",1567600
28.35,-0.65,22400,"sd","14:23:31",1556300
28.4,-0.6,1300,"sd","14:23:31",1533900
28.55,-0.45,400,"bu","14:23:29",1532600
28.5,-0.5,4800,"bu","14:23:29",1532200
28.4,-0.6,10000,"sd","14:23:28",1527400
28.4,-0.6,1000,"sd","14:23:23",1517400
28.4,-0.6,10000,"sd","14:23:21",1516400
28.4,-0.6,1000,"sd","14:23:19",1506400
28.5,-0.5,100,"bu","14:23:19",1505400
28.4,-0.6,1800,"sd","14:23:08",1505300
28.45,-0.55,2400,"sd","14:23:08",1503500
28.45,-0.55,300,"sd","14:22:59",1501100
28.6,-0.4,3400,"bu","14:22:59",1500800
28.55,-0.45,700,"bu","14:22:59",1497400
28.5,-0.5,1100,"bu","14:22:59",1496700
28.5,-0.5,5200,"bu","14:22:29",1495600
28.6,-0.4,100,"bu","14:22:08",1490400
28.6,-0.4,4700,"bu","14:21:59",1490300
28.55,-0.45,500,"bu","14:21:59",1485600
28.45,-0.55,1000,"sd","14:21:35",1485100
28.55,-0.45,3800,"bu","14:21:29",1484100
28.5,-0.5,1400,"bu","14:21:29",1480300
28.5,-0.5,200,"bu","14:21:16",1478900
28.4,-0.6,1000,"sd","14:21:06",1478700
28.5,-0.5,3300,"bu","14:20:59",1477700
28.45,-0.55,1900,"bu","14:20:59",1474400
28.45,-0.55,3000,"bu","14:20:58",1472500
28.45,-0.55,5200,"bu","14:20:29",1469500
28.45,-0.55,900,"sd","14:19:59",1464300
28.5,-0.5,5600,"bu","14:19:59",1463400
28.45,-0.55,5100,"sd","14:19:58",1457800
28.45,-0.55,1000,"sd","14:19:56",1452700
28.45,-0.55,5000,"sd","14:19:53",1451700
28.45,-0.55,200,"sd","14:19:50",1446700
28.5,-0.5,100,"bu","14:19:33",1446500
28.5,-0.5,300,"bu","14:19:26",1446400
28.5,-0.5,200,"bu","14:19:11",1446100
28.5,-0.5,400,"bu","14:18:33",1445900
28.5,-0.5,300,"bu","14:17:50",1445500
28.5,-0.5,400,"sd","14:17:17",1445200
28.5,-0.5,100,"sd","14:17:15",1444800
28.5,-0.5,500,"sd","14:16:41",1444700
28.5,-0.5,1300,"bu","14:16:36",1444200
28.5,-0.5,1000,"bu","14:16:32",1442900
28.5,-0.5,2700,"sd","14:16:26",1441900
28.5,-0.5,2000,"sd","14:16:25",1439200
28.5,-0.5,2000,"sd","14:16:22",1437200
28.5,-0.5,1000,"sd","14:16:20",1435200
28.5,-0.5,15000,"sd","14:15:49",1434200
28.5,-0.5,1000,"sd","14:14:49",1419200
28.55,-0.45,600,"bu","14:14:45",1418200
28.5,-0.5,1600,"bu","14:14:16",1417600
28.5,-0.5,4000,"bu","14:14:13",1416000
28.5,-0.5,1000,"bu","14:13:57",1412000
28.5,-0.5,100,"bu","14:13:51",1411000
28.5,-0.5,200,"bu","14:13:40",1410900
28.5,-0.5,1000,"bu","14:13:35",1410700
28.5,-0.5,100,"bu","14:13:28",1409700
28.5,-0.5,500,"bu","14:13:27",1409600
28.5,-0.5,100,"bu","14:13:27",1409100
28.5,-0.5,1000,"bu","14:13:22",1409000
28.5,-0.5,1000,"bu","14:13:18",1408000
28.5,-0.5,100,"bu","14:13:09",1407000
28.5,-0.5,2000,"bu","14:12:59",1406900
28.5,-0.5,500,"bu","14:12:57",1404900
28.5,-0.5,100,"bu","14:12:26",1404400
28.5,-0.5,100,"bu","14:12:12",1404300
28.5,-0.5,100,"bu","14:12:04",1404200
28.5,-0.5,700,"bu","14:11:44",1404100
28.5,-0.5,100,"bu","14:11:41",1403400
28.5,-0.5,100,"bu","14:11:37",1403300
28.5,-0.5,10000,"bu","14:11:24",1403200
28.45,-0.55,20000,"sd","14:11:18",1393200
28.45,-0.55,500,"sd","14:11:14",1373200
28.45,-0.55,1000,"sd","14:11:05",1372700
28.45,-0.55,3700,"sd","14:10:42",1371700
28.45,-0.55,3300,"bu","14:10:12",1368000
28.4,-0.6,4300,"bu","14:10:12",1364700
28.4,-0.6,5700,"sd","14:10:11",1360400
28.4,-0.6,1000,"sd","14:09:58",1354700
28.45,-0.55,200,"bu","14:09:54",1353700
28.4,-0.6,800,"sd","14:09:40",1353500
28.4,-0.6,500,"sd","14:09:26",1352700
28.45,-0.55,200,"bu","14:09:24",1352200
28.4,-0.6,200,"sd","14:08:56",1352000
28.4,-0.6,700,"bu","14:08:35",1351800
28.4,-0.6,100,"bu","14:08:21",1351100
28.4,-0.6,1000,"bu","14:08:08",1351000
28.35,-0.65,500,"sd","14:08:08",1350000
28.4,-0.6,100,"bu","14:08:06",1349500
28.35,-0.65,8700,"bu","14:07:42",1349400
28.3,-0.7,300,"sd","14:07:30",1340700
28.35,-0.65,1300,"bu","14:07:26",1340400
28.35,-0.65,400,"bu","14:07:16",1339100
28.3,-0.7,1400,"sd","14:07:15",1338700
28.35,-0.65,4500,"sd","14:07:15",1337300
28.4,-0.6,100,"bu","14:07:08",1332800
28.4,-0.6,5600,"sd","14:07:02",1332700
28.4,-0.6,2000,"sd","14:06:56",1327100
28.4,-0.6,10000,"sd","14:06:52",1325100
28.45,-0.55,600,"sd","14:06:48",1315100
28.45,-0.55,200,"sd","14:06:42",1314500
28.45,-0.55,2700,"sd","14:06:32",1314300
28.45,-0.55,15000,"sd","14:06:28",1311600
28.5,-0.5,100,"bu","14:06:14",1296600
28.45,-0.55,400,"sd","14:06:12",1296500
28.45,-0.55,13000,"sd","14:06:03",1296100
28.5,-0.5,1000,"bu","14:06:03",1283100
28.45,-0.55,700,"sd","14:06:00",1282100
28.45,-0.55,5300,"sd","14:05:59",1281400
28.5,-0.5,1000,"bu","14:05:51",1276100
28.5,-0.5,16600,"sd","14:05:39",1275100
28.5,-0.5,13500,"sd","14:05:39",1258500
28.55,-0.45,100,"bu","14:05:33",1245000
28.55,-0.45,5000,"bu","14:05:22",1244900
28.5,-0.5,800,"sd","14:05:14",1239900
28.55,-0.45,300,"bu","14:05:08",1239100
28.55,-0.45,500,"bu","14:05:04",1238800
28.55,-0.45,800,"sd","14:05:01",1238300
28.6,-0.4,500,"bu","14:04:58",1237500
28.55,-0.45,500,"bu","14:04:58",1237000
28.55,-0.45,1500,"bu","14:04:54",1236500
28.55,-0.45,200,"bu","14:04:51",1235000
28.55,-0.45,300,"bu","14:04:46",1234800
28.5,-0.5,800,"sd","14:04:41",1234500
28.55,-0.45,100,"bu","14:04:23",1233700
28.55,-0.45,2000,"bu","14:04:20",1233600
28.5,-0.5,1000,"sd","14:04:12",1231600
28.55,-0.45,100,"bu","14:04:10",1230600
28.5,-0.5,800,"sd","14:04:08",1230500
28.5,-0.5,200,"sd","14:03:48",1229700
28.5,-0.5,27000,"sd","14:03:44",1229500
28.55,-0.45,19300,"sd","14:03:39",1202500
28.55,-0.45,800,"sd","14:03:36",1183200
28.55,-0.45,800,"sd","14:03:03",1182400
28.5,-0.5,100,"sd","14:02:31",1181600
28.55,-0.45,700,"sd","14:02:31",1181500
28.55,-0.45,16000,"sd","14:02:24",1180800
28.6,-0.4,200,"bu","14:02:20",1164800
28.6,-0.4,100,"bu","14:02:18",1164600
28.55,-0.45,800,"sd","14:01:59",1164500
28.6,-0.4,100,"bu","14:01:46",1163700
28.6,-0.4,100,"bu","14:01:34",1163600
28.55,-0.45,17900,"sd","14:01:32",1163500
28.55,-0.45,800,"sd","14:01:25",1145600
28.6,-0.4,100,"bu","14:01:19",1144800
28.6,-0.4,500,"sd","14:01:15",1144700
28.6,-0.4,17000,"sd","14:00:57",1144200
28.6,-0.4,800,"sd","14:00:53",1127200
28.65,-0.35,6200,"bu","14:00:45",1126400
28.6,-0.4,800,"sd","14:00:20",1120200
28.6,-0.4,800,"sd","13:59:48",1119400
28.6,-0.4,800,"sd","13:59:16",1118600
28.65,-0.35,500,"bu","13:58:55",1117800
28.65,-0.35,300,"sd","13:58:46",1117300
28.65,-0.35,900,"sd","13:58:45",1117000
28.65,-0.35,800,"sd","13:58:43",1116100
28.6,-0.4,300,"sd","13:58:11",1115300
28.65,-0.35,500,"bu","13:57:48",1114500
28.6,-0.4,800,"sd","13:57:38",1114000
28.6,-0.4,800,"sd","13:57:06",1113200
28.6,-0.4,800,"sd","13:56:34",1112400
28.7,-0.3,700,"bu","13:56:22",1111600
28.6,-0.4,25000,"sd","13:56:14",1110900
28.6,-0.4,800,"sd","13:56:01",1085900
28.7,-0.3,1000,"bu","13:56:00",1085100
28.6,-0.4,8100,"sd","13:55:44",1084100
28.65,-0.35,15900,"sd","13:55:44",1076000
28.65,-0.35,800,"sd","13:55:29",1060100
28.7,-0.3,800,"sd","13:55:03",1059300
28.7,-0.3,800,"sd","13:54:56",1058500
28.7,-0.3,500,"sd","13:54:52",1057700
28.7,-0.3,700,"sd","13:54:24",1057200
28.7,-0.3,700,"sd","13:53:51",1056500
28.65,-0.35,700,"sd","13:53:19",1055800
28.75,-0.25,1000,"bu","13:52:51",1055100
28.7,-0.3,6000,"bu","13:52:51",1054100
28.65,-0.35,700,"sd","13:52:46",1048100
28.7,-0.3,1000,"bu","13:52:41",1047400
28.7,-0.3,9000,"sd","13:52:21",1046400
28.7,-0.3,700,"sd","13:52:14",1037400
28.75,-0.25,300,"bu","13:52:12",1036700
28.7,-0.3,700,"sd","13:51:41",1036400
28.75,-0.25,200,"bu","13:51:29",1035700
28.7,-0.3,4800,"bu","13:51:12",1035500
28.65,-0.35,700,"sd","13:51:10",1030700
28.7,-0.3,100,"bu","13:50:41",1030000
28.65,-0.35,700,"sd","13:50:36",1029900
28.7,-0.3,1500,"bu","13:50:12",1029200
28.65,-0.35,700,"sd","13:50:04",1027700
28.7,-0.3,600,"sd","13:50:03",1027000
28.7,-0.3,700,"sd","13:49:31",1026400
28.75,-0.25,600,"bu","13:49:14",1025700
28.7,-0.3,700,"sd","13:48:59",1025100
28.7,-0.3,700,"sd","13:48:26",1024400
28.7,-0.3,700,"sd","13:47:54",1023700
28.7,-0.3,700,"sd","13:47:21",1023000
28.7,-0.3,300,"sd","13:47:14",1022300
28.65,-0.35,700,"sd","13:46:49",1022000
28.75,-0.25,12800,"bu","13:46:47",1021300
28.7,-0.3,7200,"bu","13:46:47",1008500
28.7,-0.3,500,"bu","13:46:23",1001300
28.65,-0.35,800,"sd","13:46:17",1000800
28.65,-0.35,200,"sd","13:46:02",1000000
28.65,-0.35,700,"sd","13:45:39",999800
28.6,-0.4,1300,"sd","13:45:26",999100
28.7,-0.3,500,"bu","13:45:12",997800
28.6,-0.4,700,"sd","13:45:07",997300
28.7,-0.3,5000,"bu","13:45:05",996600
28.6,-0.4,200,"sd","13:44:34",991600
28.65,-0.35,500,"sd","13:44:34",991400
28.6,-0.4,700,"sd","13:44:01",990900
28.6,-0.4,700,"sd","13:43:28",990200
28.6,-0.4,500,"sd","13:42:55",989500
28.65,-0.35,200,"sd","13:42:55",989000
28.6,-0.4,700,"sd","13:42:23",988800
28.7,-0.3,300,"bu","13:42:19",988100
28.6,-0.4,700,"sd","13:41:50",987800
28.6,-0.4,1700,"sd","13:41:30",987100
28.65,-0.35,1300,"sd","13:41:30",985400
28.65,-0.35,700,"sd","13:41:18",984100
28.6,-0.4,700,"sd","13:40:45",983400
28.7,-0.3,300,"bu","13:40:43",982700
28.6,-0.4,700,"sd","13:40:13",982400
28.7,-0.3,200,"bu","13:39:43",981700
28.6,-0.4,600,"sd","13:39:40",981500
28.65,-0.35,100,"sd","13:39:40",980900
28.65,-0.35,5000,"bu","13:39:09",980800
28.6,-0.4,700,"sd","13:39:08",975800
28.65,-0.35,500,"bu","13:39:03",975100
28.6,-0.4,700,"sd","13:38:36",974600
28.65,-0.35,2000,"bu","13:38:18",973900
28.6,-0.4,800,"sd","13:38:03",971900
28.6,-0.4,700,"sd","13:37:25",971100
28.6,-0.4,3000,"sd","13:37:15",970400
28.6,-0.4,4500,"bu","13:37:04",967400
28.6,-0.4,500,"bu","13:36:55",962900
28.55,-0.45,700,"sd","13:36:52",962400
28.6,-0.4,300,"bu","13:36:32",961700
28.55,-0.45,700,"sd","13:36:20",961400
28.55,-0.45,1000,"sd","13:36:04",960700
28.6,-0.4,200,"bu","13:35:53",959700
28.55,-0.45,700,"sd","13:35:47",959500
28.6,-0.4,500,"sd","13:35:37",958800
28.6,-0.4,20000,"sd","13:35:18",958300
28.6,-0.4,700,"sd","13:35:15",938300
28.6,-0.4,500,"sd","13:35:06",937600
28.6,-0.4,600,"sd","13:34:53",937100
28.6,-0.4,700,"sd","13:34:42",936500
28.6,-0.4,700,"sd","13:34:10",935800
28.65,-0.35,2400,"sd","13:34:08",935100
28.65,-0.35,700,"sd","13:33:38",932700
28.65,-0.35,2000,"sd","13:33:28",932000
28.65,-0.35,700,"sd","13:33:06",930000
28.65,-0.35,500,"sd","13:32:55",929300
28.65,-0.35,700,"sd","13:32:33",928800
28.6,-0.4,700,"sd","13:32:01",928100
28.7,-0.3,100,"bu","13:31:42",927400
28.65,-0.35,300,"bu","13:31:40",927300
28.65,-0.35,500,"bu","13:31:38",927000
28.65,-0.35,400,"bu","13:31:36",926500
28.65,-0.35,300,"bu","13:31:35",926100
28.65,-0.35,500,"sd","13:31:33",925800
28.65,-0.35,700,"sd","13:31:29",925300
28.65,-0.35,1900,"sd","13:31:24",924600
28.7,-0.3,200,"bu","13:31:23",922700
28.65,-0.35,1000,"sd","13:31:11",922500
28.65,-0.35,5000,"sd","13:31:02",921500
28.65,-0.35,1100,"sd","13:31:01",916500
28.65,-0.35,700,"sd","13:30:56",915400
28.65,-0.35,4800,"sd","13:30:34",914700
28.7,-0.3,200,"sd","13:30:34",909900
28.7,-0.3,300,"bu","13:30:30",909700
28.65,-0.35,700,"sd","13:30:24",909400
28.7,-0.3,200,"bu","13:30:22",908700
28.65,-0.35,300,"sd","13:30:20",908500
28.7,-0.3,500,"bu","13:30:04",908200
28.7,-0.3,200,"sd","13:30:01",907700
28.7,-0.3,100,"bu","13:29:53",907500
28.65,-0.35,300,"sd","13:29:53",907400
28.65,-0.35,400,"sd","13:29:53",907100
28.7,-0.3,500,"bu","13:29:51",906700
28.7,-0.3,18400,"sd","13:29:45",906200
28.75,-0.25,1000,"sd","13:29:45",887800
28.75,-0.25,300,"bu","13:29:22",886800
28.7,-0.3,700,"sd","13:29:20",886500
28.75,-0.25,1000,"bu","13:29:13",885800
28.75,-0.25,100,"bu","13:29:09",884800
28.75,-0.25,300,"bu","13:29:04",884700
28.7,-0.3,1100,"sd","13:29:01",884400
28.7,-0.3,700,"sd","13:28:48",883300
28.75,-0.25,300,"bu","13:28:43",882600
28.7,-0.3,700,"sd","13:28:16",882300
28.7,-0.3,1200,"sd","13:28:01",881600
28.7,-0.3,700,"sd","13:27:44",880400
28.7,-0.3,400,"sd","13:27:11",879700
28.75,-0.25,300,"sd","13:27:11",879300
28.75,-0.25,1100,"sd","13:27:02",879000
28.75,-0.25,600,"bu","13:26:45",877900
28.7,-0.3,700,"sd","13:26:40",877300
28.75,-0.25,500,"bu","13:26:20",876600
28.7,-0.3,700,"sd","13:26:07",876100
28.75,-0.25,500,"bu","13:25:38",875400
28.7,-0.3,700,"sd","13:25:34",874900
28.75,-0.25,1400,"sd","13:25:02",874200
28.75,-0.25,100,"bu","13:24:59",872800
28.75,-0.25,700,"sd","13:24:53",872700
28.75,-0.25,700,"sd","13:24:29",872000
28.75,-0.25,200,"bu","13:24:06",871300
28.75,-0.25,900,"sd","13:24:02",871100
28.75,-0.25,700,"sd","13:23:57",870200
28.75,-0.25,700,"sd","13:23:24",869500
28.8,-0.2,300,"sd","13:23:02",868800
28.8,-0.2,700,"sd","13:22:52",868500
28.8,-0.2,8200,"bu","13:22:49",867800
28.75,-0.25,800,"bu","13:22:49",859600
28.75,-0.25,300,"bu","13:22:40",858800
28.7,-0.3,700,"sd","13:22:20",858500
28.75,-0.25,8000,"bu","13:22:20",857800
28.75,-0.25,1000,"bu","13:22:18",849800
28.75,-0.25,1000,"bu","13:22:16",848800
28.75,-0.25,100,"sd","13:22:02",847800
28.75,-0.25,700,"sd","13:21:47",847700
28.75,-0.25,100,"sd","13:21:31",847000
28.75,-0.25,600,"bu","13:21:19",846900
28.75,-0.25,1100,"sd","13:21:15",846300
28.75,-0.25,900,"bu","13:21:15",845200
28.75,-0.25,300,"sd","13:21:02",844300
28.75,-0.25,200,"bu","13:20:55",844000
28.75,-0.25,300,"bu","13:20:52",843800
28.7,-0.3,27800,"sd","13:20:52",843500
28.75,-0.25,1000,"bu","13:20:47",815700
28.7,-0.3,700,"sd","13:20:43",814700
28.75,-0.25,5000,"bu","13:20:43",814000
28.7,-0.3,700,"sd","13:20:10",809000
28.75,-0.25,3500,"sd","13:20:09",808300
28.75,-0.25,1200,"sd","13:20:02",804800
28.75,-0.25,3000,"sd","13:19:46",803600
28.8,-0.2,300,"bu","13:19:41",800600
28.75,-0.25,700,"sd","13:19:38",800300
28.75,-0.25,100,"sd","13:19:36",799600
28.75,-0.25,700,"sd","13:19:06",799500
28.8,-0.2,600,"bu","13:18:44",798800
28.75,-0.25,700,"sd","13:18:34",798200
28.75,-0.25,600,"bu","13:18:14",797500
28.75,-0.25,600,"sd","13:18:02",796900
28.75,-0.25,700,"sd","13:18:02",796300
28.75,-0.25,700,"sd","13:17:30",795600
28.75,-0.25,4100,"bu","13:17:09",794900
28.7,-0.3,1200,"sd","13:17:02",790800
28.7,-0.3,700,"sd","13:16:57",789600
28.7,-0.3,700,"sd","13:16:25",788900
28.75,-0.25,200,"bu","13:16:10",788200
28.75,-0.25,200,"bu","13:16:08",788000
28.75,-0.25,4000,"bu","13:16:04",787800
28.7,-0.3,1100,"sd","13:16:02",783800
28.7,-0.3,700,"sd","13:15:53",782700
28.75,-0.25,500,"bu","13:15:53",782000
28.7,-0.3,700,"sd","13:15:21",781500
28.7,-0.3,400,"sd","13:15:02",780800
28.75,-0.25,800,"sd","13:15:02",780400
28.7,-0.3,700,"sd","13:14:49",779600
28.75,-0.25,300,"bu","13:14:48",778900
28.75,-0.25,8000,"bu","13:14:38",778600
28.7,-0.3,700,"sd","13:14:16",770600
28.7,-0.3,1200,"sd","13:14:02",769900
28.7,-0.3,700,"sd","13:13:44",768700
28.7,-0.3,1600,"sd","13:13:23",768000
28.7,-0.3,700,"sd","13:13:13",766400
28.7,-0.3,1200,"sd","13:13:02",765700
28.7,-0.3,500,"sd","13:12:59",764500
28.7,-0.3,700,"sd","13:12:40",764000
28.7,-0.3,700,"sd","13:12:09",763300
28.7,-0.3,1200,"sd","13:12:02",762600
28.7,-0.3,1000,"sd","13:11:56",761400
28.7,-0.3,700,"sd","13:11:36",760400
28.7,-0.3,100,"sd","13:11:33",759700
28.7,-0.3,700,"sd","13:11:04",759600
28.75,-0.25,1900,"sd","13:10:38",758900
28.75,-0.25,600,"sd","13:10:33",757000
28.75,-0.25,3000,"sd","13:10:16",756400
28.75,-0.25,1200,"sd","13:10:02",753400
28.75,-0.25,600,"sd","13:10:00",752200
28.75,-0.25,600,"sd","13:09:28",751600
28.75,-0.25,1200,"sd","13:09:02",751000
28.75,-0.25,600,"sd","13:08:56",749800
28.75,-0.25,600,"sd","13:08:24",749200
28.75,-0.25,1300,"sd","13:08:02",748600
28.75,-0.25,600,"sd","13:07:52",747300
28.7,-0.3,600,"sd","13:07:19",746700
28.7,-0.3,600,"sd","13:06:47",746100
28.7,-0.3,600,"sd","13:06:15",745500
28.7,-0.3,300,"sd","13:05:43",744900
28.75,-0.25,300,"sd","13:05:43",744600
28.75,-0.25,600,"sd","13:05:11",744300
28.8,-0.2,4700,"bu","13:05:03",743700
28.75,-0.25,500,"sd","13:04:48",739000
28.8,-0.2,1300,"bu","13:04:45",738500
28.75,-0.25,600,"sd","13:04:38",737200
28.75,-0.25,600,"sd","13:04:06",736600
28.75,-0.25,100,"sd","13:03:59",736000
28.75,-0.25,7900,"bu","13:03:54",735900
28.7,-0.3,600,"sd","13:03:34",728000
28.7,-0.3,600,"sd","13:03:02",727400
28.7,-0.3,700,"sd","13:02:30",726800
28.7,-0.3,300,"sd","13:01:55",726100
28.7,-0.3,700,"sd","13:01:53",725800
28.7,-0.3,100,"sd","13:01:35",725100
28.7,-0.3,700,"sd","13:01:16",725000
28.7,-0.3,700,"sd","13:01:03",724300
28.7,-0.3,3000,"sd","13:00:55",723600
28.7,-0.3,1100,"sd","13:00:54",720600
28.7,-0.3,1500,"bu","13:00:20",719500
28.7,-0.3,500,"bu","13:00:17",718000
28.65,-0.35,300,"sd","13:00:05",717500
28.7,-0.3,200,"sd","13:00:05",717200
28.65,-0.35,5600,"sd","13:00:01",717000
28.7,-0.3,1800,"bu","11:28:39",711400
28.7,-0.3,500,"bu","11:28:10",709600
28.7,-0.3,27600,"sd","11:26:48",709100
28.75,-0.25,1100,"sd","11:26:48",681500
28.8,-0.2,100,"sd","11:26:48",680400
28.8,-0.2,4000,"sd","11:24:25",680300
28.9,-0.1,100,"bu","11:20:07",676300
28.75,-0.25,1400,"bu","11:20:01",676200
28.75,-0.25,700,"sd","11:18:04",674800
28.75,-0.25,3900,"sd","11:16:36",674100
28.75,-0.25,200,"sd","11:16:03",670200
28.75,-0.25,5000,"sd","11:13:54",670000
28.7,-0.3,1000,"sd","11:09:36",665000
28.7,-0.3,1800,"sd","11:09:03",664000
28.7,-0.3,5400,"bu","11:06:44",662200
28.65,-0.35,200,"sd","11:06:18",656800
28.7,-0.3,1000,"bu","11:05:45",656600
28.65,-0.35,100,"sd","11:05:25",655600
28.65,-0.35,400,"sd","11:05:13",655500
28.7,-0.3,1600,"sd","11:05:01",655100
28.7,-0.3,6500,"sd","11:04:55",653500
28.7,-0.3,100,"sd","11:04:14",647000
28.7,-0.3,200,"sd","11:02:21",646900
28.7,-0.3,1000,"sd","11:01:58",646700
28.7,-0.3,6100,"bu","11:00:19",645700
28.7,-0.3,11100,"sd","10:59:18",639600
28.75,-0.25,2800,"sd","10:59:18",628500
28.7,-0.3,11100,"sd","10:56:35",625700
28.8,-0.2,3900,"sd","10:56:35",614600
28.8,-0.2,200,"sd","10:55:05",610700
28.8,-0.2,200,"bu","10:54:36",610500
28.8,-0.2,200,"sd","10:54:35",610300
28.8,-0.2,1800,"bu","10:54:26",610100
28.8,-0.2,3200,"sd","10:54:01",608300
28.8,-0.2,100,"bu","10:52:02",605100
28.7,-0.3,9000,"sd","10:51:45",605000
28.75,-0.25,1500,"sd","10:51:45",596000
28.8,-0.2,200,"bu","10:50:21",594500
28.8,-0.2,19300,"sd","10:50:16",594300
28.8,-0.2,5000,"sd","10:50:05",575000
28.9,-0.1,200,"bu","10:49:59",570000
28.8,-0.2,200,"sd","10:48:29",569800
28.8,-0.2,3800,"sd","10:48:10",569600
28.8,-0.2,100,"sd","10:48:05",565800
28.8,-0.2,1300,"bu","10:47:58",565700
28.8,-0.2,8700,"sd","10:47:23",564400
28.8,-0.2,5400,"bu","10:46:22",555700
28.8,-0.2,400,"bu","10:45:27",550300
28.75,-0.25,10000,"sd","10:45:27",549900
28.8,-0.2,100,"bu","10:45:19",539900
28.8,-0.2,200,"sd","10:44:31",539800
28.8,-0.2,600,"bu","10:44:28",539600
28.8,-0.2,100,"bu","10:44:19",539000
28.8,-0.2,100,"bu","10:44:18",538900
28.8,-0.2,2000,"bu","10:44:18",538800
28.8,-0.2,100,"bu","10:44:03",536800
28.8,-0.2,100,"bu","10:43:58",536700
28.8,-0.2,17300,"sd","10:43:04",536600
28.8,-0.2,2400,"bu","10:41:49",519300
28.8,-0.2,600,"bu","10:41:23",516900
28.8,-0.2,100,"bu","10:41:08",516300
28.8,-0.2,33800,"sd","10:40:47",516200
28.85,-0.15,1800,"sd","10:40:47",482400
28.9,-0.1,1300,"sd","10:40:47",480600
28.9,-0.1,1000,"sd","10:39:52",479300
28.8,-0.2,29300,"sd","10:37:18",478300
28.9,-0.1,700,"sd","10:37:18",449000
28.9,-0.1,21400,"sd","10:36:40",448300
28.95,-0.05,400,"sd","10:36:40",426900
28.95,-0.05,23000,"sd","10:35:54",426500
28.95,-0.05,10000,"sd","10:35:19",403500
28.95,-0.05,1000,"sd","10:34:28",393500
28.95,-0.05,500,"sd","10:32:34",392500
29,0,500,"bu","10:31:41",392000
29,0,2700,"sd","10:28:21",391500
29,0,20000,"sd","10:28:15",388800
29,0,400,"sd","10:27:21",368800
29,0,900,"sd","10:27:07",368400
29,0,10000,"sd","10:27:04",367500
29,0,200,"sd","10:26:29",357500
29.05,0.05,500,"bu","10:25:27",357300
29,0,500,"sd","10:24:44",356800
29,0,300,"sd","10:24:12",356300
29.05,0.05,2800,"bu","10:23:58",356000
29.05,0.05,2500,"bu","10:21:48",353200
29,0,1000,"sd","10:21:37",350700
29,0,3500,"sd","10:21:30",349700
29,0,1000,"sd","10:21:08",346200
29,0,200,"sd","10:20:39",345200
29,0,2500,"sd","10:19:45",345000
29,0,100,"sd","10:18:41",342500
29,0,100,"sd","10:17:57",342400
29,0,1000,"sd","10:17:46",342300
29,0,100,"sd","10:17:43",341300
29,0,200,"sd","10:17:36",341200
29,0,100,"sd","10:17:28",341000
29,0,10000,"sd","10:17:25",340900
29,0,2000,"sd","10:17:22",330900
29,0,200,"sd","10:17:12",328900
29,0,20000,"sd","10:16:55",328700
29,0,1000,"sd","10:16:48",308700
29,0,100,"sd","10:13:26",307700
29,0,100,"sd","10:13:21",307600
29,0,200,"sd","10:13:08",307500
29,0,2200,"bu","10:12:59",307300
29,0,500,"bu","10:12:50",305100
29,0,800,"bu","10:12:40",304600
29,0,4300,"bu","10:12:37",303800
29,0,1000,"bu","10:12:36",299500
29,0,700,"bu","10:12:21",298500
29,0,2400,"bu","10:12:12",297800
29,0,300,"bu","10:12:08",295400
29,0,100,"bu","10:12:07",295100
28.9,-0.1,8400,"sd","10:10:34",295000
29,0,100,"bu","10:09:54",286600
28.95,-0.05,900,"bu","10:09:54",286500
28.95,-0.05,1300,"bu","10:09:27",285600
28.9,-0.1,27600,"bu","10:09:00",284300
28.9,-0.1,300,"sd","10:07:42",256700
28.9,-0.1,2500,"sd","10:07:41",256400
28.9,-0.1,7000,"sd","10:07:18",253900
28.9,-0.1,16200,"sd","10:06:18",246900
28.95,-0.05,16800,"sd","10:06:18",230700
28.95,-0.05,200,"sd","10:06:11",213900
28.95,-0.05,200,"sd","10:05:29",213700
28.95,-0.05,400,"sd","10:05:08",213500
28.95,-0.05,200,"sd","10:04:59",213100
28.95,-0.05,12200,"bu","10:04:19",212900
28.9,-0.1,4300,"bu","10:03:57",200700
28.9,-0.1,400,"bu","10:03:47",196400
28.9,-0.1,1000,"bu","10:03:14",196000
28.9,-0.1,200,"bu","10:03:05",195000
28.9,-0.1,4300,"sd","10:01:41",194800
28.9,-0.1,10000,"sd","10:01:10",190500
28.9,-0.1,1000,"sd","09:59:56",180500
28.9,-0.1,500,"sd","09:59:53",179500
28.9,-0.1,2500,"sd","09:59:49",179000
28.95,-0.05,300,"bu","09:59:29",176500
28.9,-0.1,3000,"sd","09:59:16",176200
28.9,-0.1,500,"sd","09:59:13",173200
28.9,-0.1,300,"sd","09:59:11",172700
28.9,-0.1,100,"sd","09:58:49",172400
28.95,-0.05,500,"sd","09:58:08",172300
28.95,-0.05,10000,"sd","09:58:00",171800
28.95,-0.05,1000,"sd","09:57:54",161800
28.95,-0.05,1000,"sd","09:57:49",160800
28.95,-0.05,3700,"sd","09:57:36",159800
28.95,-0.05,500,"sd","09:57:28",156100
28.95,-0.05,7000,"sd","09:56:17",155600
28.95,-0.05,5000,"sd","09:55:29",148600
28.95,-0.05,800,"sd","09:55:18",143600
28.95,-0.05,2000,"sd","09:54:56",142800
28.95,-0.05,4000,"sd","09:54:52",140800
28.95,-0.05,5000,"sd","09:54:34",136800
28.95,-0.05,3000,"sd","09:54:28",131800
28.95,-0.05,1000,"sd","09:54:22",128800
28.95,-0.05,100,"sd","09:54:19",127800
28.95,-0.05,5000,"bu","09:54:15",127700
28.9,-0.1,100,"sd","09:53:36",122700
28.95,-0.05,2500,"sd","09:53:36",122600
28.95,-0.05,9500,"bu","09:53:35",120100
28.95,-0.05,4300,"sd","09:51:37",110600
28.95,-0.05,100,"sd","09:51:26",106300
28.95,-0.05,2000,"sd","09:51:02",106200
28.95,-0.05,2000,"sd","09:50:41",104200
28.95,-0.05,21600,"bu","09:49:02",102200
28.9,-0.1,7800,"bu","09:48:52",80600
28.7,-0.3,300,"bu","09:46:24",72800
28.7,-0.3,200,"sd","09:46:09",72500
28.7,-0.3,2000,"sd","09:45:45",72300
28.65,-0.35,1500,"sd","09:40:13",70300
28.65,-0.35,100,"sd","09:39:18",68800
28.65,-0.35,100,"sd","09:36:23",68700
28.6,-0.4,700,"sd","09:33:39",68600
28.6,-0.4,4400,"sd","09:33:39",67900
28.55,-0.45,900,"sd","09:29:58",55600
28.7,-0.3,5000,"sd","09:29:58",54700
28.8,-0.2,8600,"sd","09:29:58",49200
28.9,-0.1,500,"bu","09:29:53",40600
28.9,-0.1,8300,"bu","09:29:29",40100
28.85,-0.15,1700,"bu","09:29:29",31800
28.8,-0.2,200,"sd","09:29:11",30100
28.85,-0.15,1000,"bu","09:29:03",29900
28.85,-0.15,3000,"bu","09:27:43",28900
28.85,-0.15,1800,"bu","09:27:12",25900
28.85,-0.15,1700,"bu","09:27:04",24100
28.8,-0.2,200,"sd","09:26:36",22400
28.85,-0.15,3000,"bu","09:26:31",22200
28.8,-0.2,200,"sd","09:25:57",19200
28.8,-0.2,1000,"bu","09:25:24",19000
28.8,-0.2,1000,"bu","09:25:20",18000
28.8,-0.2,200,"sd","09:24:27",17000
28.8,-0.2,1600,"bu","09:24:08",16800
28.75,-0.25,100,"bu","09:24:08",15200
28.75,-0.25,900,"sd","09:24:04",15100
28.8,-0.2,200,"bu","09:21:52",14200
28.8,-0.2,200,"bu","09:21:51",14000
28.8,-0.2,5000,"bu","09:21:41",13800
28.8,-0.2,200,"bu","09:21:37",8800
28.75,-0.25,2000,"sd","09:21:11",8600
28.8,-0.2,2000,"sd","09:17:50",6600
28.8,-0.2,100,"sd","09:17:13",4600
28.8,-0.2,100,"sd","09:16:18",4500
28.8,-0.2,200,"sd","09:16:05",4400
28.8,-0.2,200,"sd","09:15:22",4200
28.8,-0.2,4000,"","09:15:02",4000
