"price","change","match_qtty","side","time","total_vol"
3.91,-0.04,116400,"","14:45:07",1552000
3.94,-0.01,5000,"bu","14:29:10",1435600
3.92,-0.03,1400,"bu","14:29:04",1430600
3.91,-0.04,12700,"bu","14:29:01",1429200
3.91,-0.04,20100,"bu","14:28:59",1416500
3.91,-0.04,100,"bu","14:28:58",1396400
3.91,-0.04,25900,"sd","14:28:56",1396300
3.92,-0.03,9000,"bu","14:28:56",1370400
3.91,-0.04,100,"sd","14:28:50",1361400
3.92,-0.03,1000,"bu","14:28:44",1361300
3.92,-0.03,5000,"bu","14:28:43",1360300
3.91,-0.04,20000,"sd","14:28:20",1355300
3.91,-0.04,5000,"sd","14:27:56",1335300
3.9,-0.05,500,"sd","14:27:42",1330300
3.9,-0.05,200,"sd","14:27:40",1329800
3.91,-0.04,1000,"bu","14:27:36",1329600
3.91,-0.04,700,"bu","14:27:28",1328600
3.91,-0.04,100,"bu","14:27:19",1327900
3.91,-0.04,500,"bu","14:27:15",1327800
3.91,-0.04,500,"bu","14:27:10",1327300
3.91,-0.04,34800,"sd","14:26:57",1326800
3.91,-0.04,60000,"sd","14:26:49",1292000
3.91,-0.04,10000,"sd","14:26:46",1232000
3.92,-0.03,500,"bu","14:26:05",1222000
3.92,-0.03,200,"bu","14:25:54",1221500
3.91,-0.04,8000,"sd","14:25:25",1221300
3.92,-0.03,100,"bu","14:25:10",1213300
3.91,-0.04,2500,"sd","14:25:01",1213200
3.92,-0.03,100,"bu","14:23:49",1210700
3.92,-0.03,26100,"sd","14:23:29",1210600
3.92,-0.03,2000,"sd","14:23:13",1184500
3.93,-0.02,500,"bu","14:22:57",1182500
3.92,-0.03,200,"sd","14:22:42",1182000
3.92,-0.03,6200,"sd","14:22:41",1181800
3.92,-0.03,8900,"sd","14:22:33",1175600
3.92,-0.03,2000,"sd","14:22:18",1166700
3.92,-0.03,18000,"sd","14:22:17",1164700
3.92,-0.03,2000,"sd","14:21:58",1146700
3.92,-0.03,1200,"sd","14:21:34",1144700
3.92,-0.03,24700,"sd","14:20:50",1143500
3.93,-0.02,100,"sd","14:20:50",1118800
3.93,-0.02,12500,"sd","14:20:31",1118700
3.93,-0.02,300,"sd","14:18:28",1106200
3.93,-0.02,2500,"sd","14:18:15",1105900
3.93,-0.02,2000,"sd","14:18:13",1103400
3.93,-0.02,7000,"sd","14:16:01",1101400
3.93,-0.02,2200,"sd","14:15:50",1094400
3.94,-0.01,100,"bu","14:15:05",1092200
3.94,-0.01,3500,"bu","14:14:13",1092100
3.93,-0.02,1100,"sd","14:13:37",1088600
3.93,-0.02,100,"bu","14:13:13",1087500
3.92,-0.03,800,"sd","14:12:48",1087400
3.92,-0.03,1000,"bu","14:11:33",1086400
3.92,-0.03,100,"bu","14:11:26",1085400
3.92,-0.03,10000,"bu","14:11:21",1085300
3.92,-0.03,10000,"bu","14:11:15",1075300
3.92,-0.03,3200,"bu","14:11:13",1065300
3.92,-0.03,1700,"bu","14:11:09",1062100
3.91,-0.04,100,"sd","14:10:58",1060400
3.91,-0.04,2300,"sd","14:10:52",1060300
3.91,-0.04,1200,"sd","14:10:50",1058000
3.91,-0.04,1000,"sd","14:10:29",1056800
3.91,-0.04,6500,"sd","14:10:12",1055800
3.92,-0.03,300,"bu","14:09:52",1049300
3.92,-0.03,100,"bu","14:09:31",1049000
3.92,-0.03,19100,"sd","14:09:29",1048900
3.93,-0.02,2500,"sd","14:09:29",1029800
3.92,-0.03,23800,"sd","14:09:20",1027300
3.93,-0.02,36200,"sd","14:09:20",1003500
3.93,-0.02,1000,"sd","14:09:11",967300
3.93,-0.02,5000,"sd","14:08:40",966300
3.93,-0.02,1000,"sd","14:08:36",961300
3.93,-0.02,300,"sd","14:07:37",960300
3.93,-0.02,5000,"sd","14:07:28",960000
3.94,-0.01,2000,"bu","14:07:18",955000
3.94,-0.01,200,"bu","14:06:41",953000
3.93,-0.02,6800,"sd","14:06:26",952800
3.94,-0.01,5000,"bu","14:06:10",946000
3.94,-0.01,1000,"bu","14:05:44",941000
3.94,-0.01,6800,"bu","14:05:05",940000
3.94,-0.01,1500,"bu","14:04:58",933200
3.93,-0.02,100,"sd","14:04:51",931700
3.93,-0.02,2600,"sd","14:04:30",931600
3.94,-0.01,1000,"bu","14:02:37",929000
3.94,-0.01,300,"bu","14:01:55",928000
3.94,-0.01,500,"bu","14:01:49",927700
3.94,-0.01,2000,"bu","14:01:37",927200
3.94,-0.01,2000,"bu","14:01:36",925200
3.94,-0.01,100,"bu","14:01:27",923200
3.94,-0.01,200,"bu","14:01:20",923100
3.94,-0.01,900,"bu","14:01:02",922900
3.94,-0.01,100,"bu","14:00:48",922000
3.94,-0.01,2500,"bu","14:00:47",921900
3.94,-0.01,200,"bu","14:00:26",919400
3.94,-0.01,500,"bu","13:59:41",919200
3.94,-0.01,2000,"bu","13:59:23",918700
3.94,-0.01,200,"bu","13:58:58",916700
3.94,-0.01,200,"bu","13:57:30",916500
3.94,-0.01,100,"bu","13:56:53",916300
3.94,-0.01,4900,"sd","13:56:46",916200
3.94,-0.01,200,"bu","13:55:01",911300
3.94,-0.01,100,"bu","13:54:40",911100
3.94,-0.01,400,"bu","13:54:38",911000
3.94,-0.01,9300,"sd","13:54:09",910600
3.94,-0.01,14800,"sd","13:53:55",901300
3.94,-0.01,15900,"sd","13:53:26",886500
3.94,-0.01,800,"sd","13:52:56",870600
3.94,-0.01,400,"sd","13:51:07",869800
3.95,0,3000,"bu","13:51:05",869400
3.94,-0.01,7800,"sd","13:50:23",866400
3.95,0,5000,"bu","13:50:18",858600
3.94,-0.01,24000,"sd","13:48:12",853600
3.95,0,300,"bu","13:47:55",829600
3.95,0,300,"bu","13:47:39",829300
3.95,0,7600,"bu","13:46:27",829000
3.94,-0.01,500,"sd","13:45:49",821400
3.94,-0.01,200,"sd","13:45:47",820900
3.94,-0.01,300,"sd","13:45:08",820700
3.94,-0.01,2000,"sd","13:44:29",820400
3.95,0,2000,"bu","13:44:23",818400
3.95,0,1600,"bu","13:42:48",816400
3.94,-0.01,2000,"sd","13:41:48",814800
3.94,-0.01,10000,"sd","13:40:57",812800
3.94,-0.01,2400,"sd","13:38:28",802800
3.94,-0.01,5000,"sd","13:38:16",800400
3.94,-0.01,400,"sd","13:36:51",795400
3.94,-0.01,4000,"sd","13:35:57",795000
3.95,0,100,"bu","13:32:45",791000
3.95,0,1000,"bu","13:32:16",790900
3.95,0,900,"bu","13:32:09",789900
3.95,0,400,"bu","13:31:35",789000
3.95,0,400,"bu","13:30:52",788600
3.95,0,700,"sd","13:29:56",788200
3.95,0,400,"sd","13:29:20",787500
3.95,0,2000,"sd","13:29:00",787100
3.95,0,900,"bu","13:28:01",785100
3.95,0,100,"bu","13:27:57",784200
3.95,0,100,"bu","13:27:40",784100
3.95,0,100,"bu","13:27:02",784000
3.95,0,100,"bu","13:26:39",783900
3.95,0,100,"bu","13:26:33",783800
3.95,0,200,"bu","13:26:19",783700
3.95,0,3600,"sd","13:26:03",783500
3.95,0,400,"bu","13:24:12",779900
3.95,0,100,"bu","13:24:08",779500
3.95,0,100,"bu","13:23:31",779400
3.95,0,200,"bu","13:23:09",779300
3.95,0,3000,"bu","13:23:07",779100
3.95,0,700,"bu","13:23:00",776100
3.95,0,700,"bu","13:22:43",775400
3.94,-0.01,8000,"sd","13:22:11",774700
3.95,0,700,"bu","13:22:11",766700
3.95,0,100,"bu","13:21:53",766000
3.94,-0.01,500,"sd","13:21:52",765900
3.95,0,300,"bu","13:21:47",765400
3.95,0,600,"bu","13:21:46",765100
3.95,0,100,"bu","13:21:40",764500
3.95,0,20000,"bu","13:21:19",764400
3.95,0,100,"bu","13:21:04",744400
3.94,-0.01,2000,"sd","13:20:41",744300
3.94,-0.01,2000,"sd","13:20:01",742300
3.95,0,3000,"bu","13:19:36",740300
3.95,0,100,"bu","13:19:18",737300
3.95,0,200,"bu","13:18:57",737200
3.95,0,100,"bu","13:18:50",737000
3.95,0,1000,"bu","13:17:39",736900
3.95,0,700,"bu","13:15:14",735900
3.95,0,700,"bu","13:14:59",735200
3.95,0,100,"bu","13:14:56",734500
3.95,0,300,"bu","13:14:38",734400
3.95,0,100,"bu","13:14:17",734100
3.95,0,200,"bu","13:13:27",734000
3.94,-0.01,300,"sd","13:10:26",733800
3.95,0,200,"bu","13:10:17",733500
3.94,-0.01,1000,"sd","13:10:10",733300
3.95,0,12800,"sd","13:08:28",732300
3.95,0,5000,"sd","13:07:52",719500
3.95,0,2000,"sd","13:06:30",714500
3.96,0.01,200,"bu","13:04:47",712500
3.96,0.01,500,"bu","13:03:21",712300
3.95,0,2300,"sd","13:02:21",711800
3.95,0,1000,"sd","13:00:57",709500
3.95,0,1500,"sd","13:00:38",708500
3.95,0,1000,"sd","13:00:17",707000
3.95,0,4000,"sd","13:00:02",706000
3.96,0.01,4000,"sd","13:00:01",702000
3.97,0.02,3200,"bu","13:00:00",698000
3.97,0.02,300,"bu","11:27:40",694800
3.97,0.02,100,"bu","11:27:38",694500
3.98,0.03,100,"bu","11:24:58",694400
3.98,0.03,9000,"bu","11:24:03",694300
3.97,0.02,8500,"bu","11:24:03",685300
3.95,0,100,"sd","11:23:45",676800
3.97,0.02,200,"bu","11:20:35",676700
3.97,0.02,10900,"bu","11:18:20",676500
3.96,0.01,9100,"bu","11:18:20",665600
3.96,0.01,100,"bu","11:18:16",656500
3.96,0.01,100,"bu","11:18:15",656400
3.96,0.01,500,"bu","11:15:05",656300
3.95,0,10000,"sd","11:14:38",655800
3.95,0,500,"sd","11:14:12",645800
3.95,0,29000,"sd","11:12:48",645300
3.96,0.01,600,"sd","11:11:09",616300
3.96,0.01,300,"sd","11:08:53",615700
3.96,0.01,200,"sd","11:07:41",615400
3.96,0.01,900,"sd","11:07:17",615200
3.96,0.01,8000,"bu","11:04:53",614300
3.96,0.01,11300,"sd","11:00:42",606300
3.97,0.02,100,"bu","10:59:14",595000
3.97,0.02,100,"bu","10:57:20",594900
3.97,0.02,100,"bu","10:54:14",594800
3.97,0.02,1200,"bu","10:52:45",594700
3.97,0.02,500,"bu","10:51:32",593500
3.97,0.02,400,"bu","10:50:36",593000
3.97,0.02,600,"bu","10:50:01",592600
3.97,0.02,8800,"bu","10:49:30",592000
3.96,0.01,2200,"sd","10:47:40",583200
3.96,0.01,1000,"bu","10:46:13",581000
3.96,0.01,1000,"bu","10:45:46",580000
3.96,0.01,3000,"sd","10:45:36",579000
3.97,0.02,6000,"bu","10:45:05",576000
3.97,0.02,1500,"bu","10:42:51",570000
3.97,0.02,1500,"bu","10:40:56",568500
3.97,0.02,100,"bu","10:40:52",567000
3.97,0.02,2500,"bu","10:40:09",566900
3.95,0,3000,"sd","10:37:58",564400
3.95,0,100,"sd","10:37:08",561400
3.96,0.01,100,"sd","10:37:08",561300
3.96,0.01,20000,"sd","10:35:22",561200
3.96,0.01,7700,"sd","10:32:10",541200
3.96,0.01,200,"sd","10:31:15",533500
3.97,0.02,100,"sd","10:31:15",533300
3.97,0.02,200,"bu","10:30:44",533200
3.96,0.01,1400,"sd","10:30:13",533000
3.96,0.01,2000,"sd","10:27:54",531600
3.97,0.02,100,"sd","10:26:05",528600
3.97,0.02,100,"sd","10:25:20",528500
3.97,0.02,1000,"sd","10:25:01",528400
3.97,0.02,100,"sd","10:21:52",527400
3.97,0.02,100,"sd","10:21:29",527300
3.97,0.02,100,"sd","10:20:33",527200
3.97,0.02,3000,"sd","10:19:23",527100
3.97,0.02,100,"sd","10:18:41",524100
3.98,0.03,1000,"bu","10:18:19",524000
3.98,0.03,100,"bu","10:18:11",523000
3.97,0.02,100,"sd","10:18:10",522900
3.97,0.02,100,"sd","10:17:43",522800
3.98,0.03,200,"bu","10:16:49",522700
3.98,0.03,500,"bu","10:16:11",522500
3.98,0.03,500,"bu","10:15:38",522000
3.97,0.02,200,"sd","10:13:23",521500
3.97,0.02,300,"sd","10:13:18",521300
3.97,0.02,6200,"sd","10:12:44",521000
3.97,0.02,1000,"sd","10:11:56",514800
3.97,0.02,400,"sd","10:10:57",513800
3.97,0.02,200,"sd","10:10:51",513400
3.97,0.02,100,"sd","10:10:18",513200
3.97,0.02,100,"sd","10:09:55",513100
3.98,0.03,100,"bu","10:09:39",513000
3.97,0.02,200,"sd","10:09:38",512900
3.97,0.02,900,"bu","10:08:43",512700
3.97,0.02,800,"bu","10:08:22",511800
3.97,0.02,300,"bu","10:07:43",511000
3.97,0.02,5000,"bu","10:07:36",510700
3.97,0.02,100,"bu","10:06:51",505700
3.96,0.01,100,"sd","10:06:06",505600
3.96,0.01,1200,"sd","10:05:33",505500
3.96,0.01,100,"sd","10:04:48",504300
3.96,0.01,100,"sd","10:04:07",504200
3.96,0.01,1000,"sd","10:03:12",504100
3.97,0.02,1800,"bu","10:03:05",503100
3.96,0.01,200,"sd","10:03:03",501300
3.96,0.01,100,"sd","10:02:47",501100
3.97,0.02,100,"bu","10:01:39",501000
3.96,0.01,100,"sd","10:00:46",500900
3.96,0.01,100,"sd","10:00:26",500800
3.96,0.01,100,"sd","09:59:22",500700
3.96,0.01,100,"sd","09:59:05",500600
3.97,0.02,4000,"bu","09:58:43",500500
3.96,0.01,100,"sd","09:57:33",496500
3.96,0.01,100,"sd","09:57:05",496400
3.97,0.02,3200,"bu","09:56:56",496300
3.97,0.02,14100,"sd","09:54:40",493100
3.97,0.02,100,"sd","09:53:42",479000
3.97,0.02,100,"sd","09:52:47",478900
3.97,0.02,100,"sd","09:52:22",478800
3.97,0.02,200,"sd","09:52:14",478700
3.98,0.03,200,"bu","09:52:09",478500
3.97,0.02,1500,"sd","09:51:15",478300
3.97,0.02,1500,"sd","09:51:13",476800
3.97,0.02,1000,"sd","09:51:11",475300
3.97,0.02,9800,"sd","09:50:53",474300
3.97,0.02,1500,"sd","09:50:44",464500
3.98,0.03,500,"bu","09:49:51",463000
3.98,0.03,100,"bu","09:48:28",462500
3.97,0.02,600,"sd","09:48:27",462400
3.97,0.02,100,"sd","09:47:00",461800
3.98,0.03,3000,"bu","09:46:37",461700
3.97,0.02,100,"sd","09:45:19",458700
3.97,0.02,100,"sd","09:44:22",458600
3.98,0.03,100,"sd","09:43:12",458500
3.99,0.04,1000,"bu","09:42:51",458400
3.99,0.04,9200,"sd","09:41:46",457400
4,0.05,500,"bu","09:41:45",448200
3.99,0.04,5000,"sd","09:41:35",447700
4,0.05,200,"bu","09:40:25",442700
4,0.05,100,"bu","09:39:41",442500
4,0.05,2000,"bu","09:39:38",442400
4,0.05,7000,"bu","09:39:24",440400
4,0.05,500,"bu","09:38:50",433400
4,0.05,100,"bu","09:38:45",432900
4,0.05,3000,"bu","09:37:57",432800
4,0.05,3400,"bu","09:37:39",429800
4,0.05,300,"bu","09:37:33",426400
4,0.05,100,"bu","09:37:13",426100
4,0.05,500,"sd","09:37:07",426000
4,0.05,4500,"bu","09:36:38",425500
4,0.05,5000,"bu","09:36:37",421000
4,0.05,100,"bu","09:35:33",416000
4,0.05,400,"sd","09:35:26",415900
4,0.05,1000,"sd","09:34:43",415500
4,0.05,38800,"bu","09:34:15",414500
4,0.05,1700,"bu","09:34:05",375700
3.99,0.04,1200,"sd","09:34:00",374000
3.99,0.04,1000,"sd","09:33:58",372800
3.99,0.04,5300,"bu","09:33:52",371800
3.99,0.04,40000,"bu","09:33:44",366500
3.98,0.03,1000,"sd","09:33:26",326500
3.98,0.03,300,"sd","09:33:10",325500
3.98,0.03,600,"bu","09:33:07",325200
3.98,0.03,500,"bu","09:32:59",324600
3.98,0.03,5000,"bu","09:32:48",324100
3.98,0.03,500,"bu","09:32:25",319100
3.98,0.03,100,"bu","09:31:53",318600
3.98,0.03,1900,"bu","09:31:49",318500
3.98,0.03,500,"bu","09:31:35",316600
3.98,0.03,500,"bu","09:31:34",316100
3.98,0.03,500,"bu","09:31:17",315600
3.98,0.03,2100,"bu","09:31:12",315100
3.97,0.02,200,"sd","09:30:40",313000
3.98,0.03,500,"bu","09:30:36",312800
3.98,0.03,500,"bu","09:30:16",312300
3.98,0.03,500,"bu","09:29:50",311800
3.98,0.03,300,"bu","09:29:45",311300
3.99,0.04,100,"bu","09:29:16",311000
3.99,0.04,100,"bu","09:28:37",310900
3.98,0.03,100,"sd","09:27:41",310800
3.98,0.03,15900,"bu","09:27:33",310700
3.98,0.03,100,"bu","09:27:27",294800
3.97,0.02,5000,"bu","09:27:27",294700
3.99,0.04,3400,"bu","09:24:37",289700
3.99,0.04,29800,"bu","09:24:26",286300
3.98,0.03,31000,"bu","09:24:26",256500
3.97,0.02,100,"sd","09:24:10",225500
3.95,0,1100,"bu","09:22:55",225400
3.95,0,700,"bu","09:22:53",224300
3.95,0,600,"bu","09:22:51",223600
3.95,0,600,"bu","09:22:47",223000
3.95,0,600,"bu","09:22:44",222400
3.95,0,100000,"bu","09:22:42",221800
3.95,0,2100,"bu","09:22:41",121800
3.95,0,30000,"bu","09:22:29",119700
3.95,0,600,"bu","09:22:15",89700
3.95,0,10000,"bu","09:22:07",89100
3.95,0,600,"bu","09:22:00",79100
3.95,0,500,"bu","09:21:55",78500
3.95,0,30000,"bu","09:21:48",78000
3.94,-0.01,5000,"sd","09:21:23",48000
3.95,0,1000,"bu","09:21:23",43000
3.95,0,5000,"bu","09:20:56",42000
3.94,-0.01,4400,"sd","09:20:23",37000
3.95,0,100,"bu","09:20:21",32600
3.94,-0.01,1400,"bu","09:19:35",32500
3.94,-0.01,3600,"sd","09:19:28",31100
3.95,0,15000,"bu","09:19:18",27500
3.94,-0.01,100,"bu","09:18:56",12500
3.94,-0.01,600,"bu","09:18:55",12400
3.94,-0.01,1400,"bu","09:18:51",11800
3.94,-0.01,100,"bu","09:18:45",10400
3.94,-0.01,600,"bu","09:18:24",10300
3.94,-0.01,600,"bu","09:16:33",9700
3.93,-0.02,100,"sd","09:16:08",9100
3.93,-0.02,200,"sd","09:15:58",9000
3.93,-0.02,8800,"","09:15:02",8800
