"price","change","match_qtty","side","time","total_vol"
9,0.8,33200,"","14:45:01",3229000
9,0.8,400,"","14:30:00",3195800
9,0.8,100,"bu","14:29:59",3195400
9,0.8,400,"bu","14:29:58",3195300
9,0.8,200,"bu","14:29:51",3194900
9,0.8,300,"bu","14:29:23",3194700
9,0.8,500,"bu","14:29:20",3194400
9,0.8,1000,"bu","14:29:13",3193900
9,0.8,500,"bu","14:29:09",3192900
9,0.8,1000,"bu","14:29:01",3192400
9,0.8,4000,"bu","14:29:00",3191400
9,0.8,2000,"bu","14:28:55",3187400
9,0.8,5000,"bu","14:28:50",3185400
9,0.8,300,"bu","14:28:47",3180400
9,0.8,1400,"bu","14:28:44",3180100
9,0.8,500,"bu","14:28:33",3178700
9,0.8,2100,"bu","14:28:31",3178200
9,0.8,15000,"bu","14:28:27",3176100
8.9,0.7,3000,"sd","14:28:25",3161100
9,0.8,500,"bu","14:28:23",3158100
9,0.8,5000,"bu","14:28:21",3157600
9,0.8,2000,"bu","14:28:20",3152600
9,0.8,100,"bu","14:28:15",3150600
8.9,0.7,500,"sd","14:28:00",3150500
9,0.8,100,"bu","14:27:53",3150000
8.9,0.7,200,"sd","14:27:46",3149900
9,0.8,800,"bu","14:27:36",3149700
9,0.8,700,"bu","14:27:29",3148900
8.9,0.7,2200,"sd","14:27:26",3148200
8.9,0.7,4000,"sd","14:26:56",3146000
8.9,0.7,1200,"sd","14:26:41",3142000
9,0.8,1000,"bu","14:26:36",3140800
9,0.8,500,"bu","14:26:35",3139800
9,0.8,2000,"bu","14:26:26",3139300
9,0.8,2000,"bu","14:26:11",3137300
9,0.8,200,"bu","14:26:06",3135300
9,0.8,600,"bu","14:26:02",3135100
9,0.8,900,"bu","14:25:51",3134500
9,0.8,7000,"bu","14:25:49",3133600
9,0.8,5300,"bu","14:25:37",3126600
9,0.8,1000,"bu","14:25:35",3121300
9,0.8,100,"bu","14:25:32",3120300
9,0.8,5000,"bu","14:25:24",3120200
9,0.8,500,"bu","14:25:19",3115200
9,0.8,1600,"bu","14:25:07",3114700
9,0.8,200,"bu","14:24:48",3113100
9,0.8,33000,"bu","14:24:41",3112900
9,0.8,2500,"bu","14:24:31",3079900
8.9,0.7,500,"sd","14:24:25",3077400
9,0.8,5000,"bu","14:24:16",3076900
9,0.8,10200,"bu","14:24:03",3071900
9,0.8,200,"bu","14:23:47",3061700
9,0.8,5000,"bu","14:23:31",3061500
9,0.8,800,"bu","14:23:08",3056500
9,0.8,1100,"bu","14:22:55",3055700
9,0.8,3000,"sd","14:22:52",3054600
9,0.8,1700,"sd","14:22:38",3051600
9,0.8,300,"bu","14:22:35",3049900
9,0.8,600,"sd","14:22:33",3049600
9,0.8,44100,"sd","14:22:08",3049000
9,0.8,6800,"bu","14:22:05",3004900
9,0.8,100,"bu","14:21:43",2998100
9,0.8,2000,"bu","14:21:35",2998000
9,0.8,1000,"bu","14:21:33",2996000
9,0.8,400,"bu","14:21:31",2995000
9,0.8,500,"bu","14:21:29",2994600
9,0.8,4400,"bu","14:21:26",2994100
9,0.8,4000,"bu","14:21:23",2989700
9,0.8,2000,"bu","14:21:18",2985700
9,0.8,55300,"bu","14:21:16",2983700
9,0.8,100,"bu","14:21:12",2928400
9,0.8,30000,"bu","14:21:07",2928300
9,0.8,3800,"bu","14:21:06",2898300
9,0.8,200,"bu","14:21:04",2894500
9,0.8,22000,"bu","14:21:02",2894300
9,0.8,2000,"bu","14:20:57",2872300
9,0.8,29000,"bu","14:20:51",2870300
8.9,0.7,2500,"sd","14:20:47",2841300
9,0.8,2400,"bu","14:20:31",2838800
9,0.8,10000,"bu","14:20:29",2836400
9,0.8,30000,"bu","14:20:12",2826400
9,0.8,1000,"bu","14:19:58",2796400
9,0.8,2000,"bu","14:19:49",2795400
9,0.8,50000,"bu","14:19:35",2793400
9,0.8,30000,"bu","14:19:32",2743400
8.9,0.7,30300,"sd","14:18:35",2713400
8.9,0.7,700,"sd","14:17:45",2683100
8.9,0.7,100,"sd","14:17:21",2682400
9,0.8,500,"bu","14:16:56",2682300
9,0.8,100,"bu","14:16:51",2681800
9,0.8,500,"bu","14:16:21",2681700
9,0.8,300,"bu","14:16:10",2681200
9,0.8,33000,"bu","14:15:30",2680900
9,0.8,100,"bu","14:14:54",2647900
8.9,0.7,100,"sd","14:14:48",2647800
9,0.8,30000,"bu","14:14:44",2647700
8.9,0.7,8100,"sd","14:14:42",2617700
9,0.8,40000,"bu","14:14:17",2609600
8.9,0.7,1000,"sd","14:13:48",2569600
8.9,0.7,400,"sd","14:13:24",2568600
8.9,0.7,1000,"sd","14:13:13",2568200
8.9,0.7,1000,"sd","14:12:57",2567200
8.9,0.7,2000,"bu","14:12:54",2566200
8.9,0.7,5300,"","14:12:11",2564200
9,0.8,30000,"bu","14:10:51",2558900
8.9,0.7,1000,"bu","14:10:45",2528900
8.9,0.7,1000,"bu","14:10:13",2527900
8.9,0.7,100,"bu","14:09:55",2526900
8.9,0.7,100,"bu","14:09:41",2526800
8.9,0.7,100,"bu","14:09:13",2526700
8.9,0.7,100,"bu","14:08:34",2526600
8.9,0.7,1000,"bu","14:08:25",2526500
8.9,0.7,1000,"bu","14:08:05",2525500
8.9,0.7,2800,"bu","14:07:53",2524500
8.9,0.7,700,"bu","14:07:34",2521700
8.9,0.7,2000,"bu","14:07:15",2521000
8.9,0.7,300,"bu","14:06:54",2519000
8.9,0.7,800,"sd","14:06:48",2518700
8.9,0.7,3700,"sd","14:06:43",2517900
8.9,0.7,2000,"sd","14:06:37",2514200
8.9,0.7,600,"sd","14:06:31",2512200
8.9,0.7,100,"sd","14:06:21",2511600
8.9,0.7,200,"sd","14:06:01",2511500
8.9,0.7,100,"sd","14:05:54",2511300
9,0.8,20000,"bu","14:05:13",2511200
9,0.8,400,"bu","14:05:10",2491200
9,0.8,1000,"bu","14:04:01",2490800
9,0.8,100,"bu","14:03:59",2489800
9,0.8,500,"bu","14:03:51",2489700
9,0.8,100,"bu","14:03:12",2489200
9,0.8,10000,"bu","14:03:11",2489100
8.9,0.7,3000,"sd","14:03:09",2479100
9,0.8,20000,"bu","14:02:03",2476100
8.9,0.7,1500,"bu","14:01:57",2456100
8.9,0.7,100,"bu","14:01:26",2454600
8.9,0.7,100,"bu","14:01:25",2454500
8.9,0.7,2000,"bu","14:01:22",2454400
8.9,0.7,500,"bu","14:01:13",2452400
8.9,0.7,1000,"bu","14:01:02",2451900
8.9,0.7,20000,"bu","14:01:00",2450900
8.9,0.7,2000,"bu","14:00:52",2430900
8.9,0.7,400,"bu","14:00:40",2428900
8.9,0.7,1000,"bu","14:00:33",2428500
8.9,0.7,3000,"bu","13:59:32",2427500
8.9,0.7,100,"bu","13:59:21",2424500
8.9,0.7,20000,"bu","13:59:10",2424400
8.9,0.7,500,"bu","13:58:41",2404400
8.9,0.7,1600,"bu","13:58:10",2403900
8.9,0.7,200,"bu","13:57:22",2402300
8.9,0.7,100,"bu","13:57:17",2402100
8.9,0.7,400,"sd","13:56:28",2402000
8.9,0.7,3000,"sd","13:56:11",2401600
8.9,0.7,8400,"sd","13:55:19",2398600
8.9,0.7,1000,"sd","13:54:23",2390200
8.9,0.7,100,"sd","13:54:13",2389200
8.9,0.7,2000,"sd","13:53:58",2389100
8.9,0.7,1000,"sd","13:52:59",2387100
8.9,0.7,1300,"sd","13:52:00",2386100
8.9,0.7,300,"bu","13:51:48",2384800
8.9,0.7,200,"bu","13:51:39",2384500
9,0.8,30000,"bu","13:51:16",2384300
8.9,0.7,100,"bu","13:50:53",2354300
8.8,0.6,3000,"sd","13:50:28",2354200
8.9,0.7,6600,"sd","13:50:24",2351200
8.9,0.7,3400,"bu","13:50:13",2344600
8.9,0.7,1500,"sd","13:50:00",2341200
8.9,0.7,100,"sd","13:49:53",2339700
8.9,0.7,400,"bu","13:49:40",2339600
8.8,0.6,1000,"sd","13:49:04",2339200
8.9,0.7,1000,"sd","13:48:49",2338200
9,0.8,20000,"bu","13:48:41",2337200
8.9,0.7,400,"sd","13:48:40",2317200
8.9,0.7,400,"sd","13:48:26",2316800
8.9,0.7,1300,"sd","13:48:14",2316400
8.9,0.7,3000,"sd","13:48:04",2315100
8.9,0.7,2000,"sd","13:47:15",2312100
8.9,0.7,100,"sd","13:47:00",2310100
8.9,0.7,200,"sd","13:46:18",2310000
8.9,0.7,1100,"bu","13:46:14",2309800
8.9,0.7,300,"bu","13:46:05",2308700
8.9,0.7,100,"","13:45:58",2308400
9,0.8,20000,"bu","13:45:57",2308300
8.9,0.7,200,"bu","13:45:20",2288300
8.9,0.7,100,"bu","13:45:06",2288100
8.9,0.7,500,"bu","13:44:32",2288000
8.9,0.7,300,"bu","13:44:28",2287500
8.9,0.7,100,"bu","13:44:17",2287200
8.9,0.7,800,"bu","13:43:38",2287100
8.9,0.7,100,"bu","13:43:12",2286300
9,0.8,20000,"bu","13:42:01",2286200
8.9,0.7,100,"sd","13:41:49",2266200
8.9,0.7,100,"bu","13:41:42",2266100
9,0.8,100,"bu","13:41:28",2266000
9,0.8,40000,"bu","13:41:25",2265900
8.9,0.7,30000,"bu","13:40:00",2225900
8.8,0.6,1300,"bu","13:39:58",2195900
8.8,0.6,100,"bu","13:39:37",2194600
8.8,0.6,4600,"bu","13:39:08",2194500
8.8,0.6,15900,"sd","13:38:35",2189900
8.8,0.6,100,"sd","13:38:15",2174000
8.8,0.6,300,"bu","13:37:10",2173900
8.8,0.6,100,"bu","13:36:50",2173600
8.8,0.6,100,"bu","13:36:44",2173500
8.8,0.6,800,"bu","13:36:42",2173400
8.8,0.6,2000,"bu","13:36:30",2172600
8.8,0.6,100,"bu","13:36:29",2170600
8.8,0.6,1700,"bu","13:36:28",2170500
8.8,0.6,100,"bu","13:34:45",2168800
8.8,0.6,100,"bu","13:34:20",2168700
8.8,0.6,2000,"bu","13:34:12",2168600
8.8,0.6,600,"bu","13:33:41",2166600
8.8,0.6,1000,"bu","13:33:16",2166000
8.8,0.6,48400,"sd","13:33:09",2165000
8.9,0.7,14300,"bu","13:33:00",2116600
8.8,0.6,300,"sd","13:32:55",2102300
8.8,0.6,11300,"sd","13:32:43",2102000
8.8,0.6,500,"sd","13:31:59",2090700
8.8,0.6,500,"sd","13:31:43",2090200
8.8,0.6,400,"sd","13:31:26",2089700
8.9,0.7,200,"bu","13:31:08",2089300
8.9,0.7,300,"bu","13:30:21",2089100
8.9,0.7,2000,"bu","13:30:18",2088800
8.9,0.7,3000,"bu","13:30:09",2086800
8.8,0.6,3000,"sd","13:30:00",2083800
8.8,0.6,5500,"sd","13:29:35",2080800
8.9,0.7,1000,"bu","13:29:33",2075300
8.8,0.6,500,"sd","13:29:13",2074300
8.9,0.7,3000,"bu","13:28:56",2073800
8.9,0.7,100,"bu","13:27:26",2070800
8.8,0.6,1400,"sd","13:26:40",2070700
8.9,0.7,100,"bu","13:26:14",2069300
8.9,0.7,2000,"bu","13:26:01",2069200
8.9,0.7,10000,"bu","13:25:22",2067200
8.8,0.6,100,"sd","13:25:15",2057200
8.8,0.6,300,"sd","13:25:13",2057100
8.8,0.6,100,"sd","13:24:58",2056800
8.8,0.6,1600,"sd","13:24:27",2056700
8.8,0.6,10000,"sd","13:22:48",2055100
8.8,0.6,300,"sd","13:22:02",2045100
8.8,0.6,200,"sd","13:21:59",2044800
8.8,0.6,100,"sd","13:20:36",2044600
8.8,0.6,1000,"sd","13:20:22",2044500
8.8,0.6,500,"sd","13:18:51",2043500
8.8,0.6,500,"sd","13:18:28",2043000
8.8,0.6,100,"sd","13:18:03",2042500
8.9,0.7,100,"bu","13:17:53",2042400
8.8,0.6,500,"sd","13:17:26",2042300
8.8,0.6,300,"sd","13:17:24",2041800
8.8,0.6,100,"sd","13:16:53",2041500
8.8,0.6,5000,"sd","13:16:47",2041400
8.9,0.7,1000,"bu","13:15:15",2036400
8.9,0.7,20000,"bu","13:14:53",2035400
8.9,0.7,100,"bu","13:14:30",2015400
8.9,0.7,400,"bu","13:13:39",2015300
8.9,0.7,10000,"bu","13:11:50",2014900
8.8,0.6,200,"sd","13:09:43",2004900
8.8,0.6,1000,"sd","13:09:34",2004700
8.8,0.6,5000,"sd","13:09:28",2003700
8.8,0.6,10000,"sd","13:09:25",1998700
8.8,0.6,1000,"sd","13:09:03",1988700
8.8,0.6,100,"sd","13:08:48",1987700
8.8,0.6,4000,"sd","13:08:03",1987600
8.8,0.6,2000,"sd","13:06:13",1983600
8.8,0.6,2000,"sd","13:06:02",1981600
8.8,0.6,200,"sd","13:05:48",1979600
8.8,0.6,100,"sd","13:05:47",1979400
8.9,0.7,1500,"bu","13:05:31",1979300
8.9,0.7,100,"bu","13:04:56",1977800
8.9,0.7,1000,"bu","13:04:35",1977700
8.9,0.7,300,"bu","13:04:21",1976700
8.9,0.7,100,"bu","13:04:17",1976400
8.9,0.7,200,"bu","13:04:00",1976300
8.9,0.7,1900,"bu","13:03:37",1976100
8.9,0.7,900,"bu","13:02:38",1974200
8.9,0.7,400,"bu","13:02:22",1973300
8.8,0.6,500,"sd","13:01:45",1972900
8.9,0.7,200,"bu","13:01:44",1972400
8.9,0.7,1300,"bu","13:01:10",1972200
8.9,0.7,1000,"bu","13:01:00",1970900
8.8,0.6,500,"sd","13:00:37",1969900
8.9,0.7,700,"bu","13:00:09",1969400
8.8,0.6,500,"sd","13:00:07",1968700
8.9,0.7,800,"bu","13:00:05",1965500
8.8,0.6,2000,"sd","13:00:04",1964700
8.9,0.7,100,"bu","13:00:02",1962700
8.9,0.7,400,"sd","11:29:56",1962600
8.9,0.7,600,"bu","11:29:45",1962200
8.9,0.7,4400,"bu","11:29:29",1961600
8.9,0.7,200,"sd","11:29:11",1957200
9,0.8,10000,"bu","11:27:59",1957000
8.9,0.7,6000,"bu","11:27:44",1947000
8.9,0.7,1000,"bu","11:27:30",1941000
8.8,0.6,500,"sd","11:27:13",1940000
8.9,0.7,10000,"bu","11:27:07",1939500
8.8,0.6,10000,"sd","11:26:45",1929500
8.8,0.6,2000,"sd","11:25:45",1919500
8.9,0.7,200,"bu","11:25:39",1917500
8.8,0.6,24000,"sd","11:25:32",1917300
8.9,0.7,5000,"bu","11:23:46",1893300
8.9,0.7,2200,"sd","11:22:52",1888300
8.9,0.7,200,"sd","11:22:46",1886100
8.9,0.7,500,"sd","11:22:33",1885900
8.9,0.7,1000,"sd","11:22:10",1885400
8.9,0.7,11200,"sd","11:22:08",1884400
8.9,0.7,100,"bu","11:21:57",1873200
8.9,0.7,1900,"bu","11:20:24",1873100
8.9,0.7,100,"bu","11:19:57",1871200
8.9,0.7,500,"bu","11:18:57",1871100
8.9,0.7,5700,"bu","11:18:30",1870600
8.9,0.7,3800,"sd","11:18:14",1864900
9,0.8,4000,"bu","11:17:44",1861100
9,0.8,5000,"bu","11:16:53",1857100
8.9,0.7,100,"sd","11:16:32",1852100
8.9,0.7,1100,"bu","11:16:28",1852000
8.9,0.7,3800,"bu","11:15:59",1850900
8.9,0.7,4200,"sd","11:15:50",1847100
8.9,0.7,100,"bu","11:15:48",1842900
8.9,0.7,200,"bu","11:15:46",1842800
8.9,0.7,100,"bu","11:14:55",1842600
8.9,0.7,900,"","11:14:36",1842500
8.9,0.7,600,"bu","11:14:22",1841600
8.9,0.7,500,"sd","11:14:14",1841000
8.9,0.7,500,"sd","11:13:22",1840500
8.9,0.7,16000,"sd","11:13:12",1840000
8.9,0.7,13300,"bu","11:13:06",1824000
8.9,0.7,500,"bu","11:12:52",1810700
8.9,0.7,10000,"bu","11:12:48",1810200
8.9,0.7,5000,"bu","11:12:43",1800200
8.8,0.6,800,"sd","11:12:29",1795200
8.9,0.7,100,"bu","11:12:25",1794400
8.9,0.7,1000,"bu","11:12:16",1794300
8.9,0.7,200,"bu","11:11:48",1793300
8.9,0.7,4000,"bu","11:10:44",1793100
8.8,0.6,400,"sd","11:09:41",1789100
8.8,0.6,200,"sd","11:09:15",1788700
8.8,0.6,300,"sd","11:08:25",1788500
8.9,0.7,200,"bu","11:07:15",1788200
8.9,0.7,600,"bu","11:06:51",1788000
8.9,0.7,1000,"bu","11:06:12",1787400
8.9,0.7,1000,"bu","11:05:47",1786400
8.8,0.6,300,"sd","11:05:42",1785400
8.9,0.7,1000,"bu","11:02:49",1785100
8.9,0.7,100,"bu","11:01:39",1784100
8.8,0.6,200,"sd","11:01:32",1784000
8.8,0.6,200,"sd","11:01:16",1783800
8.9,0.7,2000,"sd","11:00:40",1783600
8.9,0.7,100,"sd","11:00:34",1781600
8.9,0.7,300,"sd","11:00:33",1781500
8.9,0.7,1000,"sd","11:00:20",1781200
8.9,0.7,9900,"bu","11:00:10",1780200
8.9,0.7,9100,"bu","11:00:01",1770300
8.9,0.7,2000,"sd","10:59:56",1761200
8.9,0.7,600,"sd","10:59:50",1759200
8.9,0.7,100,"sd","10:59:44",1758600
8.9,0.7,1500,"bu","10:59:40",1758500
8.9,0.7,500,"sd","10:59:34",1757000
8.9,0.7,400,"bu","10:59:29",1756500
8.9,0.7,3000,"sd","10:59:28",1756100
8.9,0.7,2000,"sd","10:59:23",1753100
8.9,0.7,100,"sd","10:59:15",1751100
8.9,0.7,2000,"sd","10:59:12",1751000
8.9,0.7,1500,"sd","10:58:57",1749000
8.9,0.7,9900,"sd","10:58:31",1747500
8.9,0.7,100,"bu","10:58:18",1737600
8.9,0.7,100,"bu","10:58:15",1737500
9,0.8,20000,"bu","10:58:13",1737400
8.9,0.7,2000,"bu","10:58:01",1717400
8.9,0.7,1000,"bu","10:57:53",1715400
8.9,0.7,10000,"bu","10:57:44",1714400
8.9,0.7,100,"bu","10:57:40",1704400
8.9,0.7,25000,"bu","10:57:32",1704300
8.9,0.7,4000,"bu","10:57:24",1679300
8.9,0.7,10000,"bu","10:57:21",1675300
8.9,0.7,1000,"bu","10:57:17",1665300
8.9,0.7,1000,"bu","10:57:10",1664300
8.9,0.7,400,"bu","10:56:53",1663300
8.9,0.7,100,"sd","10:56:47",1662900
8.9,0.7,2000,"sd","10:56:40",1662800
8.8,0.6,7100,"sd","10:56:38",1660800
8.9,0.7,200,"bu","10:56:27",1653700
8.9,0.7,100,"bu","10:56:26",1653500
8.9,0.7,1300,"bu","10:56:14",1653400
9,0.8,400,"bu","10:56:09",1652100
9,0.8,100,"bu","10:55:44",1651700
9,0.8,100,"bu","10:55:36",1651600
9,0.8,10000,"bu","10:55:30",1651500
8.9,0.7,3000,"bu","10:54:40",1641500
8.9,0.7,1000,"bu","10:54:13",1638500
8.9,0.7,100,"bu","10:53:35",1637500
8.9,0.7,5000,"bu","10:53:34",1637400
8.9,0.7,1000,"bu","10:53:29",1632400
9,0.8,1000,"bu","10:53:10",1631400
9,0.8,10000,"bu","10:53:07",1630400
8.9,0.7,1000,"bu","10:52:52",1620400
8.9,0.7,500,"bu","10:52:43",1619400
8.9,0.7,1000,"bu","10:52:25",1618900
8.9,0.7,100,"bu","10:51:42",1617900
8.9,0.7,200,"bu","10:51:39",1617800
8.9,0.7,100,"bu","10:51:32",1617600
9,0.8,10000,"bu","10:51:23",1617500
8.9,0.7,900,"bu","10:51:20",1607500
8.9,0.7,100,"bu","10:50:48",1606600
8.9,0.7,200,"bu","10:50:44",1606500
8.9,0.7,1000,"sd","10:50:40",1606300
8.9,0.7,1000,"sd","10:50:16",1605300
8.9,0.7,200,"sd","10:50:06",1604300
8.9,0.7,100,"sd","10:50:03",1604100
8.9,0.7,1500,"sd","10:49:48",1604000
8.9,0.7,1000,"bu","10:49:40",1602500
8.9,0.7,2900,"bu","10:49:35",1601500
8.9,0.7,15200,"bu","10:49:28",1598600
8.9,0.7,1200,"bu","10:49:26",1583400
8.9,0.7,9100,"bu","10:49:25",1582200
8.9,0.7,50000,"bu","10:49:22",1573100
8.9,0.7,20000,"bu","10:49:09",1523100
8.9,0.7,2500,"bu","10:48:58",1503100
8.9,0.7,300,"bu","10:48:39",1500600
8.9,0.7,100,"bu","10:48:37",1500300
8.9,0.7,25000,"bu","10:47:51",1500200
8.8,0.6,1900,"sd","10:47:36",1475200
8.8,0.6,100,"bu","10:47:34",1473300
8.8,0.6,10000,"bu","10:47:27",1473200
8.8,0.6,2100,"bu","10:47:03",1463200
8.8,0.6,200,"sd","10:46:59",1461100
8.9,0.7,20000,"bu","10:46:46",1460900
8.8,0.6,200,"sd","10:46:43",1440900
8.8,0.6,1000,"bu","10:46:28",1440700
8.8,0.6,1000,"bu","10:46:25",1439700
8.8,0.6,900,"bu","10:46:23",1438700
8.8,0.6,7000,"bu","10:46:09",1437800
8.9,0.7,4000,"bu","10:46:08",1430800
8.8,0.6,1000,"sd","10:46:02",1426800
8.8,0.6,200,"sd","10:46:00",1425800
8.8,0.6,100,"sd","10:45:47",1425600
8.9,0.7,29400,"bu","10:45:45",1425500
8.8,0.6,600,"sd","10:45:27",1396100
8.8,0.6,300,"sd","10:45:10",1395500
8.8,0.6,300,"sd","10:44:57",1395200
8.8,0.6,100,"","10:44:41",1394900
8.9,0.7,30000,"bu","10:44:29",1394800
8.7,0.5,100,"sd","10:44:21",1364800
8.8,0.6,100000,"bu","10:44:13",1364700
8.8,0.6,1000,"bu","10:44:11",1264700
8.7,0.5,1000,"sd","10:44:09",1263700
8.8,0.6,100,"bu","10:44:04",1262700
8.8,0.6,40000,"bu","10:43:27",1262600
8.7,0.5,100,"bu","10:42:55",1222600
8.7,0.5,1000,"bu","10:42:38",1222500
8.7,0.5,100,"bu","10:42:37",1221500
8.7,0.5,4800,"bu","10:42:15",1221400
8.7,0.5,1000,"bu","10:42:13",1216600
8.6,0.4,100,"sd","10:42:12",1215600
8.6,0.4,100,"sd","10:42:06",1215500
8.7,0.5,10000,"bu","10:41:46",1215400
8.7,0.5,45000,"bu","10:41:37",1205400
8.7,0.5,5000,"bu","10:41:14",1160400
8.6,0.4,10300,"sd","10:40:34",1155400
8.7,0.5,40000,"bu","10:39:59",1145100
8.6,0.4,1000,"sd","10:39:54",1105100
8.6,0.4,200,"sd","10:39:37",1104100
8.7,0.5,500,"bu","10:39:09",1103900
8.7,0.5,50000,"bu","10:39:01",1103400
8.6,0.4,100,"sd","10:39:00",1053400
8.6,0.4,100,"bu","10:38:57",1053300
8.6,0.4,200,"sd","10:38:54",1053200
8.6,0.4,3100,"sd","10:38:50",1053000
8.6,0.4,300,"sd","10:38:42",1049900
8.6,0.4,600,"sd","10:38:24",1049600
8.6,0.4,6600,"sd","10:38:22",1049000
8.6,0.4,5000,"bu","10:38:15",1042400
8.6,0.4,10000,"bu","10:38:06",1037400
8.6,0.4,50000,"bu","10:37:58",1027400
8.5,0.3,100,"sd","10:36:46",977400
8.5,0.3,100,"sd","10:35:40",977300
8.5,0.3,1000,"sd","10:35:38",977200
8.6,0.4,30000,"bu","10:35:25",976200
8.5,0.3,100,"sd","10:35:08",946200
8.5,0.3,1500,"sd","10:34:59",946100
8.5,0.3,1200,"sd","10:34:47",944600
8.5,0.3,600,"sd","10:34:42",943400
8.5,0.3,200,"sd","10:34:16",942800
8.5,0.3,100,"sd","10:33:54",942600
8.5,0.3,300,"sd","10:32:48",942500
8.6,0.4,20000,"bu","10:32:47",942200
8.5,0.3,5200,"bu","10:32:35",922200
8.5,0.3,5000,"bu","10:31:54",917000
8.5,0.3,30000,"bu","10:31:53",912000
8.5,0.3,100,"bu","10:31:49",882000
8.5,0.3,1500,"bu","10:31:41",881900
8.5,0.3,5000,"bu","10:31:38",880400
8.5,0.3,30000,"bu","10:31:27",875400
8.5,0.3,20000,"bu","10:30:54",845400
8.4,0.2,300,"bu","10:30:28",825400
8.4,0.2,600,"bu","10:30:00",825100
8.3,0.1,1000,"sd","10:29:56",824500
8.4,0.2,8800,"bu","10:28:44",823500
8.4,0.2,300,"sd","10:28:13",814700
8.4,0.2,1000,"sd","10:28:10",814400
8.4,0.2,100,"sd","10:28:07",813400
8.4,0.2,100,"bu","10:28:04",813300
8.3,0.1,900,"sd","10:27:49",813200
8.4,0.2,700,"sd","10:27:37",812300
8.4,0.2,100,"bu","10:27:21",811600
8.4,0.2,100,"bu","10:26:53",811500
8.4,0.2,100,"","10:26:38",811400
8.4,0.2,900,"bu","10:26:32",811300
8.4,0.2,500,"sd","10:26:31",810400
8.4,0.2,200,"sd","10:26:30",809900
8.4,0.2,100,"bu","10:26:24",809700
8.4,0.2,100,"bu","10:26:22",809600
8.4,0.2,200,"bu","10:26:16",809500
8.4,0.2,1900,"sd","10:26:02",809300
8.4,0.2,100,"sd","10:25:09",807400
8.4,0.2,1000,"sd","10:24:47",807300
8.4,0.2,19300,"sd","10:24:17",806300
8.4,0.2,5000,"sd","10:23:57",787000
8.4,0.2,4800,"sd","10:23:38",782000
8.4,0.2,2000,"sd","10:23:05",777200
8.4,0.2,4500,"sd","10:21:18",775200
8.5,0.3,100,"bu","10:20:19",770700
8.5,0.3,2000,"bu","10:18:20",770600
8.5,0.3,500,"bu","10:17:57",768600
8.5,0.3,100,"bu","10:17:34",768100
8.5,0.3,700,"bu","10:14:30",768000
8.5,0.3,100,"bu","10:12:13",767300
8.5,0.3,1000,"bu","10:11:49",767200
8.5,0.3,500,"bu","10:10:03",766200
8.5,0.3,100,"bu","10:09:33",765700
8.5,0.3,100,"bu","10:09:31",765600
8.4,0.2,100,"sd","10:09:04",765500
8.4,0.2,500,"sd","10:08:23",765400
8.4,0.2,1000,"sd","10:08:00",764900
8.4,0.2,100,"sd","10:07:42",763900
8.4,0.2,2900,"sd","10:07:37",763800
8.4,0.2,500,"sd","10:07:33",760900
8.4,0.2,200,"sd","10:07:17",760400
8.4,0.2,3900,"sd","10:06:33",760200
8.4,0.2,100,"sd","10:06:31",756300
8.4,0.2,100,"sd","10:06:21",756200
8.4,0.2,600,"sd","10:06:03",756100
8.4,0.2,3000,"sd","10:05:55",755500
8.4,0.2,600,"sd","10:05:52",752500
8.4,0.2,200,"sd","10:05:47",751900
8.4,0.2,1000,"sd","10:05:31",751700
8.4,0.2,400,"sd","10:05:01",750700
8.4,0.2,300,"sd","10:04:43",750300
8.4,0.2,10000,"sd","10:02:57",750000
8.4,0.2,10000,"sd","10:02:18",740000
8.4,0.2,500,"sd","10:02:02",730000
8.4,0.2,500,"sd","10:01:45",729500
8.5,0.3,1000,"bu","10:01:14",729000
8.4,0.2,400,"sd","10:01:09",728000
8.4,0.2,100,"sd","10:01:03",727600
8.4,0.2,500,"sd","10:00:13",727500
8.4,0.2,300,"sd","10:00:01",727000
8.4,0.2,3000,"sd","09:59:39",726700
8.4,0.2,14100,"bu","09:58:55",723700
8.4,0.2,100,"bu","09:57:17",709600
8.4,0.2,100,"bu","09:57:13",709500
8.4,0.2,100,"bu","09:57:12",709400
8.4,0.2,600,"bu","09:57:10",709300
8.4,0.2,1000,"bu","09:57:09",708700
8.4,0.2,500,"bu","09:57:00",707700
8.3,0.1,1800,"sd","09:56:31",707200
8.4,0.2,10000,"bu","09:56:29",705400
8.4,0.2,5000,"bu","09:56:15",695400
8.4,0.2,100,"bu","09:55:27",690400
8.4,0.2,5000,"bu","09:55:20",690300
8.4,0.2,100,"bu","09:54:53",685300
8.4,0.2,500,"bu","09:54:01",685200
8.3,0.1,100,"sd","09:53:58",684700
8.3,0.1,1000,"sd","09:53:30",684600
8.3,0.1,500,"sd","09:52:53",683600
8.4,0.2,7100,"sd","09:52:35",683100
8.4,0.2,500,"sd","09:52:32",676000
8.4,0.2,500,"sd","09:52:17",675500
8.4,0.2,100,"sd","09:52:13",675000
8.4,0.2,100,"sd","09:51:46",674900
8.4,0.2,1000,"sd","09:51:44",674800
8.4,0.2,500,"sd","09:50:52",673800
8.4,0.2,1000,"sd","09:50:46",673300
8.4,0.2,700,"sd","09:50:30",672300
8.4,0.2,200,"sd","09:49:39",671600
8.4,0.2,100,"sd","09:49:31",671400
8.5,0.3,10000,"bu","09:49:27",671300
8.4,0.2,3000,"sd","09:49:15",661300
8.4,0.2,500,"sd","09:48:53",658300
8.4,0.2,300,"sd","09:48:44",657800
8.4,0.2,100,"sd","09:48:13",657500
8.4,0.2,500,"sd","09:46:48",657400
8.5,0.3,1000,"bu","09:46:05",656900
8.5,0.3,1500,"bu","09:45:51",655900
8.4,0.2,1000,"sd","09:45:38",654400
8.4,0.2,200,"sd","09:45:28",653400
8.4,0.2,1500,"bu","09:45:27",653200
8.4,0.2,100,"bu","09:45:26",651700
8.4,0.2,100,"bu","09:45:22",651600
8.4,0.2,1000,"bu","09:45:20",651500
8.4,0.2,5000,"bu","09:45:17",650500
8.4,0.2,6000,"bu","09:45:02",645500
8.4,0.2,100,"bu","09:44:34",639500
8.4,0.2,100,"bu","09:43:53",639400
8.4,0.2,1000,"bu","09:43:42",639300
8.4,0.2,500,"bu","09:43:40",638300
8.4,0.2,1000,"bu","09:43:08",637800
8.4,0.2,1000,"bu","09:43:01",636800
8.4,0.2,2000,"bu","09:42:59",635800
8.4,0.2,5000,"bu","09:42:49",633800
8.4,0.2,2000,"bu","09:42:45",628800
8.4,0.2,1200,"bu","09:42:42",626800
8.4,0.2,200,"bu","09:42:35",625600
8.4,0.2,3000,"bu","09:42:05",625400
8.4,0.2,200,"bu","09:41:32",622400
8.4,0.2,19800,"sd","09:41:05",622200
8.4,0.2,1000,"sd","09:40:57",602400
8.4,0.2,10000,"sd","09:40:48",601400
8.4,0.2,3000,"sd","09:40:32",591400
8.4,0.2,500,"sd","09:40:25",588400
8.4,0.2,200,"sd","09:40:23",587900
8.4,0.2,3000,"sd","09:40:04",587700
8.4,0.2,5000,"sd","09:39:55",584700
8.4,0.2,500,"sd","09:38:58",579700
8.4,0.2,10000,"sd","09:38:43",579200
8.4,0.2,4000,"sd","09:38:30",569200
8.4,0.2,2000,"sd","09:38:07",565200
8.5,0.3,2000,"bu","09:37:56",563200
8.5,0.3,100,"bu","09:37:28",561200
8.5,0.3,2000,"bu","09:37:20",561100
8.5,0.3,500,"bu","09:37:14",559100
8.5,0.3,100,"bu","09:37:06",558600
8.5,0.3,100,"bu","09:36:28",558500
8.5,0.3,100,"bu","09:36:25",558400
8.4,0.2,300,"sd","09:35:45",558300
8.5,0.3,200,"bu","09:35:44",558000
8.5,0.3,100,"bu","09:35:43",557800
8.5,0.3,500,"bu","09:35:36",557700
8.5,0.3,2000,"bu","09:35:32",557200
8.5,0.3,100,"bu","09:35:29",555200
8.5,0.3,300,"bu","09:35:25",555100
8.5,0.3,500,"bu","09:35:21",554800
8.5,0.3,10000,"bu","09:35:19",554300
8.5,0.3,5200,"bu","09:35:15",544300
8.5,0.3,200,"bu","09:35:07",539100
8.5,0.3,1000,"bu","09:35:01",538900
8.5,0.3,200,"bu","09:34:57",537900
8.5,0.3,700,"bu","09:34:54",537700
8.5,0.3,5000,"bu","09:34:42",537000
8.5,0.3,5000,"bu","09:34:36",532000
8.5,0.3,5000,"bu","09:34:15",527000
8.5,0.3,5000,"bu","09:34:13",522000
8.4,0.2,5000,"sd","09:34:06",517000
8.4,0.2,600,"sd","09:33:53",512000
8.4,0.2,1700,"sd","09:33:52",511400
8.5,0.3,1000,"bu","09:33:08",509700
8.5,0.3,200,"bu","09:33:04",508700
8.5,0.3,3400,"bu","09:32:56",508500
8.5,0.3,5000,"bu","09:32:18",505100
8.5,0.3,10000,"sd","09:32:04",500100
8.5,0.3,500,"sd","09:31:59",490100
8.5,0.3,3800,"sd","09:31:56",489600
8.5,0.3,2200,"sd","09:31:54",485800
8.5,0.3,1000,"sd","09:31:52",483600
8.5,0.3,27200,"sd","09:31:50",482600
8.5,0.3,5000,"sd","09:31:32",455400
8.5,0.3,500,"sd","09:31:31",450400
8.5,0.3,500,"sd","09:30:56",449900
8.6,0.4,100,"bu","09:30:54",449400
8.5,0.3,600,"sd","09:30:53",449300
8.5,0.3,500,"sd","09:30:38",448700
8.5,0.3,500,"sd","09:30:01",448200
8.5,0.3,2000,"sd","09:29:34",447700
8.5,0.3,10000,"sd","09:28:57",445700
8.6,0.4,800,"bu","09:28:51",435700
8.6,0.4,100,"bu","09:28:40",434900
8.5,0.3,2000,"sd","09:28:29",434800
8.6,0.4,100,"bu","09:27:58",432800
8.6,0.4,1400,"bu","09:27:57",432700
8.6,0.4,1000,"bu","09:27:54",431300
8.6,0.4,100,"bu","09:27:44",430300
8.6,0.4,100,"bu","09:26:59",430200
8.6,0.4,100,"bu","09:26:58",430100
8.6,0.4,500,"bu","09:26:56",430000
8.6,0.4,800,"bu","09:26:42",429500
8.6,0.4,100,"bu","09:26:36",428700
8.6,0.4,3900,"sd","09:26:26",428600
8.6,0.4,300,"sd","09:26:25",424700
8.6,0.4,100,"sd","09:26:22",424400
8.6,0.4,100,"sd","09:26:12",424300
8.6,0.4,300,"sd","09:26:03",424200
8.6,0.4,1000,"sd","09:26:02",423900
8.6,0.4,10000,"sd","09:25:58",422900
8.6,0.4,200,"sd","09:25:47",412900
8.6,0.4,100,"sd","09:25:10",412700
8.6,0.4,1200,"sd","09:25:09",412600
8.6,0.4,100,"sd","09:24:36",411400
8.6,0.4,6500,"bu","09:24:14",411300
8.6,0.4,200,"bu","09:24:07",404800
8.6,0.4,14000,"bu","09:24:05",404600
8.6,0.4,200,"bu","09:23:56",390600
8.6,0.4,200,"bu","09:23:53",390400
8.6,0.4,1000,"bu","09:23:31",390200
8.6,0.4,500,"bu","09:23:30",389200
8.6,0.4,500,"bu","09:23:25",388700
8.6,0.4,2000,"bu","09:22:59",388200
8.6,0.4,200,"bu","09:22:55",386200
8.6,0.4,600,"bu","09:22:53",386000
8.6,0.4,700,"bu","09:22:33",385400
8.6,0.4,400,"bu","09:22:30",384700
8.6,0.4,1000,"bu","09:22:24",384300
8.6,0.4,1000,"bu","09:22:21",383300
8.6,0.4,700,"bu","09:21:42",382300
8.6,0.4,1500,"bu","09:21:40",381600
8.6,0.4,1000,"bu","09:21:29",380100
8.6,0.4,800,"bu","09:21:19",379100
8.6,0.4,5500,"bu","09:21:04",378300
8.6,0.4,400,"bu","09:20:57",372800
8.6,0.4,500,"bu","09:20:27",372400
8.6,0.4,20000,"bu","09:20:05",371900
8.6,0.4,300,"bu","09:19:50",351900
8.6,0.4,600,"bu","09:19:40",351600
8.6,0.4,1000,"bu","09:18:53",351000
8.6,0.4,1000,"bu","09:18:41",350000
8.6,0.4,20000,"bu","09:18:31",349000
8.6,0.4,200,"bu","09:18:13",329000
8.6,0.4,200,"bu","09:18:10",328800
8.6,0.4,19300,"sd","09:17:53",328600
8.6,0.4,8000,"sd","09:17:50",309300
8.6,0.4,4300,"sd","09:17:47",301300
8.6,0.4,2000,"sd","09:17:43",297000
8.6,0.4,500,"sd","09:17:42",295000
8.6,0.4,500,"sd","09:17:32",294500
8.6,0.4,400,"sd","09:17:29",294000
8.6,0.4,7500,"sd","09:17:26",293600
8.6,0.4,1000,"sd","09:17:21",286100
8.6,0.4,25000,"sd","09:17:16",285100
8.6,0.4,100,"sd","09:17:13",260100
8.6,0.4,300,"sd","09:17:12",260000
8.6,0.4,500,"sd","09:17:09",259700
8.6,0.4,4000,"sd","09:16:55",259200
8.6,0.4,13500,"sd","09:16:32",255200
8.7,0.5,100,"bu","09:16:18",241700
8.6,0.4,100,"sd","09:16:07",241600
8.6,0.4,700,"sd","09:16:05",241500
8.7,0.5,5000,"bu","09:16:01",240800
8.6,0.4,800,"sd","09:15:49",235800
8.6,0.4,400,"sd","09:15:31",235000
8.7,0.5,200,"bu","09:15:26",234600
8.6,0.4,1100,"sd","09:15:14",234400
8.7,0.5,100,"bu","09:15:05",233300
8.7,0.5,4000,"bu","09:14:59",233200
8.7,0.5,500,"bu","09:14:57",229200
8.7,0.5,100,"bu","09:14:51",228700
8.7,0.5,200,"bu","09:14:39",228600
8.7,0.5,3000,"bu","09:14:38",228400
8.7,0.5,1000,"bu","09:14:37",225400
8.7,0.5,1000,"bu","09:14:35",224400
8.7,0.5,3000,"bu","09:14:26",223400
8.7,0.5,16000,"bu","09:14:06",220400
8.6,0.4,1000,"sd","09:14:05",204400
8.7,0.5,1000,"bu","09:13:55",203400
8.6,0.4,100,"sd","09:13:20",202400
8.6,0.4,200,"sd","09:13:00",202300
8.6,0.4,100,"sd","09:12:59",202100
8.6,0.4,100,"sd","09:12:36",202000
8.6,0.4,500,"sd","09:12:28",201900
8.6,0.4,300,"sd","09:12:26",201400
8.6,0.4,100,"sd","09:12:25",201100
8.6,0.4,300,"sd","09:12:06",201000
8.6,0.4,100,"sd","09:12:02",200700
8.6,0.4,100,"sd","09:11:51",200600
8.6,0.4,500,"sd","09:11:37",200500
8.6,0.4,1000,"sd","09:11:30",200000
8.7,0.5,20000,"bu","09:11:00",199000
8.6,0.4,1000,"sd","09:10:58",179000
8.6,0.4,100,"sd","09:10:43",178000
8.6,0.4,900,"sd","09:10:34",177900
8.6,0.4,1000,"sd","09:10:23",177000
8.6,0.4,500,"sd","09:10:20",176000
8.6,0.4,100,"sd","09:10:18",175500
8.6,0.4,100,"sd","09:10:04",175400
8.6,0.4,10000,"","09:09:55",175300
8.6,0.4,1000,"bu","09:09:29",165300
8.6,0.4,500,"sd","09:09:25",164300
8.6,0.4,100,"sd","09:09:23",163800
8.6,0.4,4000,"sd","09:09:22",163700
8.6,0.4,200,"sd","09:09:20",159700
8.6,0.4,100,"sd","09:09:12",159500
8.6,0.4,2000,"sd","09:09:05",159400
8.6,0.4,23100,"bu","09:08:53",157400
8.6,0.4,5000,"bu","09:08:36",134300
8.5,0.3,500,"sd","09:08:26",129300
8.6,0.4,5000,"bu","09:07:23",128800
8.5,0.3,500,"sd","09:07:14",123800
8.6,0.4,5000,"bu","09:06:48",123300
8.5,0.3,700,"sd","09:06:47",118300
8.5,0.3,5000,"sd","09:06:29",117600
8.6,0.4,3000,"bu","09:06:21",112600
8.6,0.4,2300,"bu","09:06:06",109600
8.6,0.4,2200,"bu","09:06:04",107300
8.6,0.4,5000,"bu","09:05:42",105100
8.6,0.4,6900,"bu","09:05:28",100100
8.6,0.4,1000,"bu","09:05:21",93200
8.5,0.3,2000,"sd","09:05:20",92200
8.6,0.4,1000,"bu","09:05:19",90200
8.6,0.4,100,"bu","09:05:09",89200
8.6,0.4,10000,"bu","09:05:03",89100
8.5,0.3,500,"sd","09:05:00",79100
8.6,0.4,10000,"bu","09:04:51",78600
8.5,0.3,4000,"sd","09:04:40",68600
8.5,0.3,1000,"sd","09:04:28",64600
8.6,0.4,100,"bu","09:04:17",63600
8.6,0.4,100,"bu","09:03:49",63500
8.6,0.4,10000,"bu","09:03:36",63400
8.6,0.4,100,"bu","09:03:33",53400
8.6,0.4,1000,"bu","09:03:27",53300
8.6,0.4,1000,"bu","09:02:55",52300
8.6,0.4,2000,"bu","09:02:49",51300
8.6,0.4,1000,"bu","09:02:44",49300
8.4,0.2,500,"","09:02:41",48300
8.6,0.4,2900,"bu","09:02:17",47800
8.7,0.5,100,"bu","09:02:14",44900
8.6,0.4,100,"sd","09:02:13",44800
8.7,0.5,3400,"bu","09:02:02",44700
8.7,0.5,1100,"sd","09:01:55",41300
8.7,0.5,5500,"sd","09:01:51",40200
8.6,0.4,400,"sd","09:01:46",34700
8.6,0.4,7100,"sd","09:01:44",34300
8.6,0.4,6700,"bu","09:01:36",27200
8.5,0.3,200,"bu","09:01:30",20500
8.6,0.4,1200,"bu","09:00:40",20300
8.6,0.4,16000,"bu","09:00:38",19100
8.2,0,200,"sd","09:00:30",3100
8.2,0,1600,"bu","09:00:25",2900
8.2,0,100,"bu","09:00:22",1300
8.2,0,500,"bu","09:00:15",1200
8.2,0,500,"bu","09:00:14",700
8.2,0,200,"sd","09:00:09",200
