"price","change","match_qtty","side","time","total_vol"
85,-0.2,62800,"","14:45:11",1183000
85.3,0.1,100,"bu","14:29:34",1120200
85,-0.2,1000,"sd","14:29:21",1120100
85.3,0.1,900,"bu","14:29:19",1119000
85.3,0.1,100,"bu","14:29:07",1118100
85,-0.2,400,"sd","14:29:03",1118000
85.1,-0.1,100,"sd","14:29:03",1117600
85,-0.2,500,"sd","14:28:56",1117500
85,-0.2,700,"sd","14:28:54",1117000
85.2,0,1300,"sd","14:28:54",1116300
85.2,0,100,"bu","14:28:53",1115000
85.2,0,1000,"bu","14:28:34",1114900
85,-0.2,2000,"sd","14:28:24",1113900
85,-0.2,2000,"sd","14:28:22",1111900
85,-0.2,4600,"sd","14:28:06",1109900
85,-0.2,1600,"sd","14:28:00",1105300
85,-0.2,1500,"sd","14:27:53",1103700
85,-0.2,1500,"sd","14:27:46",1102200
85,-0.2,1500,"sd","14:27:40",1100700
85,-0.2,1500,"sd","14:27:33",1099200
85.2,0,100,"bu","14:27:27",1097700
85,-0.2,1500,"sd","14:27:26",1097600
85.2,0,100,"bu","14:27:20",1096100
85,-0.2,1500,"sd","14:27:19",1096000
85.2,0,100,"bu","14:27:15",1094500
85,-0.2,1500,"sd","14:27:12",1094400
85.2,0,100,"bu","14:27:09",1092900
85,-0.2,3200,"sd","14:27:05",1092800
85,-0.2,1300,"sd","14:27:04",1089600
85,-0.2,3000,"sd","14:27:02",1088300
85,-0.2,1500,"sd","14:26:59",1085300
85,-0.2,1500,"sd","14:26:52",1083800
85,-0.2,200,"sd","14:26:50",1082300
85,-0.2,5000,"sd","14:26:47",1082100
85,-0.2,1500,"sd","14:26:45",1077100
85,-0.2,400,"sd","14:26:44",1075600
85,-0.2,1800,"sd","14:26:39",1075200
85,-0.2,1500,"sd","14:26:38",1073400
85,-0.2,200,"sd","14:26:33",1071900
85,-0.2,1500,"sd","14:26:31",1071700
85,-0.2,1500,"sd","14:26:24",1070200
85,-0.2,200,"sd","14:26:23",1068700
85,-0.2,500,"sd","14:26:21",1068500
85,-0.2,1500,"sd","14:26:17",1068000
85,-0.2,300,"sd","14:26:12",1066500
85,-0.2,2600,"sd","14:26:11",1066200
85,-0.2,1500,"sd","14:26:11",1063500
85.2,0,5000,"bu","14:26:10",1062000
85,-0.2,2000,"sd","14:26:05",1057000
85,-0.2,1500,"sd","14:26:04",1055000
85,-0.2,300,"sd","14:26:01",1053500
85,-0.2,5000,"sd","14:25:57",1053200
85,-0.2,1500,"sd","14:25:57",1048200
85,-0.2,300,"sd","14:25:51",1046700
85,-0.2,1500,"sd","14:25:50",1046400
85,-0.2,1500,"sd","14:25:43",1044900
85,-0.2,200,"sd","14:25:40",1043400
85,-0.2,1500,"sd","14:25:36",1043200
85,-0.2,200,"sd","14:25:31",1041700
85,-0.2,1500,"sd","14:25:30",1041500
85,-0.2,1500,"sd","14:25:23",1040000
85,-0.2,200,"sd","14:25:21",1038500
85,-0.2,1500,"sd","14:25:16",1038300
85,-0.2,200,"sd","14:25:09",1036800
85,-0.2,1500,"sd","14:25:09",1036600
85,-0.2,500,"sd","14:25:07",1035100
85,-0.2,1000,"sd","14:25:03",1034600
85.2,0,100,"bu","14:25:02",1033600
85,-0.2,1500,"sd","14:25:02",1033500
85,-0.2,300,"sd","14:24:59",1032000
85,-0.2,1000,"sd","14:24:57",1031700
85,-0.2,1500,"sd","14:24:56",1030700
85,-0.2,1000,"sd","14:24:53",1029200
85,-0.2,1500,"sd","14:24:49",1028200
85,-0.2,300,"sd","14:24:48",1026700
85,-0.2,1500,"sd","14:24:42",1026400
85,-0.2,300,"sd","14:24:37",1024900
85,-0.2,1500,"sd","14:24:35",1024600
85,-0.2,1500,"sd","14:24:28",1023100
85,-0.2,300,"sd","14:24:27",1021600
85.3,0.1,400,"bu","14:24:26",1021300
85.3,0.1,100,"bu","14:24:25",1020900
85,-0.2,2100,"sd","14:24:23",1020800
85.3,0.1,500,"bu","14:24:21",1018700
85,-0.2,1500,"sd","14:24:21",1018200
85,-0.2,3000,"sd","14:24:18",1016700
85,-0.2,200,"sd","14:24:16",1013700
85,-0.2,1500,"sd","14:24:15",1013500
85,-0.2,1500,"sd","14:24:07",1012000
85,-0.2,200,"sd","14:24:05",1010500
85,-0.2,1500,"sd","14:24:01",1010300
85.3,0.1,700,"bu","14:23:58",1008800
85.2,0,4300,"bu","14:23:58",1008100
85,-0.2,200,"sd","14:23:55",1003800
85,-0.2,1500,"sd","14:23:53",1003600
85,-0.2,1500,"sd","14:23:47",1002100
85,-0.2,300,"sd","14:23:44",1000600
85,-0.2,1500,"sd","14:23:40",1000300
85,-0.2,1500,"sd","14:23:34",998800
85,-0.2,200,"sd","14:23:33",997300
85,-0.2,1500,"sd","14:23:27",997100
85,-0.2,200,"sd","14:23:23",995600
85,-0.2,1600,"sd","14:23:20",995400
85,-0.2,100,"sd","14:23:16",993800
85,-0.2,5300,"sd","14:23:15",993700
85.1,-0.1,100,"sd","14:23:04",988400
85.1,-0.1,200,"sd","14:22:54",988300
85,-0.2,300,"sd","14:22:43",988100
85,-0.2,700,"sd","14:22:41",987800
85.1,-0.1,1300,"sd","14:22:41",987100
85.1,-0.1,300,"sd","14:22:32",985800
85.1,-0.1,4500,"bu","14:22:28",985500
85.1,-0.1,100,"bu","14:22:26",981000
85,-0.2,2000,"sd","14:22:24",980900
85.1,-0.1,400,"bu","14:22:24",978900
85,-0.2,300,"sd","14:22:22",978500
85.1,-0.1,100,"bu","14:22:21",978200
85.1,-0.1,400,"bu","14:22:20",978100
85,-0.2,100,"sd","14:22:18",977700
85,-0.2,300,"sd","14:22:11",977600
85,-0.2,2500,"sd","14:22:10",977300
85,-0.2,3000,"sd","14:22:07",974800
85,-0.2,2000,"sd","14:22:06",971800
85.1,-0.1,24500,"sd","14:22:04",969800
85.1,-0.1,300,"sd","14:22:00",945300
85.2,0,500,"bu","14:21:59",945000
85.1,-0.1,300,"sd","14:21:49",944500
85.1,-0.1,300,"sd","14:21:40",944200
85.1,-0.1,200,"sd","14:21:39",943900
85.1,-0.1,300,"sd","14:21:28",943700
85.1,-0.1,200,"sd","14:21:18",943400
85.2,0,2900,"bu","14:21:18",943200
85.1,-0.1,300,"sd","14:21:08",940300
85.1,-0.1,200,"sd","14:20:57",940000
85.1,-0.1,200,"sd","14:20:47",939800
85.1,-0.1,200,"sd","14:20:36",939600
85.1,-0.1,200,"sd","14:20:26",939400
85.1,-0.1,300,"sd","14:20:15",939200
85.1,-0.1,300,"sd","14:20:04",938900
85.1,-0.1,200,"sd","14:19:54",938600
85.1,-0.1,200,"sd","14:19:44",938400
85.1,-0.1,200,"sd","14:19:33",938200
85.1,-0.1,300,"sd","14:19:23",938000
85.1,-0.1,300,"sd","14:19:12",937700
85.1,-0.1,200,"sd","14:19:02",937400
85.2,0,1000,"bu","14:18:54",937200
85.1,-0.1,200,"sd","14:18:51",936200
85.1,-0.1,200,"sd","14:18:41",936000
85.1,-0.1,300,"sd","14:18:29",935800
85.2,0,300,"sd","14:18:26",935500
85.2,0,300,"sd","14:18:19",935200
85.2,0,300,"sd","14:18:08",934900
85.2,0,300,"sd","14:17:57",934600
85.2,0,300,"sd","14:17:46",934300
85.2,0,100,"sd","14:17:45",934000
85.2,0,300,"sd","14:17:36",933900
85.1,-0.1,200,"sd","14:17:25",933600
85.1,-0.1,200,"sd","14:17:15",933400
85.1,-0.1,200,"sd","14:17:06",933200
85.3,0.1,500,"bu","14:17:00",933000
85.1,-0.1,200,"sd","14:16:55",932500
85.1,-0.1,1000,"sd","14:16:49",932300
85.1,-0.1,200,"sd","14:16:45",931300
85.1,-0.1,400,"sd","14:16:34",931100
85.1,-0.1,300,"sd","14:16:23",930700
85.1,-0.1,300,"sd","14:16:13",930400
85.1,-0.1,200,"sd","14:16:02",930100
85.2,0,300,"sd","14:15:51",929900
85.2,0,100,"sd","14:15:49",929600
85.2,0,2200,"bu","14:15:45",929500
85.2,0,800,"bu","14:15:45",927300
85.2,0,100,"bu","14:15:33",926500
85.1,-0.1,200,"sd","14:15:31",926400
85.1,-0.1,2000,"sd","14:15:22",926200
85.1,-0.1,300,"sd","14:15:20",924200
85.1,-0.1,200,"sd","14:15:10",923900
85.1,-0.1,300,"sd","14:15:00",923700
85.1,-0.1,300,"sd","14:14:48",923400
85.1,-0.1,200,"sd","14:14:38",923100
85.2,0,1100,"sd","14:14:30",922900
85.2,0,300,"sd","14:14:27",921800
85.2,0,200,"sd","14:14:17",921500
85.2,0,800,"sd","14:14:12",921300
85.2,0,1200,"bu","14:14:11",920500
85.1,-0.1,200,"sd","14:14:06",919300
85.1,-0.1,300,"sd","14:13:56",919100
85.2,0,1000,"bu","14:13:45",918800
85.1,-0.1,200,"sd","14:13:45",917800
85.2,0,400,"bu","14:13:44",917600
85.1,-0.1,200,"sd","14:13:35",913700
85.1,-0.1,200,"sd","14:13:24",913500
85.1,-0.1,200,"sd","14:13:14",913300
85.1,-0.1,300,"sd","14:13:03",913100
85.2,0,100,"bu","14:12:58",912800
85.1,-0.1,200,"sd","14:12:53",912700
85.2,0,1000,"bu","14:12:46",912500
85.1,-0.1,300,"sd","14:12:41",911500
85.1,-0.1,300,"sd","14:12:31",911200
85.1,-0.1,300,"sd","14:12:20",910900
85.1,-0.1,200,"sd","14:12:09",910600
85.2,0,100,"bu","14:12:02",910400
85.1,-0.1,300,"sd","14:11:59",910300
85.1,-0.1,200,"sd","14:11:48",910000
85.1,-0.1,2200,"sd","14:11:38",909800
85.1,-0.1,300,"sd","14:11:27",907600
85.1,-0.1,200,"sd","14:11:17",907300
85.1,-0.1,300,"sd","14:11:06",907100
85.1,-0.1,100,"sd","14:11:05",906800
85.1,-0.1,200,"sd","14:10:55",906700
85.2,0,1000,"bu","14:10:50",906500
85.1,-0.1,200,"sd","14:10:45",905500
85.1,-0.1,200,"sd","14:10:35",905300
85.1,-0.1,300,"sd","14:10:24",905100
85.1,-0.1,200,"sd","14:10:13",904800
85.1,-0.1,900,"sd","14:10:09",904600
85.1,-0.1,200,"sd","14:10:03",903700
85.1,-0.1,1000,"sd","14:10:01",903500
85.1,-0.1,300,"sd","14:09:52",902500
85.1,-0.1,300,"sd","14:09:41",902200
85.1,-0.1,300,"sd","14:09:30",901900
85.1,-0.1,200,"sd","14:09:20",901600
85.1,-0.1,200,"sd","14:09:10",901400
85.1,-0.1,200,"sd","14:08:59",901200
85.1,-0.1,300,"sd","14:08:48",901000
85.1,-0.1,200,"sd","14:08:38",900700
85.1,-0.1,300,"sd","14:08:27",900500
85.2,0,100,"bu","14:08:20",900200
85.1,-0.1,300,"sd","14:08:16",900100
85.2,0,100,"bu","14:08:16",899800
85.1,-0.1,200,"sd","14:08:06",899700
85.2,0,100,"bu","14:07:58",899500
85.1,-0.1,1200,"sd","14:07:56",899400
85.1,-0.1,300,"sd","14:07:45",898200
85.2,0,100,"bu","14:07:36",897900
85.1,-0.1,200,"sd","14:07:34",897800
85.1,-0.1,200,"sd","14:07:24",897600
85.2,0,100,"bu","14:07:19",897400
85.2,0,100,"bu","14:07:17",897300
85.1,-0.1,200,"sd","14:07:13",897200
85.2,0,100,"bu","14:07:06",897000
85.1,-0.1,200,"sd","14:07:03",896900
85.1,-0.1,200,"sd","14:06:52",896700
85.1,-0.1,200,"sd","14:06:42",896500
85.1,-0.1,200,"sd","14:06:32",896300
85.1,-0.1,2000,"sd","14:06:30",896100
85.1,-0.1,200,"sd","14:06:22",894100
85.2,0,100,"bu","14:06:19",893900
85.1,-0.1,300,"sd","14:06:10",893800
85.2,0,100,"bu","14:06:04",893500
85.1,-0.1,300,"sd","14:05:59",893400
85.2,0,200,"bu","14:05:52",893100
85.1,-0.1,3000,"sd","14:05:50",892900
85.1,-0.1,200,"sd","14:05:49",889900
85.2,0,100,"bu","14:05:44",889700
85.1,-0.1,1000,"sd","14:05:44",889600
85.1,-0.1,500,"sd","14:05:43",888600
85.2,0,1000,"bu","14:05:43",888100
85.1,-0.1,300,"sd","14:05:38",887100
85.2,0,100,"bu","14:05:35",886800
85.1,-0.1,200,"sd","14:05:28",886700
85.2,0,100,"bu","14:05:26",886500
85.2,0,200,"bu","14:05:18",886400
85.1,-0.1,200,"sd","14:05:17",886200
85.2,0,1100,"bu","14:05:17",886000
85.2,0,1800,"sd","14:05:15",884900
85.2,0,3900,"sd","14:05:14",883100
85.2,0,200,"sd","14:05:12",879200
85.2,0,100,"sd","14:05:09",879000
85.2,0,200,"sd","14:05:07",878900
85.3,0.1,500,"bu","14:05:03",878700
85.3,0.1,1600,"sd","14:05:02",878200
85.3,0.1,200,"sd","14:04:57",876600
85.3,0.1,200,"sd","14:04:47",876400
85.2,0,200,"sd","14:04:36",876200
85.2,0,300,"sd","14:04:26",876000
85.2,0,200,"sd","14:04:15",875700
85.2,0,200,"sd","14:04:05",875500
85.2,0,200,"sd","14:03:54",875300
85.2,0,200,"sd","14:03:43",875100
85.2,0,300,"sd","14:03:33",874900
85.2,0,200,"sd","14:03:22",874600
85.2,0,200,"sd","14:03:12",874400
85.2,0,300,"sd","14:03:01",874200
85.2,0,200,"sd","14:02:51",873900
85.2,0,800,"sd","14:02:46",873700
85.2,0,200,"sd","14:02:41",872900
85.5,0.3,100,"bu","14:02:37",872700
85.2,0,200,"sd","14:02:30",872600
85.5,0.3,100,"bu","14:02:27",872400
85.2,0,200,"sd","14:02:20",872300
85.2,0,300,"sd","14:02:09",872100
85.5,0.3,100,"bu","14:02:08",871800
85.5,0.3,100,"bu","14:02:06",871700
85.2,0,200,"sd","14:01:59",871600
85.5,0.3,200,"bu","14:01:56",871400
85.5,0.3,100,"bu","14:01:55",871200
85.3,0.1,100,"bu","14:01:53",871100
85.2,0,200,"sd","14:01:48",871000
85.3,0.1,100,"bu","14:01:48",870800
85.2,0,200,"sd","14:01:38",870700
85.5,0.3,100,"bu","14:01:31",870500
85.5,0.3,1700,"bu","14:01:30",870400
85.3,0.1,200,"sd","14:01:27",868700
85.3,0.1,200,"sd","14:01:17",868500
85.5,0.3,100,"bu","14:01:12",868300
85.3,0.1,200,"sd","14:01:06",868200
85.2,0,200,"sd","14:00:56",868000
85.5,0.3,2000,"bu","14:00:53",867800
85.5,0.3,100,"bu","14:00:49",865800
85.2,0,200,"sd","14:00:45",865700
85.5,0.3,100,"bu","14:00:43",865500
85.2,0,200,"sd","14:00:35",865400
85.2,0,200,"sd","14:00:24",865200
85.5,0.3,100,"bu","14:00:17",865000
85.2,0,200,"sd","14:00:14",864900
85.5,0.3,100,"bu","14:00:10",864700
85.2,0,200,"sd","14:00:03",864600
85.5,0.3,300,"bu","14:00:03",864400
85.4,0.2,200,"bu","14:00:03",864100
85.4,0.2,100,"bu","14:00:02",863900
85.2,0,200,"sd","13:59:53",863800
85.4,0.2,500,"bu","13:59:45",863600
85.3,0.1,100,"bu","13:59:45",863100
85.3,0.1,100,"sd","13:59:42",863000
85.4,0.2,1000,"bu","13:59:37",862900
85.4,0.2,200,"bu","13:59:35",861900
85.3,0.1,200,"sd","13:59:31",861700
85.3,0.1,700,"bu","13:59:28",861500
85.2,0,900,"sd","13:59:26",860800
85.2,0,2200,"sd","13:59:25",859900
85.2,0,2500,"sd","13:59:25",857700
85.2,0,200,"sd","13:59:21",855200
85.2,0,100,"sd","13:59:18",855000
85.3,0.1,1000,"bu","13:59:13",854900
85.2,0,3800,"sd","13:59:11",853900
85.2,0,200,"sd","13:59:10",850100
85.2,0,200,"sd","13:59:00",849900
85.2,0,200,"sd","13:58:50",849700
85.3,0.1,1000,"bu","13:58:48",849500
85.2,0,4000,"sd","13:58:46",848500
85.3,0.1,1000,"bu","13:58:42",844500
85.2,0,200,"sd","13:58:39",843500
85.2,0,4000,"sd","13:58:33",843300
85.2,0,200,"sd","13:58:28",839300
85.2,0,200,"sd","13:58:18",839100
85.2,0,200,"sd","13:58:07",838900
85.2,0,200,"sd","13:57:56",838700
85.3,0.1,1000,"bu","13:57:56",838500
85.2,0,200,"sd","13:57:46",837500
85.2,0,200,"sd","13:57:36",837300
85.3,0.1,300,"bu","13:57:33",837100
85.2,0,200,"sd","13:57:25",836800
85.2,0,200,"sd","13:57:15",836600
85.2,0,200,"sd","13:57:05",836400
85.2,0,200,"sd","13:56:54",836200
85.2,0,200,"sd","13:56:43",836000
85.2,0,200,"sd","13:56:32",835800
85.2,0,2000,"sd","13:56:28",835600
85.2,0,200,"sd","13:56:22",833600
85.2,0,1000,"sd","13:56:22",833400
85.2,0,200,"sd","13:56:12",832400
85.2,0,4000,"sd","13:56:09",832200
85.2,0,4000,"sd","13:56:06",828200
85.2,0,200,"sd","13:56:01",824200
85.2,0,4000,"sd","13:55:58",824000
85.2,0,200,"sd","13:55:51",820000
85.2,0,200,"sd","13:55:40",819800
85.2,0,200,"sd","13:55:30",819600
85.2,0,200,"sd","13:55:19",819400
85.2,0,4000,"sd","13:55:11",819200
85.2,0,200,"sd","13:55:09",815200
85.2,0,200,"sd","13:54:59",815000
85.2,0,2000,"sd","13:54:57",814800
85.2,0,200,"sd","13:54:49",812800
85.4,0.2,100,"bu","13:54:45",812600
85.2,0,200,"sd","13:54:38",812500
85.4,0.2,100,"bu","13:54:32",812300
85.2,0,200,"sd","13:54:27",812200
85.2,0,600,"bu","13:54:19",812000
85.1,-0.1,200,"sd","13:54:16",811400
85.2,0,400,"sd","13:54:10",811200
85.2,0,200,"sd","13:54:06",810800
85.2,0,200,"sd","13:53:56",810600
85.2,0,200,"sd","13:53:45",810400
85.2,0,100,"sd","13:53:43",810200
85.2,0,200,"sd","13:53:35",810100
85.2,0,200,"sd","13:53:25",809900
85.2,0,9000,"bu","13:53:22",809700
85.1,-0.1,200,"sd","13:53:14",800700
85.2,0,100,"bu","13:53:13",800500
85.2,0,300,"bu","13:53:08",800400
85.1,-0.1,200,"sd","13:53:04",800100
85.2,0,2000,"bu","13:53:01",799900
85.1,-0.1,200,"sd","13:52:54",797900
85.2,0,3000,"bu","13:52:49",797700
85.2,0,100,"bu","13:52:47",794700
85.2,0,100,"bu","13:52:45",794600
85.1,-0.1,200,"sd","13:52:43",794500
85.2,0,3200,"sd","13:52:37",794300
85.3,0.1,200,"sd","13:52:32",791100
85.3,0.1,400,"bu","13:52:31",790900
85.3,0.1,100,"bu","13:52:28",790500
85.1,-0.1,200,"sd","13:52:21",790400
85.3,0.1,500,"bu","13:52:18",790200
85.3,0.1,600,"bu","13:52:14",789700
85.2,0,100,"bu","13:52:13",789100
85.2,0,100,"sd","13:52:11",789000
85.3,0.1,100,"bu","13:52:10",788900
85.3,0.1,2000,"bu","13:52:06",788800
85.3,0.1,100,"bu","13:52:05",786800
85.3,0.1,300,"bu","13:52:04",786700
85.1,-0.1,200,"sd","13:52:01",786400
85.1,-0.1,200,"sd","13:51:50",786200
85.3,0.1,200,"bu","13:51:47",786000
85.3,0.1,100,"bu","13:51:41",785800
85.1,-0.1,200,"sd","13:51:40",785700
85.3,0.1,100,"bu","13:51:36",785500
85.1,-0.1,200,"sd","13:51:29",785400
85.3,0.1,200,"bu","13:51:24",785200
85.3,0.1,100,"bu","13:51:23",785000
85.3,0.1,100,"bu","13:51:20",784900
85.1,-0.1,200,"sd","13:51:19",784800
85.3,0.1,100,"bu","13:51:19",784600
85.3,0.1,500,"bu","13:51:15",784500
85.3,0.1,100,"bu","13:51:14",784000
85.3,0.1,500,"bu","13:51:13",783900
85.3,0.1,500,"bu","13:51:11",783400
85.1,-0.1,200,"sd","13:51:09",782900
85.3,0.1,100,"bu","13:51:07",782700
85.3,0.1,300,"bu","13:51:03",782600
85.3,0.1,200,"bu","13:51:01",782300
85.1,-0.1,200,"sd","13:50:58",782100
85.3,0.1,100,"bu","13:50:53",781900
85.3,0.1,100,"bu","13:50:52",781800
85.3,0.1,100,"bu","13:50:50",781700
85.3,0.1,300,"bu","13:50:49",781600
85.1,-0.1,200,"sd","13:50:48",781300
85.3,0.1,200,"bu","13:50:45",781100
85.3,0.1,100,"bu","13:50:41",780900
85.1,-0.1,200,"sd","13:50:37",780800
85.3,0.1,100,"bu","13:50:35",780600
85.3,0.1,500,"bu","13:50:34",780500
85.1,-0.1,200,"sd","13:50:26",780000
85.3,0.1,100,"bu","13:50:24",779800
85.2,0,100,"bu","13:50:20",779700
85.2,0,100,"sd","13:50:15",779600
85.1,-0.1,200,"sd","13:50:05",779500
85.1,-0.1,200,"sd","13:49:54",779300
85.1,-0.1,200,"sd","13:49:43",779100
85.3,0.1,200,"bu","13:49:42",778900
85.3,0.1,100,"bu","13:49:39",778700
85.3,0.1,5000,"bu","13:49:37",778600
85.1,-0.1,200,"sd","13:49:33",773600
85.3,0.1,2000,"bu","13:49:24",773400
85.1,-0.1,200,"sd","13:49:22",771400
85.2,0,5000,"bu","13:49:15",771200
85.1,-0.1,200,"sd","13:49:11",766200
85.2,0,100,"bu","13:49:10",766000
85.1,-0.1,200,"sd","13:49:01",765900
85.2,0,300,"bu","13:48:55",765700
85.1,-0.1,200,"sd","13:48:51",765400
85.2,0,100,"bu","13:48:46",765200
85.1,-0.1,200,"sd","13:48:40",765100
85.1,-0.1,200,"sd","13:48:29",764900
85.2,0,1400,"bu","13:48:24",764700
85.2,0,1600,"bu","13:48:23",763300
85.1,-0.1,200,"sd","13:48:19",761700
85.1,-0.1,200,"sd","13:48:08",761500
85.2,0,100,"bu","13:48:06",761300
85.1,-0.1,100,"sd","13:48:00",761200
85.1,-0.1,200,"sd","13:47:57",761100
85.1,-0.1,200,"sd","13:47:46",760900
85.2,0,100,"bu","13:47:43",760700
85.1,-0.1,200,"sd","13:47:36",760600
85.1,-0.1,200,"sd","13:47:25",760400
85.1,-0.1,200,"sd","13:47:14",760200
85.1,-0.1,200,"sd","13:47:04",760000
85.1,-0.1,200,"sd","13:46:53",759800
85.1,-0.1,200,"sd","13:46:43",759600
85.1,-0.1,200,"sd","13:46:32",759400
85.1,-0.1,200,"sd","13:46:21",759200
85.2,0,100,"bu","13:46:11",759000
85.1,-0.1,200,"sd","13:46:10",758900
85.1,-0.1,200,"sd","13:46:00",758700
85.2,0,300,"bu","13:45:50",758500
85.1,-0.1,200,"sd","13:45:50",758200
85.1,-0.1,200,"sd","13:45:40",758000
85.2,0,100,"bu","13:45:37",757800
85.2,0,100,"bu","13:45:31",757700
85.1,-0.1,200,"sd","13:45:29",757600
85.2,0,100,"bu","13:45:22",757400
85.1,-0.1,200,"sd","13:45:18",757300
85.2,0,100,"bu","13:45:16",757100
85.2,0,100,"bu","13:45:13",757000
85.2,0,100,"bu","13:45:11",756900
85.1,-0.1,200,"sd","13:45:07",756800
85.2,0,100,"bu","13:44:59",756600
85.1,-0.1,200,"sd","13:44:56",756500
85.2,0,100,"bu","13:44:47",756300
85.1,-0.1,200,"sd","13:44:46",756200
85.1,-0.1,200,"sd","13:44:36",756000
85.2,0,100,"bu","13:44:34",755800
85.2,0,100,"bu","13:44:33",755700
85.2,0,500,"bu","13:44:32",755600
85.2,0,100,"bu","13:44:29",755100
85.1,-0.1,200,"sd","13:44:25",755000
85.2,0,400,"bu","13:44:22",754800
85.2,0,100,"bu","13:44:19",754400
85.2,0,300,"bu","13:44:19",754300
85.1,-0.1,200,"sd","13:44:14",754000
85.2,0,100,"bu","13:44:08",753800
85.1,-0.1,200,"sd","13:44:04",753700
85.2,0,100,"bu","13:43:59",753500
85.1,-0.1,200,"sd","13:43:53",753400
85.2,0,200,"bu","13:43:53",753200
85.2,0,100,"bu","13:43:51",753000
85.2,0,100,"bu","13:43:48",752900
85.2,0,100,"bu","13:43:48",752800
85.1,-0.1,200,"sd","13:43:43",752700
85.2,0,100,"bu","13:43:37",752500
85.2,0,100,"bu","13:43:36",752400
85.2,0,100,"bu","13:43:34",752300
85.1,-0.1,200,"sd","13:43:32",752200
85.2,0,100,"bu","13:43:30",752000
85.2,0,100,"bu","13:43:29",751900
85.1,-0.1,200,"sd","13:43:21",751800
85.2,0,100,"bu","13:43:20",751600
85.2,0,100,"bu","13:43:17",751500
85.1,-0.1,200,"sd","13:43:10",751400
85.2,0,200,"bu","13:43:06",751200
85.2,0,100,"bu","13:43:02",751000
85.1,-0.1,200,"sd","13:43:00",750900
85.2,0,100,"bu","13:43:00",750700
85.2,0,100,"bu","13:43:00",750600
85.2,0,400,"bu","13:42:55",750500
85.2,0,500,"bu","13:42:51",750100
85.2,0,100,"bu","13:42:51",749600
85,-0.2,200,"sd","13:42:50",749500
85,-0.2,100,"sd","13:42:42",749300
85,-0.2,200,"sd","13:42:41",749200
85.1,-0.1,100,"sd","13:42:30",749000
85.1,-0.1,200,"sd","13:42:20",748900
85.1,-0.1,100,"sd","13:42:17",748700
85.1,-0.1,200,"sd","13:42:10",748600
85.1,-0.1,200,"sd","13:41:59",748400
85.1,-0.1,200,"sd","13:41:50",748200
85.2,0,100,"bu","13:41:42",748000
85.1,-0.1,200,"sd","13:41:38",747900
85,-0.2,200,"sd","13:41:28",747700
85,-0.2,200,"sd","13:41:18",747500
85,-0.2,200,"sd","13:41:07",747300
85,-0.2,200,"sd","13:40:56",747100
85.1,-0.1,2000,"sd","13:40:50",746900
85.1,-0.1,200,"sd","13:40:45",744900
85.1,-0.1,500,"bu","13:40:38",744700
85.1,-0.1,1900,"sd","13:40:34",744200
85.1,-0.1,1800,"sd","13:40:34",742300
85.2,0,100,"bu","13:40:29",740500
85.1,-0.1,200,"sd","13:40:24",740400
85.2,0,100,"bu","13:40:17",740200
85.1,-0.1,200,"sd","13:40:13",740100
85.1,-0.1,200,"sd","13:40:03",739900
85.1,-0.1,200,"sd","13:39:52",739700
85.1,-0.1,200,"sd","13:39:42",739500
85.2,0,100,"bu","13:39:39",739300
85.1,-0.1,200,"sd","13:39:31",739200
85.2,0,100,"bu","13:39:27",739000
85.1,-0.1,200,"sd","13:39:21",738900
85.2,0,400,"bu","13:39:20",738700
85.1,-0.1,200,"sd","13:39:11",738300
85.2,0,2000,"bu","13:39:10",738100
85.2,0,100,"bu","13:39:07",736100
85.2,0,100,"bu","13:39:06",736000
85.2,0,200,"bu","13:39:02",735900
85.1,-0.1,200,"sd","13:39:00",735700
85.2,0,500,"bu","13:38:51",735400
85.1,-0.1,200,"sd","13:38:50",734900
85.2,0,100,"bu","13:38:50",734700
85.2,0,200,"bu","13:38:48",734600
85.2,0,100,"bu","13:38:40",734400
85.3,-0.6,1000,"sd","09:50:25",177400
85.3,-0.6,2000,"sd","09:50:09",176400
85.3,-0.6,2000,"sd","09:50:01",174400
85.4,-0.5,500,"bu","09:49:57",172400
85.3,-0.6,2000,"sd","09:49:54",171900
85.3,-0.6,900,"sd","09:49:53",169900
85.3,-0.6,2000,"sd","09:49:47",169000
85.3,-0.6,200,"sd","09:49:44",167000
85.3,-0.6,1000,"sd","09:48:34",166800
85.4,-0.5,500,"sd","09:47:27",165800
85.4,-0.5,400,"sd","09:47:27",165300
85.4,-0.5,800,"sd","09:46:49",164900
85.4,-0.5,1000,"sd","09:46:24",164100
85.4,-0.5,1000,"sd","09:46:09",163100
85.3,-0.6,2000,"sd","09:45:43",162100
85.3,-0.6,2000,"sd","09:45:36",160100
85.3,-0.6,600,"sd","09:45:31",158100
85.4,-0.5,1400,"sd","09:45:26",157500
85.4,-0.5,100,"bu","09:45:09",156100
85.4,-0.5,1000,"bu","09:44:54",156000
85.2,0,1000,"bu","13:37:34",729700
85.2,0,100,"bu","13:37:28",728700
85.1,-0.1,200,"sd","13:37:25",728600
85.2,0,100,"bu","13:37:21",728400
85.2,0,100,"bu","13:37:19",728300
85.1,-0.1,200,"sd","13:37:15",728200
85.2,0,100,"bu","13:37:06",728000
85.1,-0.1,200,"sd","13:37:05",727900
85.2,0,100,"bu","13:36:56",727700
85.2,0,100,"bu","13:36:54",727600
85.1,-0.1,200,"sd","13:36:54",727500
85.2,0,100,"bu","13:36:52",727300
85.2,0,100,"bu","13:36:48",727200
85.1,-0.1,200,"sd","13:36:43",727100
85.2,0,100,"bu","13:36:40",726900
85.1,-0.1,100,"sd","13:36:35",726800
85.1,-0.1,200,"sd","13:36:32",726700
85.2,0,100,"bu","13:36:29",726500
85.2,0,100,"bu","13:36:27",726400
85.1,-0.1,200,"sd","13:36:21",726300
85.2,0,200,"bu","13:36:15",726100
85.2,0,100,"bu","13:36:15",725900
85.1,-0.1,200,"sd","13:36:10",725800
85.2,0,400,"bu","13:36:08",725600
85.2,0,400,"bu","13:36:07",725200
85.2,0,100,"bu","13:36:02",724800
85.1,-0.1,200,"sd","13:35:59",724600
85.2,0,100,"bu","13:35:59",724400
85.2,0,100,"bu","13:35:58",724200
85.1,-0.1,2000,"sd","13:35:53",724100
85.1,-0.1,200,"sd","13:35:50",721600
85.2,0,200,"bu","13:35:43",720900
85.1,-0.1,200,"sd","13:35:39",720700
85.2,0,200,"bu","13:35:32",720500
85.1,-0.1,200,"sd","13:35:29",720300
85.1,-0.1,200,"sd","13:35:18",720100
85.1,-0.1,200,"sd","13:35:07",719900
85.1,-0.1,200,"sd","13:34:56",719700
85.1,-0.1,200,"sd","13:34:46",719500
85.2,0,1000,"bu","13:34:41",719300
85.1,-0.1,200,"sd","13:34:36",718300
85.1,-0.1,100,"bu","13:34:33",718100
85.1,-0.1,1900,"sd","13:34:27",718000
85.1,-0.1,200,"sd","13:34:25",716100
85.2,0,500,"bu","13:34:15",715900
85.1,-0.1,200,"sd","13:34:14",715400
85.1,-0.1,200,"sd","13:34:04",715200
85.1,-0.1,200,"sd","13:33:54",715000
85.1,-0.1,200,"sd","13:33:43",714800
85.1,-0.1,200,"sd","13:33:33",714600
85.1,-0.1,200,"sd","13:33:22",714400
85.1,-0.1,100,"sd","13:33:21",714200
85.1,-0.1,1800,"bu","13:33:18",714100
85.1,-0.1,100,"bu","13:33:14",712300
85,-0.2,200,"sd","13:33:12",712200
85.1,-0.1,100,"sd","13:33:08",712000
85,-0.2,200,"sd","13:33:02",711900
85,-0.2,200,"sd","13:32:52",711700
85,-0.2,200,"sd","13:32:41",711500
85,-0.2,200,"sd","13:32:31",711300
85,-0.2,200,"sd","13:32:21",711100
85,-0.2,200,"sd","13:32:10",710900
85.1,-0.1,300,"sd","13:31:59",710700
85,-0.2,200,"sd","13:31:49",710400
85,-0.2,200,"sd","13:31:38",710200
85,-0.2,200,"sd","13:31:27",710000
85,-0.2,200,"sd","13:31:17",709800
85.2,0,1900,"bu","13:31:16",709600
85.1,-0.1,6200,"bu","13:31:16",707700
85,-0.2,200,"sd","13:31:06",701500
85,-0.2,2000,"sd","13:31:03",701300
85,-0.2,2000,"sd","13:31:00",699300
85,-0.2,1000,"sd","13:30:59",697300
85.1,-0.1,100,"bu","13:30:58",696300
85,-0.2,200,"sd","13:30:55",696200
85,-0.2,100,"sd","13:30:52",696000
85,-0.2,200,"sd","13:30:44",695900
85,-0.2,200,"sd","13:30:34",695700
85,-0.2,200,"sd","13:30:24",695500
85,-0.2,200,"sd","13:30:13",695300
85,-0.2,200,"sd","13:30:03",695100
85,-0.2,700,"sd","13:30:02",694900
85.1,-0.1,100,"bu","13:29:59",694200
85.1,-0.1,200,"bu","13:29:58",694100
85,-0.2,200,"sd","13:29:52",693900
85,-0.2,200,"sd","13:29:44",693700
85,-0.2,200,"sd","13:29:43",693500
85.1,-0.1,200,"bu","13:29:38",693300
85.1,-0.1,1400,"sd","13:29:32",693100
85.1,-0.1,400,"sd","13:29:30",691700
85.1,-0.1,1600,"sd","13:29:30",691300
85.1,-0.1,2000,"sd","13:29:27",689700
85.1,-0.1,200,"sd","13:29:22",687700
85.1,-0.1,600,"sd","13:29:19",687500
85.1,-0.1,200,"sd","13:29:11",686900
85.1,-0.1,100,"sd","13:29:04",686700
85.1,-0.1,200,"sd","13:29:01",686600
85.1,-0.1,200,"sd","13:28:50",686400
85.1,-0.1,200,"sd","13:28:40",686200
85.1,-0.1,600,"sd","13:28:34",686000
85.1,-0.1,200,"sd","13:28:29",685400
85.1,-0.1,200,"sd","13:28:18",685200
85.1,-0.1,200,"sd","13:28:08",685000
85.1,-0.1,4900,"bu","13:28:01",684800
85,-0.2,200,"sd","13:27:57",679900
85.1,-0.1,300,"bu","13:27:55",679700
85,-0.2,700,"sd","13:27:53",679400
85.1,-0.1,1000,"bu","13:27:50",678700
85,-0.2,200,"sd","13:27:47",677700
85,-0.2,200,"sd","13:27:37",677500
85,-0.2,200,"sd","13:27:26",677300
85.1,-0.1,100,"bu","13:27:23",677100
85,-0.2,200,"sd","13:27:16",677000
85,-0.2,200,"sd","13:27:06",676800
85,-0.2,500,"sd","13:27:05",676600
85.1,-0.1,200,"sd","13:27:05",676100
85.1,-0.1,8000,"sd","13:26:58",675900
85.1,-0.1,200,"sd","13:26:56",667900
85.1,-0.1,200,"sd","13:26:45",667700
85.1,-0.1,2600,"bu","13:26:44",667500
85.1,-0.1,1000,"bu","13:26:44",664900
85.1,-0.1,300,"bu","13:26:42",663900
85.1,-0.1,200,"bu","13:26:40",663600
85,-0.2,200,"sd","13:26:35",663400
85.1,-0.1,100,"bu","13:26:32",663200
85,-0.2,3000,"sd","13:26:31",663100
85.1,-0.1,100,"bu","13:26:31",660100
85.1,-0.1,700,"sd","13:26:27",660000
85.1,-0.1,200,"sd","13:26:24",659300
85.1,-0.1,700,"sd","13:26:19",659100
85.1,-0.1,200,"sd","13:26:13",658400
85.1,-0.1,200,"sd","13:26:03",658200
85.1,-0.1,4400,"bu","13:25:58",658000
85,-0.2,200,"sd","13:25:53",653600
85.1,-0.1,1000,"bu","13:25:50",653400
85,-0.2,200,"sd","13:25:43",652400
85,-0.2,600,"sd","13:25:34",652200
85,-0.2,100,"sd","13:25:33",651600
85,-0.2,100,"sd","13:25:33",651500
85.1,-0.1,200,"bu","13:25:30",651400
85.1,-0.1,200,"bu","13:25:28",651200
85.1,-0.1,22200,"sd","13:25:26",651000
85.1,-0.1,100,"sd","13:25:09",628800
85.1,-0.1,600,"sd","13:24:51",628700
85.1,-0.1,4000,"sd","13:24:36",628100
85.1,-0.1,4000,"sd","13:24:21",624100
85.1,-0.1,4000,"sd","13:24:16",620100
85.1,-0.1,700,"sd","13:24:08",616100
85.2,0,100,"bu","13:23:57",615400
85.2,0,100,"bu","13:23:47",615300
85.1,-0.1,600,"sd","13:23:25",615200
85.1,-0.1,600,"sd","13:22:42",614600
85.1,-0.1,700,"sd","13:22:00",614000
85.1,-0.1,1000,"sd","13:21:21",613300
85.1,-0.1,600,"sd","13:21:14",612300
85.1,-0.1,600,"sd","13:20:31",611700
85.2,0,100,"bu","13:20:05",611100
85.1,-0.1,700,"sd","13:19:49",611000
85.1,-0.1,100,"sd","13:19:26",610300
85.1,-0.1,600,"sd","13:19:06",610200
85,-0.2,700,"sd","13:18:23",609600
85,-0.2,100,"sd","13:17:39",608900
85.1,-0.1,500,"sd","13:17:39",608800
85.1,-0.1,2000,"sd","13:17:12",608300
85.1,-0.1,2000,"sd","13:17:09",606300
85.1,-0.1,2000,"sd","13:17:07",604300
85,-0.2,300,"sd","13:16:55",602300
85.1,-0.1,300,"sd","13:16:55",602000
85.1,-0.1,2000,"sd","13:16:53",601700
85.1,-0.1,1100,"sd","13:16:49",599700
85.1,-0.1,900,"sd","13:16:49",598600
85.1,-0.1,2000,"sd","13:16:46",597700
85.1,-0.1,2000,"sd","13:16:44",595700
85.1,-0.1,100,"sd","13:16:32",593700
85.1,-0.1,600,"sd","13:16:12",593600
85.1,-0.1,5000,"sd","13:16:11",593000
85.1,-0.1,200,"bu","13:16:06",588000
85.1,-0.1,500,"bu","13:16:03",587800
85.1,-0.1,100,"bu","13:15:58",587300
85.1,-0.1,900,"bu","13:15:57",587200
85.1,-0.1,500,"bu","13:15:49",586300
85.1,-0.1,1000,"bu","13:15:35",585800
85.1,-0.1,1000,"bu","13:15:34",584800
85.1,-0.1,7300,"sd","13:15:33",583800
85.1,-0.1,700,"sd","13:15:30",576500
85.1,-0.1,5000,"sd","13:15:26",575800
85.1,-0.1,3500,"sd","13:15:20",570800
85.1,-0.1,1500,"sd","13:15:20",567300
85.1,-0.1,4000,"sd","13:15:15",565800
85.2,0,200,"bu","13:14:58",561800
85.2,0,100,"bu","13:14:50",561600
85.1,-0.1,600,"sd","13:14:47",561500
85.2,0,100,"bu","13:14:37",560900
85.1,-0.1,700,"sd","13:14:03",560800
85.1,-0.1,100,"sd","13:13:56",560100
85.2,0,100,"bu","13:13:30",560000
85.1,-0.1,700,"sd","13:13:15",559900
85.2,0,100,"bu","13:13:01",559200
85.1,-0.1,700,"sd","13:12:29",559100
85.1,-0.1,10500,"sd","13:12:22",558400
85.1,-0.1,1400,"sd","13:12:20",547900
85.1,-0.1,1600,"sd","13:12:19",546500
85.1,-0.1,1000,"sd","13:12:14",544900
85.2,0,100,"bu","13:11:58",543900
85.1,-0.1,700,"sd","13:11:42",543800
85.2,0,200,"bu","13:11:36",543100
85.1,-0.1,10500,"sd","13:11:36",542900
85.2,0,100,"bu","13:11:23",532400
85.1,-0.1,700,"sd","13:10:54",532300
85.1,-0.1,100,"sd","13:10:23",531600
85.1,-0.1,600,"sd","13:10:09",531500
85.2,0,1000,"bu","13:10:07",530900
85.2,0,500,"bu","13:09:43",529900
85.1,-0.1,700,"sd","13:09:27",529400
85.1,-0.1,100,"sd","13:09:22",528700
85.1,-0.1,600,"sd","13:08:41",528600
85.1,-0.1,100,"sd","13:08:01",528000
85.1,-0.1,600,"sd","13:07:59",527900
85.1,-0.1,700,"sd","13:07:17",527300
85.1,-0.1,700,"sd","13:06:26",526600
85.1,-0.1,700,"sd","13:05:42",525900
85.1,-0.1,600,"sd","13:04:53",525200
85.1,-0.1,3000,"sd","13:04:51",524600
85.2,0,200,"bu","13:04:37",521600
85.1,-0.1,700,"sd","13:04:11",521400
85.1,-0.1,600,"sd","13:03:27",520700
85.1,-0.1,700,"sd","13:02:42",520100
85.1,-0.1,200,"sd","13:02:41",519400
85.1,-0.1,100,"sd","13:02:18",519200
85.1,-0.1,600,"sd","13:01:59",519100
85.2,0,300,"bu","13:01:20",518500
85.1,-0.1,600,"sd","13:01:15",518200
85.2,0,500,"bu","13:00:40",517600
85.1,-0.1,1200,"sd","13:00:32",517100
85.1,-0.1,300,"sd","13:00:18",515900
85.1,-0.1,4000,"sd","13:00:17",515600
85.2,0,200,"bu","13:00:14",511600
85.2,0,600,"bu","13:00:05",511400
85.1,-0.1,500,"sd","13:00:04",510800
85.1,-0.1,100,"sd","13:00:03",510300
85.1,-0.1,800,"sd","13:00:00",510200
85.1,-0.1,15000,"sd","11:29:59",509400
85.1,-0.1,4000,"sd","11:29:52",494400
85.1,-0.1,600,"sd","11:29:16",490400
85.1,-0.1,700,"sd","11:28:33",489800
85.1,-0.1,600,"sd","11:27:47",489100
85.1,-0.1,1800,"sd","11:27:45",488500
85.1,-0.1,600,"sd","11:27:04",486700
85.1,-0.1,100,"sd","11:26:35",486100
85.1,-0.1,700,"sd","11:26:21",486000
85.2,0,100,"bu","11:26:17",485300
85.1,-0.1,600,"sd","11:25:39",485200
85.2,0,100,"bu","11:25:09",484600
85.1,-0.1,600,"sd","11:24:56",484500
85.2,0,100,"bu","11:24:34",483900
85.1,-0.1,600,"sd","11:24:14",483800
85.2,0,100,"bu","11:23:48",483200
85.1,-0.1,700,"sd","11:23:31",483100
85.1,-0.1,800,"sd","11:22:45",482400
85.1,-0.1,800,"sd","11:21:53",481600
85.1,-0.1,600,"sd","11:21:00",480800
85.1,-0.1,100,"sd","11:20:52",480200
85.1,-0.1,700,"sd","11:20:13",480100
85.2,0,100,"bu","11:19:45",479400
85.1,-0.1,700,"sd","11:19:28",479300
85.2,0,100,"bu","11:19:25",478600
85.1,-0.1,100,"sd","11:19:21",478500
85.2,0,100,"bu","11:18:54",478400
85.1,-0.1,600,"sd","11:18:43",478300
85.2,0,100,"bu","11:18:29",477700
85.1,-0.1,3000,"sd","11:18:19",477600
85.2,0,100,"bu","11:18:05",474600
85.1,-0.1,600,"sd","11:18:01",474500
85.2,0,100,"bu","11:17:25",473900
85.1,-0.1,700,"sd","11:17:18",473800
85.2,0,3100,"bu","11:17:17",473100
85.2,0,100,"bu","11:16:54",470000
85.1,-0.1,600,"sd","11:16:34",469900
85.2,0,100,"bu","11:16:14",469300
85,-0.2,300,"sd","11:15:52",469200
85.2,0,100,"bu","11:15:47",468600
85.1,-0.1,4000,"sd","11:15:29",468500
85.2,0,100,"bu","11:15:24",464500
85.1,-0.1,4000,"sd","11:15:24",464400
85.1,-0.1,2000,"sd","11:15:12",460400
85.1,-0.1,700,"sd","11:15:10",458400
85.2,0,100,"bu","11:14:42",457700
85.1,-0.1,600,"sd","11:14:24",457600
85.1,-0.1,200,"sd","11:14:02",457000
85,-0.2,200,"sd","11:13:42",456800
85.1,-0.1,400,"sd","11:13:42",456600
85.1,-0.1,3000,"sd","11:13:39",456200
85.2,0,1000,"bu","11:13:29",453200
85.1,-0.1,15000,"sd","11:13:26",452200
85.1,-0.1,100,"sd","11:13:10",437200
85.1,-0.1,700,"sd","11:12:59",437100
85.1,-0.1,3000,"sd","11:12:55",436400
85.1,-0.1,800,"sd","11:12:16",433400
85.1,-0.1,700,"sd","11:11:22",432600
85.1,-0.1,600,"sd","11:10:34",431900
85.1,-0.1,1000,"sd","11:10:14",431300
85.1,-0.1,600,"sd","11:09:50",430300
85.1,-0.1,100,"sd","11:09:26",429700
85.1,-0.1,4500,"bu","11:09:20",429600
85.1,-0.1,200,"bu","11:09:19",425100
85.1,-0.1,3700,"sd","11:09:13",424900
85.1,-0.1,2000,"sd","11:09:11",421200
85.1,-0.1,3000,"sd","11:09:09",419200
85.1,-0.1,800,"sd","11:09:07",416200
85.2,0,300,"bu","11:09:00",415400
85.1,-0.1,2000,"sd","11:08:57",415100
85.1,-0.1,800,"sd","11:08:18",413100
85.1,-0.1,15000,"sd","11:07:45",412300
85.1,-0.1,200,"sd","11:07:41",397300
85.1,-0.1,100,"sd","11:07:39",397100
85.1,-0.1,600,"sd","11:07:24",397000
85.1,-0.1,500,"sd","11:06:49",396400
85.1,-0.1,500,"sd","11:06:43",395900
85.1,-0.1,800,"sd","11:06:41",395400
85.1,-0.1,300,"sd","11:06:39",394600
85.1,-0.1,500,"sd","11:06:30",394300
85.1,-0.1,100,"sd","11:05:59",393800
85.1,-0.1,1700,"sd","11:05:47",393700
85.1,-0.1,700,"sd","11:05:46",392000
85.1,-0.1,500,"sd","11:05:43",391300
85.1,-0.1,500,"sd","11:05:36",390800
85.1,-0.1,500,"sd","11:05:30",390300
85.1,-0.1,500,"sd","11:05:17",389800
85.1,-0.1,300,"sd","11:05:14",389300
85.1,-0.1,700,"sd","11:05:05",389000
85.1,-0.1,500,"sd","11:05:04",388300
85.1,-0.1,16000,"sd","11:05:03",387800
85.1,-0.1,600,"sd","11:05:00",371800
85.1,-0.1,500,"sd","11:04:55",371200
85.1,-0.1,500,"sd","11:04:49",370700
85.1,-0.1,11400,"sd","11:04:40",370200
85.1,-0.1,2500,"sd","11:04:39",358800
85.1,-0.1,700,"sd","11:04:18",356300
85.1,-0.1,100,"sd","11:03:44",355600
85.1,-0.1,700,"sd","11:03:32",355500
85.1,-0.1,700,"sd","11:02:42",354800
85.1,-0.1,500,"sd","11:02:28",354100
85.1,-0.1,300,"sd","11:02:21",353600
85.2,0,500,"bu","11:02:13",353300
85.2,0,300,"bu","11:02:02",352800
85.1,-0.1,600,"sd","11:01:56",352500
85.1,-0.1,600,"sd","11:01:40",351900
85.1,-0.1,600,"sd","11:01:13",351300
85.1,-0.1,700,"sd","11:00:31",350700
85.1,-0.1,600,"sd","10:59:48",350000
85.1,-0.1,600,"sd","10:59:04",349400
85.1,-0.1,500,"sd","10:59:00",348800
85.1,-0.1,700,"sd","10:58:21",348300
85.1,-0.1,100,"sd","10:58:01",347600
85.1,-0.1,600,"sd","10:57:38",347500
85.2,0,100,"bu","10:57:29",346900
85.2,0,1000,"bu","10:57:00",346800
85.1,-0.1,600,"sd","10:56:56",345800
85.2,0,500,"bu","10:56:55",345200
85.2,0,1000,"bu","10:56:50",344700
85.1,-0.1,700,"sd","10:56:13",343700
85.2,0,100,"bu","10:56:06",343000
85.1,-0.1,700,"sd","10:55:25",342900
85.2,0,100,"bu","10:55:01",342200
85.2,0,500,"bu","10:54:48",342100
85.1,-0.1,600,"sd","10:54:40",341600
85.2,0,100,"bu","10:54:12",341000
85.2,0,1600,"sd","10:54:10",340900
85.2,0,700,"sd","10:53:57",339300
85.3,0.1,100,"bu","10:53:25",338600
85.2,0,600,"sd","10:53:13",338500
85.2,0,8400,"bu","10:52:57",337900
85.1,-0.1,800,"sd","10:52:31",329500
85.2,0,300,"bu","10:51:50",328700
85.1,-0.1,600,"sd","10:51:39",328400
85.1,-0.1,700,"sd","10:50:54",327800
85.1,-0.1,3000,"sd","10:50:09",327100
85.1,-0.1,2000,"sd","10:50:00",324100
85.1,-0.1,3000,"sd","10:49:55",322100
85.1,-0.1,15000,"bu","10:49:41",319100
85.1,-0.1,2000,"bu","10:49:33",304100
85,-0.2,300,"sd","10:49:22",302100
85.1,-0.1,300,"sd","10:49:21",301800
85.1,-0.1,300,"bu","10:48:59",301500
85.1,-0.1,4000,"bu","10:48:56",301200
85.1,-0.1,100,"bu","10:48:42",297200
85,-0.2,600,"sd","10:48:39",297100
85.1,-0.1,200,"bu","10:48:37",296500
85.1,-0.1,1000,"bu","10:48:33",296300
85.1,-0.1,7200,"sd","10:48:00",295300
85.1,-0.1,700,"sd","10:47:58",288100
85.1,-0.1,12000,"sd","10:47:55",287400
85.2,0,100,"bu","10:47:16",275400
85.1,-0.1,600,"sd","10:47:11",275300
85.2,0,100,"bu","10:46:10",274700
85.2,0,100,"bu","10:45:58",274600
85.2,0,100,"bu","10:45:43",274500
85.2,0,2000,"bu","10:45:40",274400
85.1,-0.1,600,"sd","10:45:39",272400
85.2,0,2500,"bu","10:44:58",271800
85.1,-0.1,800,"sd","10:44:53",269300
85.1,-0.1,600,"sd","10:44:03",268500
85.2,0,1000,"bu","10:43:56",267900
85.1,-0.1,700,"sd","10:43:18",266900
85.1,-0.1,600,"sd","10:42:35",266200
85.2,0,100,"bu","10:41:37",265600
85.1,-0.1,600,"sd","10:41:03",265500
85.1,-0.1,100,"sd","10:40:52",264900
85.1,-0.1,700,"sd","10:40:20",264800
85.2,0,100,"bu","10:40:11",264100
85.1,-0.1,600,"sd","10:39:35",264000
85.2,0,500,"bu","10:39:31",263400
85.1,-0.1,700,"sd","10:38:53",262900
85.1,-0.1,500,"sd","10:38:42",262200
85.2,0,100,"bu","10:38:41",261700
85.2,0,500,"bu","10:38:39",261600
85.2,0,100,"bu","10:38:21",261100
85.2,0,1000,"bu","10:38:02",261000
85.2,0,500,"bu","10:37:24",260000
85.1,-0.1,600,"sd","10:37:22",259500
85.2,0,700,"bu","10:37:10",258900
85.1,-0.1,800,"sd","10:36:37",258200
85.1,-0.1,3000,"sd","10:36:14",257400
85.1,-0.1,700,"sd","10:35:43",254400
85.1,-0.1,100,"sd","10:35:09",253700
85.1,-0.1,600,"sd","10:34:59",253600
85.1,-0.1,700,"sd","10:34:15",253000
85.1,-0.1,1000,"sd","10:33:52",252300
85.1,-0.1,700,"sd","10:33:25",251300
85.2,0,900,"bu","10:33:05",250600
85.1,-0.1,2000,"sd","10:32:47",249700
85.1,-0.1,2000,"sd","10:32:41",247700
85.1,-0.1,100,"bu","10:32:34",245700
85.1,-0.1,1900,"sd","10:32:15",245600
85.1,-0.1,5600,"sd","10:32:04",243700
85.1,-0.1,14000,"sd","10:31:57",238100
85.1,-0.1,5500,"sd","10:31:56",224100
85.1,-0.1,600,"sd","10:31:53",218600
85.1,-0.1,700,"sd","10:31:10",218000
85.3,0.1,200,"bu","10:30:41",217300
85.1,-0.1,600,"sd","10:30:26",217100
85.1,-0.1,700,"sd","10:29:41",216500
85.1,-0.1,100,"sd","10:29:27",215800
85.1,-0.1,600,"sd","10:28:58",215700
85.2,0,3800,"bu","10:28:46",215100
85.2,0,600,"bu","10:28:02",211300
85.2,0,400,"bu","10:27:39",210700
85.1,-0.1,600,"sd","10:27:30",210300
85.1,-0.1,1800,"sd","10:27:18",209700
85.2,0,700,"bu","10:27:14",207900
85.2,0,500,"bu","10:27:12",207200
85.2,0,100,"bu","10:27:07",206700
85.2,0,1300,"sd","10:26:51",206600
85.2,0,700,"sd","10:26:47",205300
85.2,0,700,"bu","10:26:23",204600
85.1,-0.1,6000,"sd","10:26:19",203900
85.1,-0.1,2400,"sd","10:26:18",197900
85.1,-0.1,5000,"sd","10:26:18",195500
85.2,0,1600,"sd","10:26:10",190500
85.2,0,700,"sd","10:26:01",188900
85.2,0,800,"sd","10:25:18",188200
85.2,0,600,"sd","10:25:15",187400
85.2,0,300,"sd","10:24:33",186800
85.2,0,400,"sd","10:24:32",186500
85.2,0,1300,"sd","10:24:24",186100
85.2,0,700,"sd","10:24:24",184800
85.2,0,200,"sd","10:24:18",184100
85.2,0,100,"sd","10:24:13",183900
85.2,0,600,"sd","10:23:45",183800
85.2,0,100,"sd","10:23:44",183200
85.2,0,300,"sd","10:23:18",183100
85.2,0,600,"sd","10:23:03",182800
85.2,0,600,"sd","10:22:21",182200
85.2,0,200,"sd","10:22:18",181600
85.2,0,700,"sd","10:21:39",181400
85.2,0,300,"sd","10:21:18",180700
85.2,0,600,"sd","10:20:56",180400
85.2,0,500,"sd","10:20:35",179800
85.2,0,100,"sd","10:20:18",179300
85.2,0,600,"sd","10:19:27",179200
85.2,0,200,"sd","10:19:18",178600
85.3,0.1,100,"bu","10:18:45",178400
85.2,0,600,"sd","10:18:43",178300
85.3,0.1,100,"bu","10:16:11",177700
85.2,0,1700,"sd","10:15:18",177600
85.3,0.1,300,"bu","10:15:02",175900
85.3,0.1,2000,"bu","10:14:43",175600
85.3,0.1,400,"bu","10:14:39",173600
85.3,0.1,2000,"bu","10:14:26",173200
85.3,0.1,2000,"bu","10:14:18",171200
85.1,-0.1,2400,"sd","10:14:18",169200
85.3,0.1,200,"bu","10:14:14",166800
85.3,0.1,3400,"bu","10:14:14",166600
85.3,0.1,1000,"bu","10:14:02",163200
85.2,0,1000,"bu","10:13:56",162200
85.2,0,1000,"bu","10:13:54",161200
85.3,0.1,2000,"bu","10:13:45",160200
85.3,0.1,1000,"bu","10:13:33",158200
85.2,0,200,"sd","10:13:18",157200
85.2,0,800,"bu","10:12:39",157000
85.1,-0.1,100,"sd","10:12:18",156200
85.1,-0.1,100,"sd","10:11:18",156100
85.2,0,100,"bu","10:11:07",156000
85.2,0,100,"bu","10:10:59",155900
85.1,-0.1,200,"sd","10:10:18",155800
85.2,0,1000,"sd","10:10:10",155600
85.2,0,100,"sd","10:09:18",154600
85.2,0,500,"bu","10:09:01",154500
85.1,-0.1,200,"sd","10:08:18",154000
85.2,0,500,"bu","10:07:41",153800
85.1,-0.1,100,"sd","10:06:35",153300
85.1,-0.1,1000,"sd","10:05:18",153200
85.1,-0.1,1600,"sd","10:05:18",152200
85.1,-0.1,7000,"sd","10:04:21",150600
85.1,-0.1,3500,"sd","10:04:21",143600
85.1,-0.1,200,"sd","10:03:18",140100
85.3,0.1,700,"bu","10:03:14",139500
85.2,0,1600,"bu","10:03:14",138800
85.2,0,500,"bu","10:02:57",137200
85.2,0,100,"sd","10:01:18",136700
85.2,0,100,"sd","10:00:53",136600
85.2,0,500,"sd","10:00:26",136500
85.2,0,2500,"sd","10:00:22",136000
85.2,0,2800,"sd","10:00:18",133500
85.2,0,1400,"sd","10:00:14",130700
85.2,0,600,"sd","10:00:13",129300
85.2,0,9000,"sd","09:59:32",128700
85.2,0,800,"sd","09:58:17",119700
85.3,0.1,200,"bu","09:58:09",118900
85.3,0.1,900,"bu","09:58:08",118700
85.2,0,700,"sd","09:57:54",117800
85.2,0,1300,"sd","09:57:54",117100
85.2,0,100,"sd","09:56:18",115800
85.3,0.1,500,"bu","09:56:05",115700
85.2,0,900,"sd","09:55:17",115200
85.2,0,100,"sd","09:55:10",114300
85.2,0,2000,"sd","09:54:36",114200
85.2,0,1500,"sd","09:54:20",112200
85.2,0,100,"sd","09:54:17",110700
85.2,0,100,"sd","09:53:57",110600
85.3,0.1,500,"bu","09:53:35",110500
85.2,0,200,"sd","09:50:17",110000
85.3,0.1,100,"bu","09:49:57",109800
85.3,0.1,500,"bu","09:49:23",109700
85.2,0,100,"sd","09:49:17",109200
85.3,0.1,500,"bu","09:49:04",109100
85.2,0,800,"sd","09:48:17",108600
85.2,0,3000,"sd","09:47:34",107800
85.2,0,700,"sd","09:47:17",104800
85.2,0,1100,"sd","09:46:55",104100
85.2,0,900,"sd","09:46:55",103000
85.2,0,1000,"sd","09:46:23",102100
85.2,0,300,"sd","09:45:17",101100
85.2,0,1000,"sd","09:44:45",100800
85.2,0,200,"sd","09:44:17",99800
85.3,0.1,500,"bu","09:43:53",99600
85.2,0,100,"sd","09:43:44",99100
85.2,0,200,"sd","09:43:32",99000
85.2,0,100,"sd","09:42:53",98800
85.2,0,200,"sd","09:41:17",98700
85.3,0.1,700,"bu","09:41:14",98500
85.2,0,500,"sd","09:39:17",97800
85.2,0,500,"sd","09:38:37",97300
85.2,0,500,"sd","09:38:27",96800
85.2,0,500,"sd","09:38:21",96300
85.3,0.1,1400,"sd","09:38:17",95800
85.3,0.1,500,"sd","09:38:06",94400
85.3,0.1,100,"sd","09:38:01",93900
85.3,0.1,500,"sd","09:38:01",93800
85.3,0.1,2000,"sd","09:37:59",93300
85.3,0.1,500,"sd","09:37:56",91300
85.3,0.1,1100,"sd","09:37:49",90800
85.3,0.1,500,"sd","09:37:44",89700
85.3,0.1,500,"sd","09:37:38",89200
85.3,0.1,500,"sd","09:37:29",88700
85.3,0.1,2800,"sd","09:37:17",88200
85.3,0.1,1000,"sd","09:37:15",85400
85.3,0.1,500,"sd","09:37:13",84400
85.3,0.1,1000,"sd","09:37:10",83900
85.3,0.1,700,"bu","09:37:08",82900
85.2,0,500,"sd","09:37:07",82200
85.2,0,500,"sd","09:37:02",81700
85.3,0.1,400,"bu","09:36:57",81200
85.2,0,500,"sd","09:36:41",80800
85.3,0.1,6000,"bu","09:36:38",80300
85.2,0,100,"sd","09:36:17",74300
85.2,0,500,"sd","09:36:03",74200
85.2,0,600,"sd","09:35:17",73700
85.2,0,500,"sd","09:35:04",73100
85.2,0,500,"sd","09:34:42",72600
85.2,0,500,"sd","09:34:34",72100
85.2,0,500,"sd","09:34:31",71600
85.2,0,500,"sd","09:34:20",71100
85.2,0,800,"sd","09:34:17",70600
85.2,0,500,"sd","09:34:16",69800
85.3,0.1,100,"bu","09:32:50",69300
85.3,0.1,200,"sd","09:32:17",69200
85.3,0.1,500,"sd","09:31:55",69000
85.3,0.1,3000,"sd","09:31:47",68500
85.3,0.1,500,"sd","09:31:28",65500
85.3,0.1,300,"sd","09:30:17",65000
85.3,0.1,300,"sd","09:30:06",64700
85.3,0.1,700,"bu","09:29:54",64400
85.3,0.1,200,"sd","09:29:25",63700
85.3,0.1,400,"sd","09:29:17",63500
85.3,0.1,1000,"bu","09:28:57",63100
85.3,0.1,500,"bu","09:28:38",62100
85.2,0,100,"sd","09:28:17",61600
85.3,0.1,500,"bu","09:27:32",61500
85.2,0,1300,"sd","09:27:17",61000
85.2,0,1500,"sd","09:27:14",59700
85.2,0,100,"sd","09:26:54",58200
85.4,0.2,500,"bu","09:26:53",58100
85.2,0,100,"sd","09:26:36",57100
85.2,0,200,"sd","09:26:33",57000
85.4,0.2,800,"sd","09:25:17",56800
85.5,0.3,1000,"bu","09:24:50",56000
85.4,0.2,300,"sd","09:24:50",55000
85.3,0.1,1000,"sd","09:24:40",54700
85.3,0.1,500,"sd","09:24:39",53700
85.3,0.1,2100,"sd","09:24:28",53200
85.4,0.2,2900,"sd","09:24:28",51100
85.4,0.2,500,"sd","09:24:17",48200
85.4,0.2,700,"sd","09:24:16",47700
85.4,0.2,1000,"bu","09:23:50",47000
85.3,0.1,200,"sd","09:23:44",46000
85.3,0.1,400,"bu","09:23:18",45800
85.3,0.1,100,"sd","09:23:17",45400
85.3,0.1,1600,"bu","09:23:16",45300
85.3,0.1,100,"bu","09:23:15",43700
85.3,0.1,100,"bu","09:23:11",43600
85.3,0.1,100,"bu","09:22:34",43500
85.3,0.1,100,"bu","09:22:23",43400
85.3,0.1,200,"bu","09:22:18",43300
85.2,0,200,"sd","09:22:17",43100
85.3,0.1,400,"bu","09:22:00",42900
85.3,0.1,500,"bu","09:21:18",42500
85.2,0,3900,"sd","09:21:17",42000
85.3,0.1,100,"bu","09:21:08",38100
85.2,0,500,"sd","09:20:56",38000
85.2,0,100,"sd","09:20:53",37500
85.2,0,11600,"bu","09:20:30",37400
85.1,-0.1,3000,"sd","09:20:28",25800
85.1,-0.1,1400,"sd","09:20:17",22800
85.1,-0.1,2000,"sd","09:20:01",21400
85.1,-0.1,700,"sd","09:19:44",19400
85.1,-0.1,200,"sd","09:19:22",18700
85.1,-0.1,3000,"sd","09:19:18",18500
85.1,-0.1,100,"sd","09:19:17",15500
85.2,0,200,"bu","09:19:14",15400
85.1,-0.1,100,"sd","09:18:17",15200
85.1,-0.1,200,"bu","09:17:20",15100
85.1,-0.1,1500,"bu","09:17:17",14900
85.1,-0.1,1700,"sd","09:16:17",13400
85.2,0,100,"bu","09:15:43",11700
85.2,0,11600,"","09:15:03",11600
