"price","change","match_qtty","side","time","total_vol"
26.3,-0.3,1700,"bu","14:59:34",909700
26.2,-0.4,3800,"sd","14:59:32",908000
26.3,-0.3,900,"bu","14:59:02",904200
26.2,-0.4,500,"sd","14:58:38",903300
26.3,-0.3,500,"bu","14:58:30",902800
26.2,-0.4,1000,"sd","14:56:42",902300
26.3,-0.3,500,"bu","14:56:36",901300
26.2,-0.4,700,"sd","14:56:26",900800
26.3,-0.3,100,"bu","14:56:24",900100
26.3,-0.3,500,"bu","14:56:05",900000
26.3,-0.3,1000,"bu","14:55:13",899500
26.3,-0.3,400,"bu","14:53:41",898500
26.3,-0.3,1300,"bu","14:53:16",898100
26.2,-0.4,1200,"sd","14:52:17",896800
26.2,-0.4,5000,"sd","14:51:50",895600
26.3,-0.3,200,"bu","14:51:44",890600
26.2,-0.4,100,"bu","14:51:10",890400
26.2,-0.4,500,"bu","14:51:02",890300
26.2,-0.4,100,"bu","14:51:00",889800
26.2,-0.4,1100,"bu","14:50:22",889700
26.2,-0.4,3200,"bu","14:50:13",888600
26.2,-0.4,5000,"sd","14:49:53",885400
26.2,-0.4,3500,"sd","14:49:26",880400
26.2,-0.4,3500,"sd","14:48:44",876900
26.2,-0.4,8000,"sd","14:48:36",873400
26.3,-0.3,100,"","14:48:32",865400
26.2,-0.4,5300,"sd","14:48:09",865300
26.3,-0.3,500,"bu","14:48:01",860000
26.3,-0.3,600,"bu","14:47:38",859500
26.3,-0.3,500,"bu","14:47:37",858900
26.3,-0.3,100,"sd","14:47:25",858400
26.3,-0.3,300,"bu","14:46:22",858300
26.3,-0.3,500,"bu","14:46:15",858000
26.3,-0.3,100,"","14:44:42",857500
26.3,-0.3,2500,"","14:43:36",857400
26.3,-0.3,300,"bu","14:42:56",854900
26.3,-0.3,100,"bu","14:42:09",854600
26.3,-0.3,1000,"bu","14:41:03",854500
26.3,-0.3,100,"sd","14:40:14",853500
26.3,-0.3,1300,"sd","14:40:10",853400
26.3,-0.3,1500,"bu","14:39:56",852100
26.3,-0.3,500,"sd","14:39:35",850600
26.3,-0.3,3800,"sd","14:38:13",850100
26.3,-0.3,100,"sd","14:34:27",846300
26.3,-0.3,200,"sd","14:33:10",846200
26.3,-0.3,1700,"sd","14:30:50",846000
26.3,-0.3,100,"bu","14:30:48",844300
26.3,-0.3,1400,"bu","14:30:36",844200
26.3,-0.3,600,"sd","14:30:07",842800
26.3,-0.3,800,"bu","14:29:59",842200
26.3,-0.3,1000,"bu","14:29:52",841400
26.3,-0.3,200,"bu","14:29:51",840400
26.3,-0.3,100,"bu","14:29:28",840200
26.3,-0.3,4300,"bu","14:29:10",840100
26.2,-0.4,10000,"sd","14:27:53",835800
26.2,-0.4,2000,"","14:27:36",825800
26.2,-0.4,1000,"bu","14:27:31",823800
26.2,-0.4,300,"bu","14:27:30",822800
26.2,-0.4,4000,"bu","14:27:29",822500
26.2,-0.4,100,"bu","14:27:28",818500
26.2,-0.4,500,"bu","14:27:27",818400
26.2,-0.4,500,"bu","14:27:23",817900
26.2,-0.4,200,"bu","14:27:18",817400
26.2,-0.4,500,"bu","14:27:13",817200
26.2,-0.4,10000,"bu","14:27:12",816700
26.2,-0.4,300,"bu","14:27:01",806700
26.1,-0.5,500,"sd","14:26:56",806400
26.1,-0.5,4000,"sd","14:26:38",805900
26.2,-0.4,200,"bu","14:26:21",801900
26.2,-0.4,100,"bu","14:25:54",801700
26.1,-0.5,4000,"sd","14:25:50",801600
26.2,-0.4,9000,"bu","14:25:41",797600
26.2,-0.4,2800,"bu","14:25:26",788600
26.2,-0.4,10000,"sd","14:25:24",785800
26.2,-0.4,4000,"sd","14:25:20",775800
26.2,-0.4,20000,"sd","14:25:18",771800
26.2,-0.4,500,"sd","14:25:14",751800
26.2,-0.4,4000,"sd","14:25:11",751300
26.2,-0.4,500,"sd","14:25:06",747300
26.2,-0.4,4000,"sd","14:25:05",746800
26.2,-0.4,1000,"sd","14:25:03",742800
26.2,-0.4,1000,"sd","14:24:48",741800
26.2,-0.4,1000,"sd","14:24:32",740800
26.2,-0.4,1000,"sd","14:24:28",739800
26.2,-0.4,2000,"sd","14:24:27",738800
26.2,-0.4,600,"sd","14:24:24",736800
26.2,-0.4,100,"sd","14:24:18",736200
26.2,-0.4,5000,"sd","14:23:53",736100
26.3,-0.3,200,"bu","14:23:01",731100
26.3,-0.3,300,"sd","14:22:33",730900
26.3,-0.3,2000,"bu","14:22:32",730600
26.3,-0.3,1000,"bu","14:22:22",728600
26.2,-0.4,10000,"sd","14:22:15",727600
26.3,-0.3,100,"bu","14:22:14",717600
26.2,-0.4,15000,"sd","14:22:08",717500
26.3,-0.3,2800,"bu","14:22:06",702500
26.3,-0.3,2200,"sd","14:22:01",699700
26.3,-0.3,1000,"bu","14:21:43",697500
26.3,-0.3,300,"sd","14:21:33",696500
26.3,-0.3,100,"sd","14:21:04",696200
26.3,-0.3,1900,"bu","14:20:24",696100
26.3,-0.3,1000,"sd","14:20:02",694200
26.3,-0.3,5000,"sd","14:19:57",693200
26.3,-0.3,5000,"sd","14:19:50",688200
26.3,-0.3,100,"sd","14:19:30",683200
26.3,-0.3,1000,"sd","14:18:46",683100
26.3,-0.3,1000,"sd","14:18:26",682100
26.4,-0.2,800,"bu","14:17:41",681100
26.3,-0.3,200,"sd","14:17:28",680300
26.3,-0.3,5000,"sd","14:16:26",680100
26.3,-0.3,200,"sd","14:15:50",675100
26.3,-0.3,500,"sd","14:14:57",674900
26.3,-0.3,300,"sd","14:14:45",674400
26.3,-0.3,3900,"sd","14:14:33",674100
26.3,-0.3,11100,"sd","14:14:22",670200
26.3,-0.3,100,"sd","14:12:31",659100
26.3,-0.3,400,"sd","14:12:25",659000
26.3,-0.3,500,"sd","14:11:55",658600
26.3,-0.3,300,"sd","14:11:34",658100
26.3,-0.3,300,"sd","14:11:30",657800
26.3,-0.3,4000,"sd","14:11:15",657500
26.3,-0.3,1200,"sd","14:11:00",653500
26.3,-0.3,200,"bu","14:10:55",652300
26.2,-0.4,5500,"sd","14:10:52",652100
26.3,-0.3,1000,"bu","14:10:51",646600
26.3,-0.3,800,"bu","14:10:42",645600
26.3,-0.3,1000,"bu","14:10:40",644800
26.3,-0.3,500,"bu","14:10:38",643800
26.3,-0.3,2000,"bu","14:10:33",643300
26.3,-0.3,500,"bu","14:10:31",641300
26.3,-0.3,8000,"bu","14:10:29",640800
26.3,-0.3,100,"bu","14:10:20",632800
26.3,-0.3,1200,"bu","14:10:09",632700
26.2,-0.4,2000,"sd","14:10:07",631500
26.2,-0.4,100,"sd","14:10:06",629500
26.3,-0.3,500,"bu","14:10:03",629400
26.3,-0.3,600,"bu","14:09:58",628900
26.3,-0.3,2000,"sd","14:09:57",628300
26.3,-0.3,100,"sd","14:09:33",626300
26.3,-0.3,100,"sd","14:09:27",626200
26.3,-0.3,100,"sd","14:09:21",626100
26.3,-0.3,2000,"sd","14:09:18",626000
26.3,-0.3,53000,"sd","14:09:00",624000
26.3,-0.3,15000,"sd","14:08:49",571000
26.3,-0.3,1000,"sd","14:08:43",556000
26.4,-0.2,500,"bu","14:08:04",555000
26.4,-0.2,100,"bu","14:07:26",554500
26.4,-0.2,4100,"bu","14:05:58",554400
26.4,-0.2,6000,"sd","14:05:53",550300
26.4,-0.2,5000,"sd","14:05:49",544300
26.4,-0.2,15000,"sd","14:05:47",539300
26.4,-0.2,6000,"sd","14:05:31",524300
26.4,-0.2,100,"sd","14:05:07",518300
26.4,-0.2,3000,"sd","14:05:06",518200
26.4,-0.2,1000,"sd","14:03:43",515200
26.4,-0.2,600,"sd","14:03:28",514200
26.4,-0.2,2000,"sd","14:03:11",513600
26.4,-0.2,3000,"sd","14:01:26",511600
26.4,-0.2,100,"sd","14:00:23",508600
26.4,-0.2,1000,"sd","13:59:55",508500
26.4,-0.2,2000,"sd","13:59:18",507500
26.4,-0.2,1000,"sd","13:57:23",505500
26.4,-0.2,1000,"sd","13:57:06",504500
26.4,-0.2,1100,"sd","13:56:26",503500
26.4,-0.2,1000,"sd","13:56:09",502400
26.5,-0.1,100,"bu","13:55:38",501400
26.5,-0.1,100,"bu","13:54:28",501300
26.5,-0.1,6000,"bu","13:53:02",501200
26.4,-0.2,500,"sd","13:53:01",495200
26.4,-0.2,1000,"sd","13:52:59",494700
26.4,-0.2,800,"sd","13:52:47",493700
26.4,-0.2,1000,"sd","13:52:17",492900
26.4,-0.2,1000,"sd","13:51:49",491900
26.4,-0.2,1000,"sd","13:50:57",490900
26.4,-0.2,1000,"sd","13:50:20",489900
26.4,-0.2,2000,"sd","13:49:49",488900
26.4,-0.2,1000,"sd","13:49:08",486900
26.4,-0.2,600,"sd","13:48:36",485900
26.4,-0.2,2000,"sd","13:48:16",485300
26.4,-0.2,2000,"sd","13:42:29",483300
26.5,-0.1,100,"bu","13:39:32",481300
26.4,-0.2,100,"sd","13:38:47",481200
26.4,-0.2,500,"sd","13:38:28",481100
26.4,-0.2,100,"sd","13:37:44",480600
26.4,-0.2,500,"sd","13:37:43",480500
26.4,-0.2,100,"sd","13:36:26",480000
26.5,-0.1,2000,"bu","13:31:58",479900
26.5,-0.1,2900,"sd","13:31:17",477900
26.5,-0.1,1300,"sd","13:31:11",475000
26.5,-0.1,1000,"sd","13:31:08",473700
26.5,-0.1,1000,"sd","13:31:05",472700
26.5,-0.1,10000,"sd","13:30:44",471700
26.5,-0.1,1000,"sd","13:30:22",461700
26.5,-0.1,600,"sd","13:29:22",460700
26.5,-0.1,300,"sd","13:28:48",460100
26.5,-0.1,13700,"sd","13:27:19",459800
26.5,-0.1,1000,"bu","13:26:41",446100
26.5,-0.1,200,"bu","13:26:07",445100
26.5,-0.1,100,"bu","13:26:01",444900
26.5,-0.1,200,"bu","13:24:16",444800
26.5,-0.1,2800,"bu","13:23:55",444600
26.5,-0.1,100,"sd","13:23:25",441800
26.5,-0.1,10000,"sd","13:23:16",441700
26.5,-0.1,300,"sd","13:23:07",431700
26.5,-0.1,100,"sd","13:22:43",431400
26.5,-0.1,1000,"sd","13:22:34",431300
26.5,-0.1,10000,"sd","13:22:31",430300
26.5,-0.1,1000,"sd","13:21:53",420300
26.5,-0.1,5000,"sd","13:20:26",419300
26.5,-0.1,500,"sd","13:18:34",414300
26.5,-0.1,2300,"sd","13:18:10",413800
26.6,0,700,"bu","13:16:19",411500
26.5,-0.1,17200,"bu","13:16:07",410800
26.4,-0.2,1100,"sd","13:15:16",393600
26.4,-0.2,2000,"sd","13:15:07",392500
26.4,-0.2,1800,"sd","13:14:57",390500
26.4,-0.2,200,"sd","13:12:47",388700
26.4,-0.2,18100,"bu","13:12:45",388500
26.3,-0.3,30000,"sd","13:12:38",370400
26.4,-0.2,7200,"bu","13:12:23",340400
26.4,-0.2,500,"bu","13:11:39",333200
26.4,-0.2,2200,"bu","13:11:30",332700
26.4,-0.2,500,"sd","13:10:34",330500
26.4,-0.2,1900,"bu","13:10:09",330000
26.4,-0.2,2500,"bu","13:09:58",328100
26.4,-0.2,600,"sd","13:09:48",325600
26.4,-0.2,100,"sd","13:09:33",325000
26.4,-0.2,100,"sd","13:09:21",324900
26.4,-0.2,200,"sd","13:08:14",324800
26.4,-0.2,100,"bu","13:07:22",324600
26.4,-0.2,500,"bu","13:07:21",324500
26.4,-0.2,100,"bu","13:07:09",324000
26.4,-0.2,1000,"bu","13:07:02",323900
26.4,-0.2,2000,"bu","13:06:58",322900
26.4,-0.2,2000,"bu","13:06:56",320900
26.4,-0.2,1500,"bu","13:06:47",318900
26.4,-0.2,100,"bu","13:06:29",317400
26.3,-0.3,1200,"sd","13:05:18",317300
26.3,-0.3,1500,"sd","13:04:43",316100
26.3,-0.3,1000,"sd","13:04:23",314600
26.4,-0.2,500,"bu","13:04:19",313600
26.4,-0.2,2800,"bu","13:03:45",313100
26.4,-0.2,800,"sd","13:03:04",310300
26.4,-0.2,1000,"bu","13:02:52",309500
26.4,-0.2,1100,"bu","13:01:57",308500
26.4,-0.2,2000,"sd","13:00:34",307400
26.4,-0.2,10000,"sd","13:00:23",305400
26.4,-0.2,7600,"sd","13:00:04",295400
26.4,-0.2,2200,"sd","13:00:02",287800
26.4,-0.2,500,"sd","11:29:39",285600
26.4,-0.2,1000,"sd","11:23:38",285100
26.4,-0.2,100,"sd","11:22:23",284100
26.4,-0.2,1000,"sd","11:20:42",284000
26.4,-0.2,10000,"sd","11:20:29",283000
26.4,-0.2,5000,"sd","11:20:13",273000
26.4,-0.2,5000,"sd","11:19:45",268000
26.4,-0.2,5000,"sd","11:18:47",263000
26.4,-0.2,400,"sd","11:16:27",258000
26.4,-0.2,2000,"sd","11:16:13",257600
26.5,-0.1,500,"bu","11:15:49",255600
26.5,-0.1,1500,"sd","11:14:18",255100
26.5,-0.1,300,"sd","11:13:48",253600
26.5,-0.1,1500,"sd","11:13:39",253300
26.5,-0.1,1700,"sd","11:13:19",251800
26.5,-0.1,200,"","11:10:06",250100
26.5,-0.1,800,"sd","11:09:37",249900
26.5,-0.1,200,"bu","11:09:24",249100
26.5,-0.1,2500,"","11:08:58",248900
26.5,-0.1,5000,"sd","11:08:17",246400
26.5,-0.1,2100,"sd","11:08:13",241400
26.5,-0.1,2000,"sd","11:05:01",239300
26.5,-0.1,10000,"sd","11:04:45",237300
26.5,-0.1,3000,"sd","11:01:12",227300
26.6,0,200,"bu","10:59:58",224300
26.6,0,1000,"bu","10:57:54",224100
26.6,0,200,"bu","10:57:31",223100
26.6,0,1000,"bu","10:57:28",222900
26.6,0,100,"bu","10:57:04",221900
26.6,0,900,"sd","10:56:42",221800
26.5,-0.1,500,"sd","10:56:41",220900
26.6,0,1100,"bu","10:56:30",220400
26.6,0,2000,"sd","10:56:09",219300
26.6,0,1000,"sd","10:56:08",217300
26.6,0,2000,"sd","10:55:39",216300
26.6,0,5000,"sd","10:55:33",214300
26.6,0,1000,"sd","10:54:12",209300
26.6,0,4200,"sd","10:53:32",208300
26.6,0,1000,"bu","10:52:44",204100
26.6,0,2000,"bu","10:52:42",203100
26.6,0,300,"bu","10:52:25",201100
26.6,0,5000,"bu","10:52:16",200800
26.6,0,5000,"bu","10:52:11",195800
26.6,0,300,"bu","10:52:09",190800
26.6,0,400,"bu","10:51:56",190500
26.6,0,5000,"bu","10:51:52",190100
26.6,0,4000,"bu","10:51:51",185100
26.6,0,10000,"bu","10:51:36",181100
26.6,0,25000,"bu","10:51:17",171100
26.5,-0.1,100,"sd","10:42:38",146100
26.6,0,3000,"bu","10:37:55",146000
26.6,0,100,"bu","10:36:01",143000
26.6,0,600,"bu","10:35:40",142900
26.5,-0.1,1000,"sd","10:33:50",142300
26.5,-0.1,500,"sd","10:30:37",141300
26.5,-0.1,1800,"sd","10:29:46",140800
26.5,-0.1,100,"sd","10:28:01",139000
26.5,-0.1,300,"sd","10:27:57",138900
26.5,-0.1,1000,"sd","10:27:16",138600
26.5,-0.1,2000,"sd","10:24:29",137600
26.5,-0.1,1100,"sd","10:23:28",135600
26.5,-0.1,1400,"bu","10:23:25",134500
26.5,-0.1,1600,"sd","10:23:23",133100
26.5,-0.1,1200,"bu","10:23:18",131500
26.5,-0.1,1000,"bu","10:23:09",130300
26.5,-0.1,5000,"bu","10:23:07",129300
26.5,-0.1,5000,"bu","10:22:05",124300
26.5,-0.1,200,"bu","10:18:34",119300
26.5,-0.1,1000,"bu","10:17:22",119100
26.5,-0.1,1500,"bu","10:15:08",118100
26.5,-0.1,400,"bu","10:14:22",116600
26.4,-0.2,1000,"sd","10:11:44",116200
26.5,-0.1,1000,"bu","10:11:24",115200
26.4,-0.2,1000,"sd","10:09:40",114200
26.4,-0.2,1000,"sd","10:09:35",113200
26.4,-0.2,100,"sd","10:07:44",112200
26.4,-0.2,2600,"sd","10:05:36",112100
26.4,-0.2,2000,"sd","09:59:15",109500
26.4,-0.2,300,"sd","09:58:23",107500
26.4,-0.2,3400,"sd","09:57:18",107200
26.4,-0.2,35000,"sd","09:57:10",103800
26.5,-0.1,5500,"sd","09:54:21",68800
26.5,-0.1,2000,"sd","09:54:11",63300
26.5,-0.1,4000,"sd","09:53:36",61300
26.5,-0.1,100,"sd","09:53:14",57300
26.5,-0.1,2500,"sd","09:52:31",57200
26.5,-0.1,5000,"sd","09:52:06",54700
26.5,-0.1,1000,"sd","09:51:47",49700
26.5,-0.1,200,"sd","09:51:34",48700
26.5,-0.1,100,"sd","09:51:21",48500
26.5,-0.1,100,"sd","09:51:16",48400
26.5,-0.1,1900,"sd","09:50:30",48300
26.5,-0.1,7000,"sd","09:50:18",46400
26.5,-0.1,500,"sd","09:49:06",39400
26.5,-0.1,200,"sd","09:48:50",38900
26.5,-0.1,400,"sd","09:48:27",38700
26.5,-0.1,2000,"sd","09:48:16",38300
26.5,-0.1,100,"sd","09:46:13",36300
26.5,-0.1,500,"","09:44:28",36200
26.5,-0.1,900,"","09:43:43",35700
26.5,-0.1,10000,"sd","09:43:31",34800
26.5,-0.1,200,"sd","09:42:00",24800
26.5,-0.1,500,"sd","09:40:08",24600
26.5,-0.1,500,"sd","09:40:02",24100
26.4,-0.2,3500,"sd","09:37:58",23600
26.5,-0.1,500,"bu","09:37:07",20100
26.5,-0.1,600,"sd","09:36:46",19600
26.5,-0.1,500,"sd","09:35:28",19000
26.5,-0.1,2400,"sd","09:34:10",18500
26.5,-0.1,500,"bu","09:32:48",16100
26.5,-0.1,700,"bu","09:32:31",15600
26.5,-0.1,300,"bu","09:32:08",14900
26.5,-0.1,1000,"bu","09:31:27",14600
26.5,-0.1,1000,"bu","09:31:19",13600
26.5,-0.1,100,"sd","09:29:59",12600
26.5,-0.1,700,"sd","09:29:26",12500
26.5,-0.1,200,"sd","09:26:53",11800
26.5,-0.1,2000,"","09:24:13",11600
26.4,-0.2,100,"bu","09:21:29",9600
26.4,-0.2,1900,"sd","09:21:22",9500
26.4,-0.2,1000,"sd","09:20:17",7600
26.4,-0.2,3000,"sd","09:20:11",6600
26.6,0,300,"bu","09:16:17",3600
26.6,0,1800,"bu","09:14:21",3300
26.7,0.1,500,"bu","09:10:42",1500
26.6,0,900,"sd","09:08:00",1000
26.6,0,100,"bu","09:07:10",100
