"price","change","match_qtty","side","time","total_vol"
16350.000000000002,0,14300,"bu","09:15:04",14300
16300,-50,5000,"bu","09:15:54",19300
16300,-50,1000,"sd","09:16:15",20300
16300,-50,1500,"bu","09:17:34",21800
16300,-50,3000,"sd","09:17:58",24800
16300,-50,100,"sd","09:18:04",24900
16300,-50,5000,"sd","09:18:05",29900
16300,-50,600,"sd","09:18:06",30500
16300,-50,200,"bu","09:18:59",30700
16300,-50,100,"sd","09:19:16",30800
16300,-50,1500,"sd","09:19:58",32300
16250,-100,1000,"sd","09:20:09",33300
16200,-150,5000,"bu","09:20:31",38300
16200,-150,2000,"bu","09:21:31",40300
16200,-150,300,"sd","09:21:39",40600
16200,-150,700,"sd","09:21:43",41300
16200,-150,2000,"sd","09:22:28",43300
16200,-150,200,"sd","09:22:29",43500
16200,-150,900,"sd","09:22:41",44400
16200,-150,1000,"bu","09:23:13",45400
16200,-150,1000,"bu","09:23:22",46400
16149.999999999998,-200,1400,"bu","09:23:37",47800
16200,-150,900,"bu","09:23:39",48700
16200,-150,100,"bu","09:23:44",48800
16200,-150,200,"bu","09:23:49",49000
16200,-150,800,"sd","09:23:50",49800
16200,-150,200,"bu","09:23:51",50000
16200,-150,1000,"bu","09:23:55",51000
16200,-150,2000,"sd","09:24:04",53000
16200,-150,300,"sd","09:24:04",53300
16200,-150,100,"sd","09:24:36",53400
16300,-50,3000,"bu","09:26:13",56400
16300,-50,200,"sd","09:26:28",56600
16300,-50,1700,"bu","09:26:29",58300
16350.000000000002,0,600,"sd","09:26:57",58900
16300,-50,800,"bu","09:27:14",59700
16350.000000000002,0,5800,"bu","09:27:18",65500
16300,-50,2000,"bu","09:27:49",67500
16300,-50,300,"sd","09:29:12",67800
16300,-50,1000,"sd","09:30:27",68800
16300,-50,500,"sd","09:30:53",69300
16300,-50,600,"sd","09:31:17",69900
16350.000000000002,0,1000,"sd","09:31:58",70900
16400,50,400,"sd","09:32:06",71300
16400,50,10000,"bu","09:32:44",81300
16400,50,200,"sd","09:33:15",81500
16350.000000000002,0,3800,"bu","09:34:08",85300
16400,50,100,"bu","09:34:24",85400
16400,50,3000,"bu","09:34:31",88400
16400,50,3400,"bu","09:34:55",91800
16400,50,1600,"bu","09:35:17",93400
16400,50,3000,"bu","09:35:29",96400
16400,50,2000,"bu","09:35:46",98400
16350.000000000002,0,600,"bu","09:36:57",99000
16350.000000000002,0,1000,"sd","09:37:03",100000
16350.000000000002,0,2400,"sd","09:37:13",102400
16300,-50,12000,"bu","09:37:15",114400
16300,-50,1000,"sd","09:38:44",115400
16300,-50,500,"bu","09:39:45",115900
16300,-50,100,"sd","09:40:25",116000
16300,-50,500,"bu","09:41:01",116500
16300,-50,5000,"bu","09:41:17",121500
16300,-50,1000,"bu","09:41:59",122500
16300,-50,400,"sd","09:42:24",122900
16300,-50,500,"sd","09:42:35",123400
16300,-50,1000,"sd","09:43:01",124400
16300,-50,300,"bu","09:43:22",124700
16300,-50,1000,"sd","09:43:28",125700
16300,-50,500,"bu","09:43:29",126200
16300,-50,2000,"bu","09:43:55",128200
16300,-50,300,"bu","09:44:19",128500
16300,-50,800,"bu","09:44:35",129300
16300,-50,500,"sd","09:46:46",129800
16300,-50,200,"sd","09:47:21",130000
16350.000000000002,0,500,"bu","09:47:27",130500
16350.000000000002,0,2700,"sd","09:47:49",133200
16300,-50,300,"bu","09:48:40",133500
16300,-50,1000,"sd","09:49:52",134500
16300,-50,500,"bu","09:50:27",135000
16300,-50,200,"sd","09:50:33",135200
16300,-50,1000,"bu","09:50:35",136200
16300,-50,700,"sd","09:50:39",136900
16300,-50,2300,"bu","09:50:39",139200
16300,-50,1400,"sd","09:50:47",140600
16300,-50,700,"sd","09:52:02",141300
16250,-100,2000,"bu","09:52:40",143300
16250,-100,5000,"bu","09:53:06",148300
16250,-100,200,"bu","09:53:24",148500
16250,-100,1000,"sd","09:53:34",149500
16250,-100,200,"bu","09:53:58",149700
16250,-100,1000,"sd","09:54:08",150700
16250,-100,300,"sd","09:54:16",151000
16250,-100,200,"bu","09:54:24",151200
16250,-100,1000,"sd","09:54:28",152200
16250,-100,400,"bu","09:54:54",152600
16250,-100,300,"bu","09:55:07",152900
16250,-100,200,"bu","09:55:20",153100
16200,-150,7300,"sd","09:56:49",160400
16200,-150,200,"bu","09:57:33",160600
16200,-150,500,"bu","09:57:43",161100
16200,-150,3000,"sd","09:58:04",164100
16200,-150,13700,"bu","09:58:28",177800
16200,-150,2000,"sd","09:58:47",179800
16149.999999999998,-200,1000,"bu","09:59:19",180800
16149.999999999998,-200,300,"bu","09:59:48",181100
16149.999999999998,-200,4200,"bu","10:00:22",185300
16149.999999999998,-200,500,"sd","10:00:23",185800
16149.999999999998,-200,100,"bu","10:00:52",185900
16149.999999999998,-200,8900,"sd","10:01:22",194800
16200,-150,5000,"sd","10:04:19",199800
16200,-150,200,"bu","10:05:25",200000
16200,-150,2200,"sd","10:05:31",202200
16200,-150,1000,"sd","10:06:05",203200
16200,-150,200,"sd","10:06:31",203400
16200,-150,3200,"sd","10:06:54",206600
16200,-150,1200,"sd","10:07:46",207800
16200,-150,6600,"bu","10:08:07",214400
16200,-150,1600,"bu","10:08:22",216000
16149.999999999998,-200,20000,"bu","10:08:32",236000
16200,-150,500,"sd","10:09:35",236500
16200,-150,100,"sd","10:11:11",236600
16250,-100,13400,"sd","10:11:29",250000
16250,-100,5000,"bu","10:12:59",255000
16250,-100,100,"sd","10:13:04",255100
16300,-50,1100,"bu","10:16:09",256200
16300,-50,1500,"sd","10:16:14",257700
16300,-50,5700,"bu","10:16:51",263400
16300,-50,2000,"sd","10:16:56",265400
16300,-50,500,"bu","10:17:00",265900
16300,-50,17700,"bu","10:17:07",283600
16300,-50,2300,"bu","10:17:40",285900
16300,-50,300,"sd","10:17:42",286200
16300,-50,700,"sd","10:17:58",286900
16300,-50,200,"bu","10:18:22",287100
16250,-100,10000,"sd","10:19:00",297100
16300,-50,1100,"sd","10:22:33",298200
16350.000000000002,0,5000,"sd","10:22:50",303200
16300,-50,5000,"sd","10:23:15",308200
16300,-50,500,"bu","10:23:55",308700
16300,-50,3000,"bu","10:24:18",311700
16250,-100,17000,"sd","10:24:53",328700
16350.000000000002,0,100,"bu","10:24:56",328800
16300,-50,1000,"bu","10:25:08",329800
16300,-50,500,"bu","10:25:19",330300
16300,-50,100,"bu","10:25:45",330400
16300,-50,8900,"sd","10:26:28",339300
16250,-100,1100,"bu","10:26:57",340400
16250,-100,10000,"sd","10:28:07",350400
16250,-100,200,"bu","10:28:49",350600
16300,-50,3700,"sd","10:28:56",354300
16300,-50,1500,"sd","10:29:28",355800
16300,-50,300,"bu","10:29:46",356100
16300,-50,100,"bu","10:30:28",356200
16300,-50,7300,"sd","10:31:41",363500
16350.000000000002,0,200,"sd","10:32:52",363700
16300,-50,2100,"sd","10:34:26",365800
16300,-50,100,"sd","10:34:39",365900
16300,-50,400,"bu","10:37:11",366300
16300,-50,1000,"bu","10:37:50",367300
16300,-50,1000,"bu","10:38:45",368300
16300,-50,200,"sd","10:39:04",368500
16300,-50,500,"sd","10:39:20",369000
16300,-50,800,"bu","10:40:45",369800
16300,-50,200,"sd","10:40:46",370000
16300,-50,500,"sd","10:41:54",370500
16300,-50,2000,"bu","10:42:45",372500
16300,-50,1400,"bu","10:43:34",373900
16300,-50,300,"bu","10:44:45",374200
16350.000000000002,0,1000,"bu","10:46:45",375200
16350.000000000002,0,300,"bu","10:49:21",375500
16350.000000000002,0,100,"sd","10:49:39",375600
16350.000000000002,0,3000,"sd","10:50:39",378600
16350.000000000002,0,10000,"sd","10:54:44",388600
16300,-50,500,"bu","10:57:02",389100
16300,-50,100,"sd","10:57:51",389200
16300,-50,1000,"sd","10:58:02",390200
16300,-50,100,"bu","10:58:36",390300
16300,-50,10000,"bu","10:58:41",400300
16300,-50,200,"sd","10:59:30",400500
16300,-50,5200,"sd","11:00:29",405700
16300,-50,1100,"sd","11:02:20",406800
16300,-50,5000,"bu","11:02:40",411800
16300,-50,3500,"bu","11:03:41",415300
16300,-50,100,"sd","11:03:42",415400
16300,-50,300,"sd","11:04:28",415700
16300,-50,9000,"bu","11:06:08",424700
16300,-50,500,"bu","11:09:33",425200
16300,-50,500,"sd","11:11:06",425700
16300,-50,100,"bu","11:12:06",425800
16300,-50,1000,"bu","11:13:49",426800
16300,-50,100,"sd","11:14:40",426900
16250,-100,2700,"sd","11:22:18",429600
16300,-50,18000,"sd","11:22:22",447600
16300,-50,100,"bu","11:22:44",447700
16300,-50,1900,"bu","11:23:14",449600
16300,-50,100,"sd","11:23:17",449700
16300,-50,1100,"bu","11:27:29",450800
16250,-100,10000,"bu","11:28:15",460800
16300,-50,100,"bu","11:28:27",460900
16250,-100,1900,"sd","13:00:21",462800
16250,-100,1000,"bu","13:00:35",464600
16250,-100,500,"bu","13:01:02",465100
16300,-50,700,"sd","13:01:30",465800
16300,-50,500,"sd","13:06:56",466300
16300,-50,100,"sd","13:07:15",466400
16300,-50,500,"bu","13:08:02",466900
16250,-100,500,"sd","13:08:03",467400
16300,-50,400,"sd","13:08:51",467800
16300,-50,100,"bu","13:09:36",467900
16300,-50,700,"sd","13:10:50",468600
16250,-100,25100,"bu","13:10:59",493700
16250,-100,1000,"bu","13:11:05",494700
16250,-100,3500,"bu","13:11:26",498200
16250,-100,500,"bu","13:11:36",498700
16250,-100,200,"sd","13:12:24",498900
16300,-50,100,"bu","13:14:55",499000
16300,-50,1000,"sd","13:15:06",500000
16300,-50,2300,"bu","13:15:16",502300
16300,-50,500,"sd","13:16:51",502800
16300,-50,1000,"sd","13:18:44",503800
16300,-50,300,"bu","13:21:03",504100
16300,-50,1000,"sd","13:21:53",505100
16350.000000000002,0,3700,"bu","13:23:13",508800
16350.000000000002,0,4000,"bu","13:24:30",512800
16350.000000000002,0,800,"bu","13:24:36",513600
16350.000000000002,0,100,"bu","13:24:54",513700
16350.000000000002,0,1000,"sd","13:25:08",514700
16350.000000000002,0,5000,"sd","13:25:48",519700
16350.000000000002,0,3000,"sd","13:25:50",522700
16350.000000000002,0,100,"bu","13:25:59",522800
16350.000000000002,0,5500,"sd","13:26:12",528300
16350.000000000002,0,1000,"bu","13:27:22",529300
16350.000000000002,0,200,"bu","13:28:14",529500
16350.000000000002,0,300,"sd","13:28:51",529800
16350.000000000002,0,4000,"sd","13:29:44",533800
16400,50,10100,"sd","13:30:02",543900
16400,50,15000,"sd","13:30:17",558900
16400,50,13000,"sd","13:30:41",571900
16400,50,2000,"bu","13:31:05",573900
16400,50,5000,"bu","13:31:08",578900
16350.000000000002,0,1100,"sd","13:31:52",580000
16350.000000000002,0,8000,"sd","13:32:04",588000
16350.000000000002,0,2800,"sd","13:32:10",590800
16350.000000000002,0,200,"bu","13:32:29",591000
16350.000000000002,0,2000,"sd","13:32:34",593000
16350.000000000002,0,5900,"sd","13:32:44",598900
16350.000000000002,0,100,"bu","13:33:33",599000
16350.000000000002,0,9200,"bu","13:33:55",608200
16350.000000000002,0,1000,"sd","13:34:57",609200
16350.000000000002,0,300,"sd","13:35:10",609500
16300,-50,4000,"bu","13:36:13",613500
16300,-50,5000,"sd","13:38:53",618500
16300,-50,2000,"sd","13:39:16",620500
16300,-50,100,"bu","13:39:27",620600
16300,-50,4000,"bu","13:41:20",624600
16300,-50,500,"bu","13:46:05",625100
16300,-50,1000,"bu","13:46:37",626100
16300,-50,5300,"sd","13:46:54",631400
16250,-100,500,"sd","13:47:15",631900
16300,-50,1000,"bu","13:47:34",632900
16300,-50,3700,"bu","13:47:59",636600
16300,-50,800,"sd","13:48:32",637400
16350.000000000002,0,100,"bu","13:49:19",637500
16300,-50,6000,"sd","13:50:48",643500
16300,-50,100,"bu","13:51:26",643600
16300,-50,600,"bu","13:54:20",644200
16300,-50,1000,"bu","13:54:32",645200
16300,-50,5000,"sd","13:55:31",650200
16300,-50,10100,"bu","13:55:46",660300
16300,-50,5000,"bu","13:55:59",665300
16300,-50,1000,"bu","13:56:08",666300
16300,-50,1200,"sd","13:56:58",667500
16300,-50,100,"sd","13:57:00",667600
16300,-50,200,"bu","13:57:37",667800
16300,-50,100,"sd","13:58:01",667900
16250,-100,10000,"sd","13:58:47",677900
16250,-100,200,"bu","13:59:14",678100
16250,-100,7400,"bu","13:59:33",685500
16250,-100,100,"sd","13:59:46",685600
16250,-100,1000,"bu","13:59:48",686600
16250,-100,400,"bu","14:00:12",687000
16250,-100,1200,"sd","14:00:14",688200
16250,-100,400,"bu","14:00:24",688600
16250,-100,100,"sd","14:00:29",688700
16250,-100,200,"bu","14:01:02",688900
16300,-50,300,"sd","14:01:14",689200
16300,-50,200,"sd","14:03:27",689400
16250,-100,2500,"sd","14:03:40",691900
16250,-100,1200,"bu","14:04:03",693100
16250,-100,500,"bu","14:04:15",693600
16250,-100,5000,"bu","14:04:18",698600
16250,-100,500,"sd","14:04:22",699100
16250,-100,1200,"bu","14:04:34",700300
16200,-150,500,"sd","14:05:41",700800
16200,-150,4000,"sd","14:05:43",704800
16200,-150,1500,"sd","14:05:51",706300
16149.999999999998,-200,21000,"sd","14:06:00",727300
16100.000000000002,-250,21000,"bu","14:06:06",748300
16100.000000000002,-250,500,"sd","14:06:18",748800
16100.000000000002,-250,1000,"bu","14:06:28",749800
16100.000000000002,-250,3000,"bu","14:06:34",752800
16100.000000000002,-250,200,"bu","14:06:37",753000
16050,-300,19400,"bu","14:07:03",772400
16000,-350,1000,"sd","14:07:18",773400
16050,-300,100,"sd","14:07:23",773500
16050,-300,3000,"sd","14:07:31",776500
16050,-300,100,"bu","14:07:42",776600
16050,-300,35800,"bu","14:07:47",812400
16000,-350,15000,"bu","14:07:53",827400
16000,-350,2000,"sd","14:08:01",829400
15900,-450,9000,"bu","14:08:05",838400
15900,-450,10000,"sd","14:08:37",848400
16000,-350,200,"sd","14:08:39",848600
16000,-350,100,"sd","14:08:43",848700
15900,-450,5000,"sd","14:08:49",853700
15950,-400,1000,"sd","14:08:57",854700
15950,-400,100,"bu","14:08:59",854800
16000,-350,2000,"sd","14:09:01",856800
16000,-350,200,"bu","14:09:06",857000
16000,-350,5000,"sd","14:09:08",862000
16000,-350,900,"sd","14:09:12",862900
16000,-350,5000,"sd","14:09:18",867900
16000,-350,500,"bu","14:09:23",868400
16050,-300,4400,"bu","14:09:59",872800
16100.000000000002,-250,100,"bu","14:10:10",872900
16050,-300,500,"bu","14:10:13",873400
16100.000000000002,-250,700,"bu","14:10:17",874100
16100.000000000002,-250,400,"bu","14:10:23",874500
16149.999999999998,-200,1500,"bu","14:10:45",876000
16149.999999999998,-200,4700,"sd","14:11:18",880700
16149.999999999998,-200,2600,"bu","14:11:43",883300
16149.999999999998,-200,5000,"bu","14:12:22",888300
16250,-100,200,"bu","14:12:26",888500
16250,-100,100,"bu","14:13:07",888600
16250,-100,200,"bu","14:13:23",888800
16200,-150,7600,"sd","14:13:25",896400
16200,-150,100,"bu","14:13:43",896500
16200,-150,300,"bu","14:14:10",896800
16200,-150,1900,"sd","14:14:14",898700
16250,-100,500,"bu","14:14:47",899200
16200,-150,6700,"sd","14:15:18",905900
16200,-150,200,"bu","14:15:32",906100
16200,-150,1000,"bu","14:15:49",907100
16200,-150,3600,"bu","14:15:56",910700
16200,-150,3000,"bu","14:16:11",913700
16200,-150,3100,"bu","14:16:48",916800
16200,-150,300,"sd","14:16:58",917100
16200,-150,100,"bu","14:17:07",917200
16149.999999999998,-200,2100,"sd","14:18:13",919300
16149.999999999998,-200,1000,"bu","14:19:00",920300
16149.999999999998,-200,1100,"bu","14:19:49",921400
16149.999999999998,-200,3100,"sd","14:20:11",924500
16149.999999999998,-200,1000,"bu","14:20:22",925500
16149.999999999998,-200,10900,"bu","14:21:20",936400
16149.999999999998,-200,100,"bu","14:21:24",936500
16149.999999999998,-200,1600,"sd","14:22:13",938100
16100.000000000002,-250,8900,"bu","14:22:16",947000
16050,-300,1300,"sd","14:22:24",948300
16000,-350,9000,"sd","14:22:34",957300
16000,-350,5000,"bu","14:22:50",962300
16000,-350,100,"sd","14:22:53",962400
16000,-350,6500,"bu","14:23:00",968900
16050,-300,200,"bu","14:23:13",969100
16000,-350,15800,"sd","14:23:20",984900
16000,-350,300,"sd","14:23:24",985200
16000,-350,500,"sd","14:23:28",985700
16000,-350,200,"bu","14:23:38",985900
15950,-400,3200,"sd","14:23:58",989100
15950,-400,500,"sd","14:24:03",989600
16000,-350,1000,"sd","14:24:05",990600
16000,-350,100,"bu","14:24:07",990700
15950,-400,3500,"bu","14:24:20",994200
15950,-400,200,"bu","14:24:22",994400
15950,-400,8000,"bu","14:24:25",1002400
15900,-450,2000,"sd","14:24:27",1004400
15800,-550,55700,"bu","14:24:36",1060100
15950,-400,600,"sd","14:24:39",1060700
15900,-450,5400,"sd","14:24:46",1066100
15900,-450,1000,"bu","14:24:49",1067100
15900,-450,1100,"sd","14:24:51",1068200
15850,-500,4600,"sd","14:25:20",1072800
15850,-500,1900,"sd","14:25:25",1074700
15800,-550,4900,"bu","14:25:29",1079600
15850,-500,300,"bu","14:25:31",1079900
15850,-500,1000,"sd","14:25:34",1080900
15850,-500,1200,"sd","14:25:38",1082100
15800,-550,7500,"bu","14:25:47",1089600
15800,-550,42200,"bu","14:25:49",1131800
15800,-550,4000,"sd","14:25:56",1135800
15900,-450,5000,"bu","14:26:01",1140800
15900,-450,1400,"bu","14:26:05",1142200
15950,-400,4700,"bu","14:26:31",1146900
15950,-400,3500,"bu","14:26:34",1150400
16000,-350,5300,"bu","14:26:36",1155700
15950,-400,200,"bu","14:26:41",1155900
15950,-400,800,"bu","14:26:46",1156700
16000,-350,200,"bu","14:26:48",1156900
15950,-400,5300,"bu","14:26:59",1162200
16050,-300,100,"bu","14:27:09",1162300
16000,-350,400,"bu","14:27:21",1162700
15950,-400,9000,"sd","14:27:24",1171700
16000,-350,2200,"sd","14:27:39",1173900
16000,-350,400,"bu","14:27:47",1174300
16000,-350,100,"bu","14:27:50",1174400
16000,-350,3600,"bu","14:27:55",1178000
16000,-350,1400,"sd","14:27:58",1179400
16000,-350,100,"bu","14:28:02",1179500
16000,-350,2000,"sd","14:28:20",1181500
16000,-350,100,"sd","14:28:24",1181600
16050,-300,1500,"sd","14:28:27",1183100
16100.000000000002,-250,100,"sd","14:28:51",1183200
16100.000000000002,-250,500,"sd","14:29:01",1183700
16100.000000000002,-250,6000,"bu","14:29:03",1189700
16100.000000000002,-250,1000,"sd","14:29:09",1190700
16200,-150,100,"sd","14:29:26",1190800
16149.999999999998,-200,200,"sd","14:29:32",1191000
16149.999999999998,-200,600,"bu","14:29:43",1191600
16149.999999999998,-200,5000,"bu","14:29:46",1196600
16149.999999999998,-200,600,"bu","14:29:48",1197200
16149.999999999998,-200,1200,"bu","14:29:51",1198400
16100.000000000002,-250,3100,"bu","14:29:54",1201500
16149.999999999998,-200,700,"sd","14:29:56",1202200
16100.000000000002,-250,4100,"bu","14:30:04",1206300
16200,-150,1400,"bu","14:30:14",1207700
16050,-300,81200,"sd","14:45:08",1288900
