"price","change","match_qtty","side","time","total_vol"
26550,100,48800,"sd","09:15:04",48800
26550,100,2000,"sd","09:15:33",50800
26550,100,3600,"bu","09:15:37",54400
26550,100,1400,"bu","09:15:37",55800
26550,100,1000,"bu","09:15:40",56800
26550,100,4100,"bu","09:15:40",60900
26550,100,1700,"bu","09:16:00",62600
26550,100,500,"sd","09:16:05",63100
26500,50,24700,"bu","09:16:06",87800
26500,50,11100,"sd","09:16:07",98900
26500,50,6100,"sd","09:16:07",105000
26500,50,2000,"bu","09:16:09",107000
26500,50,1000,"bu","09:16:10",108000
26500,50,5000,"sd","09:16:30",113000
26500,50,1000,"sd","09:16:35",114000
26450,0,3000,"bu","09:16:41",117000
26500,50,500,"bu","09:16:42",117500
26500,50,1000,"bu","09:16:52",118500
26500,50,31000,"bu","09:16:54",149500
26450,0,1000,"bu","09:17:00",150500
26450,0,3000,"bu","09:17:15",153500
26450,0,18000,"bu","09:17:25",171500
26450,0,1000,"sd","09:17:29",172500
26450,0,4000,"bu","09:17:30",176500
26450,0,1000,"sd","09:17:32",177500
26450,0,4000,"sd","09:17:35",181500
26450,0,400,"bu","09:17:35",177900
26450,0,4600,"bu","09:17:38",182500
26450,0,1600,"bu","09:17:40",184100
26450,0,200,"bu","09:17:40",184300
26450,0,800,"sd","09:17:41",185100
26450,0,100,"bu","09:17:42",185200
26450,0,300,"bu","09:18:04",185500
26450,0,600,"bu","09:18:04",186100
26450,0,30000,"sd","09:18:11",216100
26450,0,300,"sd","09:18:12",216400
26450,0,600,"sd","09:18:13",217000
26450,0,1000,"sd","09:18:14",218000
26450,0,7000,"bu","09:18:29",225000
26450,0,400,"bu","09:18:40",225400
26450,0,2000,"bu","09:18:41",227400
26450,0,1000,"sd","09:18:42",228400
26450,0,100,"bu","09:18:45",228500
26450,0,500,"bu","09:18:49",229000
26450,0,1800,"bu","09:18:57",230800
26450,0,400,"bu","09:19:01",231200
26450,0,100,"bu","09:19:03",231300
26450,0,900,"bu","09:19:10",232200
26450,0,6000,"sd","09:19:15",238200
26450,0,100,"bu","09:19:24",238300
26450,0,7800,"bu","09:19:58",246100
26450,0,2000,"bu","09:19:59",248100
26450,0,300,"bu","09:20:03",248400
26500,50,11000,"sd","09:20:06",259400
26450,0,2000,"sd","09:20:07",261400
26450,0,200,"sd","09:20:11",261600
26450,0,10500,"bu","09:20:18",272100
26450,0,2000,"bu","09:20:22",274100
26500,50,1000,"sd","09:20:34",275100
26500,50,8000,"bu","09:20:38",283100
26500,50,200,"bu","09:20:44",283300
26500,50,100,"sd","09:20:47",283400
26500,50,500,"bu","09:20:49",283900
26500,50,100,"sd","09:21:00",284000
26500,50,2000,"bu","09:21:00",286000
26500,50,500,"sd","09:21:06",286500
26500,50,3500,"bu","09:21:14",290000
26450,0,5300,"sd","09:21:30",295300
26500,50,10000,"bu","09:21:31",305300
26450,0,1900,"sd","09:21:40",307200
26500,50,2000,"sd","09:21:50",309200
26500,50,100,"sd","09:21:55",309300
26500,50,1200,"sd","09:21:58",310500
26500,50,2000,"sd","09:22:14",312500
26500,50,4600,"sd","09:22:17",317100
26450,0,17400,"sd","09:22:17",334500
26450,0,1900,"sd","09:22:26",336400
26450,0,500,"bu","09:22:33",336900
26450,0,300,"sd","09:22:39",337200
26450,0,1700,"sd","09:22:40",338900
26500,50,500,"sd","09:22:42",339400
26500,50,100,"bu","09:22:44",339500
26450,0,15000,"sd","09:22:50",354500
26450,0,3000,"bu","09:22:57",357500
26450,0,3000,"bu","09:23:03",360500
26450,0,1600,"sd","09:23:07",362100
26500,50,12200,"sd","09:23:28",374300
26500,50,100,"bu","09:23:29",376300
26500,50,700,"bu","09:23:41",393800
26500,50,24300,"sd","09:23:57",418100
26500,50,7300,"sd","09:23:58",425400
26500,50,6700,"bu","09:24:02",432100
26500,50,1000,"sd","09:24:05",433100
26500,50,2000,"sd","09:24:13",435100
26500,50,1400,"sd","09:24:18",436500
26500,50,300,"sd","09:24:19",436800
26500,50,100,"bu","09:24:23",436900
26450,0,17700,"sd","09:24:40",454600
26450,0,2500,"bu","09:25:19",457100
26450,0,400,"sd","09:25:28",457500
26450,0,3000,"sd","09:25:33",460500
26500,50,400,"sd","09:25:57",461500
26500,50,100,"sd","09:26:04",461600
26500,50,9500,"bu","09:26:28",471100
26500,50,1500,"sd","09:26:35",472600
26550,100,10900,"bu","09:26:36",483500
26550,100,5000,"sd","09:26:50",488500
26550,100,1000,"sd","09:26:51",489500
26550,100,4900,"sd","09:27:01",494400
26550,100,1200,"bu","09:27:03",495600
26550,100,500,"bu","09:27:10",496100
26500,50,900,"sd","09:27:29",497000
26500,50,10000,"sd","09:27:31",507000
26500,50,3000,"sd","09:27:54",510000
26500,50,3100,"sd","09:28:04",513100
26500,50,100,"sd","09:28:07",513200
26550,100,200,"sd","09:28:08",513400
26500,50,100,"bu","09:28:11",513500
26500,50,1000,"bu","09:28:12",514500
26500,50,400,"bu","09:28:13",514900
26500,50,1600,"sd","09:28:16",516500
26500,50,100,"bu","09:28:38",516600
26500,50,12500,"bu","09:28:40",529100
26500,50,1000,"bu","09:28:50",530100
26450,0,2900,"bu","09:28:51",533000
26450,0,46100,"bu","09:28:51",579100
26550,100,30000,"bu","09:29:02",609100
26500,50,800,"bu","09:29:09",609900
26500,50,1300,"bu","09:29:12",611200
26450,0,10000,"bu","09:29:15",621200
26500,50,500,"bu","09:29:44",621700
26500,50,500,"bu","09:30:06",622200
26500,50,2400,"bu","09:30:08",624600
26500,50,4600,"sd","09:30:27",629200
26550,100,5000,"sd","09:30:34",634200
26500,50,100,"bu","09:30:47",634300
26500,50,5000,"bu","09:31:02",639300
26500,50,700,"bu","09:31:06",640000
26500,50,300,"sd","09:31:10",640300
26550,100,1000,"bu","09:31:11",641300
26500,50,2000,"bu","09:31:14",643300
26550,100,3000,"sd","09:31:29",646300
26500,50,500,"sd","09:31:34",646800
26550,100,1800,"sd","09:31:37",648600
26550,100,200,"sd","09:31:42",648800
26550,100,100,"sd","09:31:52",648900
26550,100,10000,"sd","09:31:58",658900
26550,100,3000,"bu","09:32:02",661900
26500,50,5000,"bu","09:32:05",666900
26550,100,100,"sd","09:32:05",667000
26550,100,2000,"sd","09:32:08",669000
26550,100,10000,"sd","09:32:11",679000
26550,100,29700,"sd","09:32:16",708700
26550,100,5000,"bu","09:32:18",713700
26550,100,500,"sd","09:32:22",714200
26550,100,100,"sd","09:32:32",714300
26550,100,3000,"bu","09:32:39",717300
26600,150,2000,"bu","09:32:48",719300
26600,150,500,"sd","09:33:03",719800
26600,150,2000,"bu","09:33:13",721800
26600,150,2000,"sd","09:33:17",723800
26600,150,100,"sd","09:33:19",723900
26550,100,2800,"bu","09:33:20",726700
26600,150,100,"bu","09:33:23",726800
26550,100,1000,"sd","09:33:26",727800
26600,150,1100,"sd","09:33:54",728900
26550,100,2000,"sd","09:34:06",730900
26600,150,16400,"bu","09:34:08",747300
26550,100,200,"bu","09:34:24",747500
26550,100,1000,"bu","09:34:47",748500
26550,100,3100,"bu","09:35:03",751600
26550,100,1000,"sd","09:35:06",752600
26600,150,500,"bu","09:35:12",753100
26550,100,100,"bu","09:35:16",753200
26550,100,2200,"sd","09:35:34",755400
26600,150,300,"sd","09:35:35",755700
26550,100,500,"bu","09:35:41",756200
26550,100,8000,"bu","09:35:42",764200
26550,100,100,"sd","09:35:45",764300
26550,100,1500,"sd","09:35:46",765800
26550,100,200,"sd","09:35:47",766000
26600,150,100,"sd","09:35:53",766100
26550,100,2100,"bu","09:35:56",768200
26550,100,3000,"bu","09:35:59",771200
26600,150,1000,"sd","09:36:05",772200
26550,100,40000,"bu","09:36:08",812200
26550,100,500,"sd","09:36:11",812700
26550,100,700,"sd","09:36:13",813400
26550,100,2300,"sd","09:36:14",815700
26550,100,500,"bu","09:36:19",816200
26600,150,1200,"sd","09:36:23",817400
26600,150,600,"sd","09:36:32",818000
26600,150,100,"bu","09:36:37",818100
26600,150,1000,"sd","09:36:44",819100
26600,150,100,"sd","09:37:04",819200
26600,150,500,"sd","09:37:22",819700
26550,100,500,"bu","09:37:28",820200
26600,150,500,"sd","09:37:49",820700
26550,100,8000,"bu","09:37:49",828700
26550,100,1000,"bu","09:37:56",829700
26550,100,1500,"bu","09:38:01",831200
26550,100,5000,"bu","09:38:09",836200
26500,50,48200,"sd","09:38:19",884400
26500,50,2000,"sd","09:38:31",886400
26500,50,5000,"sd","09:38:34",891400
26500,50,7000,"sd","09:38:43",898400
26550,100,20000,"sd","09:38:44",918400
26500,50,100,"bu","09:38:54",918500
26550,100,20000,"sd","09:39:06",938500
26500,50,1000,"bu","09:39:08",939500
26550,100,100,"bu","09:39:26",939600
26500,50,10300,"bu","09:39:30",949900
26550,100,2300,"bu","09:39:57",952200
26500,50,400,"sd","09:40:00",952600
26500,50,3000,"bu","09:40:15",955600
26500,50,1100,"bu","09:40:24",956700
26500,50,100,"bu","09:40:25",956800
26500,50,1000,"sd","09:40:34",957800
26500,50,2400,"sd","09:40:44",960200
26500,50,1000,"sd","09:40:48",961200
26500,50,4500,"bu","09:40:57",965700
26500,50,10600,"sd","09:41:03",976300
26500,50,200,"sd","09:41:08",976500
26500,50,4000,"sd","09:41:10",980500
26500,50,200,"bu","09:41:13",980700
26500,50,1000,"bu","09:41:19",981700
26500,50,2400,"bu","09:41:20",984100
26500,50,1000,"sd","09:41:21",985100
26500,50,4000,"sd","09:41:22",989100
26500,50,500,"bu","09:41:29",989600
26500,50,4300,"sd","09:41:31",993900
26500,50,5000,"bu","09:41:33",998900
26500,50,4000,"sd","09:41:42",1002900
26500,50,200,"sd","09:41:49",1003100
26500,50,100,"bu","09:41:52",1003200
26500,50,20000,"bu","09:41:53",1023200
26500,50,1000,"bu","09:41:55",1024200
26500,50,2000,"bu","09:42:00",1026200
26500,50,100,"bu","09:42:01",1026300
26500,50,5000,"bu","09:42:10",1031300
26500,50,20000,"sd","09:42:17",1051300
26500,50,5000,"sd","09:42:17",1056300
26500,50,800,"sd","09:42:21",1057100
26500,50,23000,"bu","09:42:22",1080100
26500,50,20000,"bu","09:42:23",1100100
26500,50,10000,"sd","09:42:25",1110100
26500,50,100,"sd","09:42:31",1110200
26500,50,10800,"bu","09:42:34",1121000
26500,50,1000,"sd","09:42:35",1122000
26500,50,200,"bu","09:42:38",1122200
26500,50,10500,"sd","09:42:44",1132700
26500,50,39500,"bu","09:42:45",1172200
26500,50,9100,"bu","09:42:59",1181300
26500,50,3700,"bu","09:43:14",1185000
26500,50,2000,"bu","09:43:44",1187000
26450,0,1200,"bu","09:43:54",1188200
26450,0,1000,"sd","09:44:13",1189200
26450,0,20000,"bu","09:44:17",1209200
26450,0,500,"sd","09:44:26",1209700
26450,0,20000,"sd","09:44:33",1229700
26450,0,400,"sd","09:44:49",1230100
26450,0,1000,"sd","09:45:10",1231100
26450,0,500,"sd","09:45:12",1231600
26500,50,100,"sd","09:45:22",1231700
26500,50,5000,"bu","09:45:33",1236700
26500,50,1000,"sd","09:45:42",1237700
26450,0,100,"sd","09:46:05",1237800
26450,0,600,"sd","09:46:10",1238400
26500,50,2500,"bu","09:46:14",1240900
26500,50,15000,"sd","09:46:16",1255900
26450,0,30000,"bu","09:46:20",1285900
26450,0,100,"sd","09:46:23",1286000
26450,0,2000,"sd","09:46:37",1288000
26400,-50,62100,"bu","09:46:39",1350100
26450,0,2000,"sd","09:46:42",1352100
26400,-50,20000,"bu","09:47:06",1372100
26400,-50,2000,"bu","09:47:18",1374100
26400,-50,35700,"sd","09:47:20",1409800
26400,-50,1000,"sd","09:47:21",1410800
26450,0,100000,"sd","09:47:21",1510800
26450,0,100,"sd","09:47:24",1510900
26400,-50,1500,"sd","09:47:28",1512400
26450,0,500,"bu","09:47:31",1512900
26450,0,200,"sd","09:47:32",1513100
26450,0,1000,"sd","09:47:33",1514100
26450,0,200,"sd","09:47:43",1514300
26450,0,1200,"bu","09:48:02",1515500
26450,0,20000,"sd","09:48:19",1535500
26450,0,1000,"sd","09:48:29",1536500
26400,-50,1200,"sd","09:48:43",1537700
26400,-50,13900,"bu","09:48:45",1551600
26400,-50,500,"sd","09:48:50",1552100
26400,-50,93700,"sd","09:48:54",1645800
26400,-50,200,"bu","09:49:05",1646000
26350,-100,6000,"bu","09:49:24",1652000
26350,-100,200,"bu","09:49:29",1652200
26350,-100,1100,"bu","09:49:37",1653300
26350,-100,15000,"sd","09:49:38",1668300
26350,-100,1400,"sd","09:49:40",1669700
26350,-100,5000,"sd","09:49:42",1674700
26350,-100,21500,"bu","09:49:44",1696200
26300,-150,10000,"sd","09:49:50",1706200
26350,-100,1000,"bu","09:49:50",1707200
26300,-150,500,"bu","09:49:58",1707700
26350,-100,100,"sd","09:50:01",1707800
26300,-150,600,"bu","09:50:02",1708400
26300,-150,2000,"bu","09:50:04",1710400
26350,-100,74700,"sd","09:50:06",1785100
26350,-100,200,"bu","09:50:14",1785300
26350,-100,8000,"sd","09:50:19",1793300
26350,-100,20000,"sd","09:50:22",1813300
26350,-100,3000,"bu","09:50:24",1816300
26350,-100,300,"bu","09:50:26",1816600
26350,-100,500,"bu","09:50:27",1817100
26350,-100,20000,"sd","09:50:28",1837100
26350,-100,1700,"sd","09:50:31",1838800
26350,-100,500,"bu","09:50:33",1861400
26350,-100,1000,"sd","09:50:43",1862400
26350,-100,1400,"bu","09:50:56",1863800
26350,-100,600,"sd","09:50:56",1864400
26300,-150,1500,"sd","09:51:04",1865900
26300,-150,500,"sd","09:51:11",1866400
26300,-150,600,"bu","09:51:26",1867000
26300,-150,20000,"sd","09:51:29",1887000
26300,-150,200,"sd","09:51:31",1887200
26300,-150,10100,"bu","09:51:41",1897300
26300,-150,10000,"bu","09:51:43",1907300
26300,-150,10000,"sd","09:51:44",1917300
26300,-150,7000,"bu","09:51:45",1924300
26300,-150,2000,"bu","09:51:46",1926300
26300,-150,200,"bu","09:51:47",1926500
26300,-150,800,"bu","09:51:50",1927300
26300,-150,3000,"sd","09:51:53",1930300
26300,-150,6100,"bu","09:51:55",1936400
26250,-200,300,"bu","09:52:01",1936700
26250,-200,10000,"sd","09:52:08",1946700
26250,-200,200,"bu","09:52:16",1946900
26250,-200,200,"bu","09:52:18",1947100
26250,-200,37000,"bu","09:52:21",1984100
26250,-200,10000,"sd","09:52:25",1994100
26250,-200,1000,"bu","09:52:26",1995100
26250,-200,3000,"bu","09:52:31",1998100
26250,-200,300,"bu","09:52:31",1998400
26250,-200,800,"bu","09:52:32",1999200
26250,-200,2300,"bu","09:52:35",2001500
26300,-150,100,"sd","09:52:38",2001600
26250,-200,8000,"bu","09:52:53",2009600
26250,-200,1500,"sd","09:52:56",2015500
26250,-200,500,"bu","09:53:00",2016000
26250,-200,1000,"bu","09:53:02",2017000
26250,-200,300,"sd","09:53:04",2017300
26250,-200,500,"bu","09:53:05",2017800
26250,-200,600,"sd","09:53:12",2018400
26250,-200,25300,"bu","09:53:13",2043700
26250,-200,500,"bu","09:53:17",2044200
26250,-200,3000,"bu","09:53:18",2047200
26250,-200,1000,"sd","09:53:19",2048200
26250,-200,100,"bu","09:53:22",2048300
26200,-250,1000,"bu","09:53:24",2049300
26250,-200,100,"sd","09:53:25",2049400
26250,-200,300,"bu","09:53:26",2049700
26250,-200,500,"bu","09:53:27",2050200
26250,-200,900,"sd","09:53:40",2051100
26200,-250,4100,"sd","09:53:48",2055200
26250,-200,100,"sd","09:53:50",2055300
26200,-250,30000,"bu","09:53:50",2085300
26250,-200,900,"bu","09:53:51",2086200
26200,-250,3200,"bu","09:53:53",2089400
26200,-250,100,"sd","09:53:54",2089500
26200,-250,10100,"bu","09:53:56",2099600
26200,-250,1100,"sd","09:53:58",2100700
26200,-250,30000,"bu","09:53:59",2130700
26200,-250,5000,"bu","09:54:00",2135700
26200,-250,14000,"bu","09:54:04",2149700
26250,-200,15000,"sd","09:54:06",2164700
26200,-250,1700,"bu","09:54:07",2166400
26200,-250,1000,"sd","09:54:09",2167400
26200,-250,4700,"sd","09:54:11",2172100
26200,-250,800,"bu","09:54:12",2173100
26200,-250,100,"bu","09:54:13",2173200
26200,-250,1800,"sd","09:54:15",2175000
26200,-250,300,"sd","09:54:24",2175800
26200,-250,100,"bu","09:54:27",2175900
26200,-250,2600,"sd","09:54:32",2178500
26200,-250,2000,"bu","09:54:34",2180500
26200,-250,500,"sd","09:54:39",2181000
26200,-250,100,"bu","09:54:48",2181100
26150,-300,7000,"sd","09:54:59",2188100
26150,-300,10100,"sd","09:55:03",2198200
26150,-300,500,"bu","09:55:04",2198700
26150,-300,20000,"sd","09:55:08",2218700
26150,-300,6900,"sd","09:55:09",2225600
26150,-300,2900,"bu","09:55:13",2228500
26150,-300,2600,"sd","09:55:15",2231100
26150,-300,21000,"bu","09:55:17",2252100
26100,-350,5100,"bu","09:55:28",2257200
26100,-350,3500,"sd","09:55:29",2260700
26150,-300,1000,"bu","09:55:36",2261700
26100,-350,4000,"bu","09:55:37",2265700
26100,-350,3500,"sd","09:55:41",2269200
26150,-300,300,"sd","09:55:42",2269500
26100,-350,1000,"bu","09:55:45",2270500
26150,-300,300,"bu","09:55:51",2270800
26100,-350,5000,"sd","09:55:56",2275800
26150,-300,100,"sd","09:55:57",2275900
26100,-350,5000,"sd","09:56:01",2280900
26100,-350,300,"sd","09:56:09",2281200
26100,-350,1000,"bu","09:56:13",2282200
26100,-350,2000,"sd","09:56:15",2284200
26100,-350,1300,"sd","09:56:18",2285500
26100,-350,20000,"bu","09:56:22",2305500
26100,-350,100,"sd","09:56:24",2305600
26100,-350,5000,"sd","09:56:26",2310600
26100,-350,500,"bu","09:56:27",2311100
26100,-350,5000,"sd","09:56:30",2316100
26150,-300,5000,"bu","09:56:31",2321100
26100,-350,500,"sd","09:56:32",2321600
26150,-300,1000,"sd","09:56:34",2322600
26100,-350,22900,"sd","09:56:36",2345500
26100,-350,1800,"bu","09:56:38",2347300
26100,-350,7200,"sd","09:56:41",2354500
26100,-350,1100,"sd","09:56:44",2355600
26150,-300,1000,"bu","09:56:48",2356600
26100,-350,3000,"sd","09:56:51",2359600
26100,-350,100,"sd","09:56:53",2359700
26100,-350,1000,"sd","09:56:58",2360700
26100,-350,500,"bu","09:57:03",2361200
26100,-350,1000,"sd","09:57:04",2362200
26150,-300,5000,"sd","09:57:05",2367200
26100,-350,3000,"bu","09:57:08",2370200
26100,-350,3000,"sd","09:57:13",2373200
26100,-350,500,"sd","09:57:20",2373700
26100,-350,400,"sd","09:57:21",2374100
26150,-300,5100,"sd","09:57:23",2379200
26100,-350,400,"sd","09:57:32",2379600
26100,-350,3000,"sd","09:57:33",2382600
26100,-350,100,"bu","09:57:42",2382700
26100,-350,2000,"sd","09:57:43",2384700
26150,-300,1600,"bu","09:57:44",2386300
26150,-300,5000,"sd","09:57:48",2391300
26150,-300,100,"bu","09:57:50",2391400
26150,-300,30000,"sd","09:57:57",2421400
26150,-300,500,"bu","09:58:00",2421900
26150,-300,7300,"bu","09:58:02",2429200
26150,-300,5000,"sd","09:58:04",2434200
26150,-300,2000,"sd","09:58:07",2436200
26150,-300,500,"bu","09:58:08",2436700
26150,-300,1000,"bu","09:58:09",2437700
26150,-300,500,"bu","09:58:12",2438200
26150,-300,2400,"bu","09:58:13",2440600
26150,-300,600,"bu","09:58:14",2441200
26150,-300,1200,"sd","09:58:15",2442400
26150,-300,1900,"bu","09:58:16",2444300
26150,-300,3700,"bu","09:58:24",2448000
26150,-300,1400,"sd","09:58:25",2449400
26150,-300,700,"sd","09:58:29",2450100
26150,-300,6400,"bu","09:58:31",2456500
26150,-300,300,"sd","09:58:33",2456800
26150,-300,5000,"sd","09:58:42",2461900
26150,-300,2000,"sd","09:58:51",2463900
26150,-300,100,"bu","09:58:54",2464000
26150,-300,1000,"bu","09:58:59",2465000
26150,-300,100,"bu","09:59:01",2465100
26150,-300,400,"bu","09:59:01",2465500
26150,-300,5000,"bu","09:59:02",2470500
26100,-350,300,"bu","09:59:03",2470800
26150,-300,100,"bu","09:59:13",2470900
26150,-300,500,"sd","09:59:14",2471400
26100,-350,300,"bu","09:59:14",2471700
26100,-350,800,"sd","09:59:15",2472500
26150,-300,1000,"sd","09:59:22",2473500
26150,-300,200,"sd","09:59:23",2473700
26100,-350,600,"bu","09:59:38",2474300
26100,-350,3000,"sd","09:59:45",2477300
26100,-350,200,"sd","09:59:56",2477500
26100,-350,3000,"bu","09:59:57",2480500
26100,-350,10000,"sd","10:00:00",2490500
26150,-300,100,"sd","10:00:01",2490600
26100,-350,200,"bu","10:00:12",2490800
26100,-350,2000,"bu","10:00:19",2492800
26100,-350,5000,"bu","10:00:23",2497800
26100,-350,500,"sd","10:00:27",2498300
26100,-350,400,"sd","10:00:28",2498700
26150,-300,200,"bu","10:00:35",2498900
26100,-350,1500,"bu","10:00:37",2500400
26100,-350,300,"sd","10:00:38",2500700
26100,-350,3600,"bu","10:00:41",2504300
26100,-350,4400,"sd","10:00:49",2508700
26100,-350,30000,"sd","10:00:52",2538700
26100,-350,200,"bu","10:00:55",2538900
26100,-350,3000,"sd","10:01:00",2541900
26100,-350,200,"bu","10:01:02",2542100
26100,-350,400,"sd","10:01:03",2542500
26100,-350,1000,"bu","10:01:11",2543500
26100,-350,400,"bu","10:01:11",2543900
26100,-350,300,"sd","10:01:18",2544200
26100,-350,12000,"bu","10:01:20",2556200
26100,-350,2400,"sd","10:01:32",2576400
26100,-350,500,"sd","10:01:39",2576900
26150,-300,1000,"sd","10:01:41",2577900
26100,-350,200,"bu","10:01:42",2578100
26100,-350,300,"bu","10:01:45",2578400
26100,-350,2000,"sd","10:01:50",2580400
26100,-350,500,"sd","10:01:57",2580900
26100,-350,100,"bu","10:01:59",2581000
26100,-350,900,"bu","10:02:01",2581900
26100,-350,100,"bu","10:02:05",2582000
26100,-350,5500,"bu","10:02:13",2587500
26100,-350,500,"sd","10:02:15",2588000
26100,-350,16600,"sd","10:02:40",2604600
26100,-350,1700,"bu","10:02:41",2606300
26100,-350,2000,"bu","10:02:42",2608300
26100,-350,5000,"sd","10:02:44",2613300
26100,-350,500,"bu","10:02:53",2613800
26100,-350,3500,"sd","10:03:02",2617300
26100,-350,200,"sd","10:03:05",2617500
26150,-300,500,"sd","10:03:09",2618000
26150,-300,800,"bu","10:03:17",2618800
26100,-350,700,"bu","10:03:19",2619500
26150,-300,300,"bu","10:03:21",2619800
26150,-300,12500,"sd","10:03:26",2632300
26150,-300,6000,"bu","10:03:27",2638300
26150,-300,5400,"bu","10:03:28",2643700
26150,-300,50000,"bu","10:03:29",2693700
26150,-300,2500,"sd","10:03:29",2696200
26150,-300,2000,"sd","10:03:30",2698200
26150,-300,3800,"sd","10:03:32",2702000
26150,-300,2000,"bu","10:03:33",2717400
26150,-300,1500,"bu","10:03:35",2718900
26150,-300,200,"sd","10:03:36",2719100
26150,-300,2100,"sd","10:03:36",2721200
26150,-300,1000,"sd","10:03:37",2722200
26150,-300,5500,"bu","10:03:39",2727700
26150,-300,1300,"sd","10:03:39",2729000
26200,-250,200,"bu","10:03:41",2729200
26150,-300,100,"bu","10:03:44",2729300
26200,-250,300,"bu","10:03:52",2729600
26200,-250,500,"sd","10:03:57",2730100
26150,-300,6000,"sd","10:03:59",2736100
26150,-300,10100,"bu","10:04:05",2746200
26150,-300,1000,"bu","10:04:09",2747200
26150,-300,100,"sd","10:04:17",2747300
26200,-250,500,"bu","10:04:23",2747800
26150,-300,100,"bu","10:04:24",2747900
26200,-250,300,"bu","10:04:31",2748200
26200,-250,3000,"sd","10:04:35",2751200
26200,-250,5000,"bu","10:04:38",2756200
26200,-250,1000,"bu","10:04:39",2757200
26200,-250,10000,"sd","10:04:43",2767200
26200,-250,4800,"sd","10:04:47",2772000
26200,-250,500,"bu","10:04:47",2772500
26200,-250,100,"sd","10:04:48",2772600
26200,-250,1000,"bu","10:04:51",2773600
26200,-250,10100,"bu","10:04:53",2783700
26200,-250,1000,"sd","10:04:56",2784700
26200,-250,1400,"bu","10:04:59",2786100
26200,-250,500,"sd","10:05:00",2786600
26200,-250,1100,"bu","10:05:00",2787700
26200,-250,5000,"bu","10:05:01",2792700
26200,-250,200,"bu","10:05:02",2792900
26200,-250,7900,"bu","10:05:03",2800800
26200,-250,2000,"bu","10:05:06",2802800
26200,-250,2800,"sd","10:05:08",2805600
26250,-200,7900,"bu","10:05:31",2813500
26250,-200,2000,"sd","10:05:38",2815500
26300,-150,15000,"bu","10:05:57",2830500
26300,-150,2000,"sd","10:06:16",2832500
26300,-150,100,"sd","10:06:23",2832600
26300,-150,400,"bu","10:06:34",2833000
26350,-100,1200,"bu","10:06:39",2834200
26350,-100,300,"bu","10:06:48",2834500
26300,-150,1100,"sd","10:06:50",2835600
26300,-150,2500,"sd","10:06:55",2838100
26300,-150,400,"bu","10:06:56",2838500
26350,-100,5000,"bu","10:06:59",2843500
26300,-150,100,"sd","10:07:28",2843600
26350,-100,200,"sd","10:07:32",2843800
26350,-100,1000,"sd","10:07:34",2844800
26300,-150,500,"bu","10:07:35",2845300
26350,-100,1000,"bu","10:07:44",2846300
26350,-100,1000,"bu","10:07:48",2847300
26350,-100,1700,"sd","10:07:59",2849000
26350,-100,300,"sd","10:08:07",2849300
26350,-100,36300,"bu","10:08:11",2885600
26350,-100,1000,"sd","10:08:33",2886600
26350,-100,700,"bu","10:08:42",2887300
26300,-150,2500,"bu","10:08:45",2889800
26300,-150,2000,"bu","10:08:48",2891800
26350,-100,500,"bu","10:08:51",2892300
26350,-100,2200,"bu","10:09:43",2894500
26350,-100,1000,"bu","10:09:44",2895500
26350,-100,200,"bu","10:10:01",2895700
26350,-100,500,"sd","10:10:13",2896200
26350,-100,300,"sd","10:10:29",2896500
26300,-150,2000,"sd","10:10:41",2898500
26350,-100,800,"bu","10:10:44",2899300
26350,-100,100,"sd","10:10:59",2899400
26350,-100,2600,"sd","10:11:07",2902000
26300,-150,10000,"sd","10:11:10",2912000
26350,-100,300,"sd","10:11:12",2912300
26350,-100,1000,"sd","10:11:25",2913300
26350,-100,2500,"sd","10:11:28",2915800
26300,-150,400,"sd","10:11:37",2916200
26350,-100,1000,"sd","10:11:50",2917200
26350,-100,500,"sd","10:11:56",2917700
26300,-150,1000,"bu","10:12:26",2918700
26350,-100,5000,"bu","10:12:30",2923700
26350,-100,1000,"sd","10:12:49",2924700
26300,-150,10000,"bu","10:12:52",2934700
26350,-100,900,"sd","10:12:57",2935600
26300,-150,300,"bu","10:13:07",2935900
26300,-150,10000,"bu","10:13:11",2945900
26350,-100,10000,"sd","10:13:17",2955900
26350,-100,100,"sd","10:13:25",2956000
26300,-150,10100,"sd","10:14:01",2966100
26350,-100,50000,"sd","10:14:03",3016100
26350,-100,12000,"sd","10:14:05",3028100
26350,-100,2500,"bu","10:14:10",3030600
26350,-100,2000,"bu","10:14:15",3032600
26350,-100,500,"bu","10:14:16",3033100
26350,-100,2000,"sd","10:14:18",3035100
26400,-50,2000,"sd","10:14:19",3037100
26350,-100,2000,"bu","10:14:23",3039100
26400,-50,10000,"sd","10:14:28",3049100
26350,-100,1000,"sd","10:14:30",3050100
26400,-50,2500,"sd","10:14:40",3052600
26400,-50,11200,"bu","10:14:45",3063800
26400,-50,100,"sd","10:14:47",3063900
26450,0,1600,"sd","10:15:11",3065500
26400,-50,7300,"bu","10:15:13",3072800
26400,-50,1500,"sd","10:15:54",3074300
26450,0,2000,"sd","10:15:56",3076300
26450,0,100,"sd","10:16:11",3076400
26450,0,200,"sd","10:16:12",3076600
26450,0,1000,"bu","10:16:19",3077600
26400,-50,1300,"sd","10:16:44",3078900
26400,-50,1500,"sd","10:16:48",3080400
26400,-50,1000,"sd","10:16:51",3081400
26400,-50,2000,"bu","10:16:58",3083400
26450,0,1000,"bu","10:17:05",3084400
26450,0,700,"sd","10:17:11",3085100
26450,0,2000,"sd","10:17:35",3087100
26450,0,10000,"bu","10:17:44",3097100
26450,0,9100,"sd","10:17:49",3106200
26450,0,1100,"sd","10:17:58",3107300
26450,0,3000,"sd","10:18:04",3110300
26450,0,2000,"bu","10:18:05",3112300
26450,0,3900,"sd","10:18:08",3116200
26450,0,8100,"sd","10:18:14",3124300
26450,0,2500,"sd","10:18:22",3126800
26450,0,900,"sd","10:18:25",3127700
26450,0,1000,"bu","10:18:30",3128700
26450,0,500,"bu","10:18:34",3129200
26450,0,2000,"sd","10:18:36",3131200
26450,0,3000,"sd","10:18:37",3134200
26450,0,1000,"sd","10:18:39",3135200
26450,0,100,"sd","10:18:41",3135300
26450,0,1000,"sd","10:18:45",3136300
26450,0,7400,"bu","10:18:46",3143700
26450,0,900,"sd","10:18:51",3144600
26450,0,2500,"bu","10:18:57",3147100
26450,0,2500,"sd","10:18:59",3149600
26450,0,100,"sd","10:19:04",3149700
26450,0,2300,"bu","10:19:20",3152000
26450,0,100,"bu","10:19:30",3152100
26450,0,200,"sd","10:19:47",3152300
26450,0,3000,"sd","10:19:50",3155300
26450,0,600,"bu","10:20:01",3155900
26450,0,3000,"sd","10:20:02",3158900
26450,0,900,"bu","10:20:17",3159800
26450,0,7000,"sd","10:20:19",3166800
26450,0,100,"sd","10:20:21",3166900
26450,0,31900,"bu","10:20:27",3198800
26450,0,2000,"bu","10:20:29",3200800
26500,50,7000,"sd","10:20:30",3207800
26450,0,3500,"sd","10:20:35",3211300
26450,0,100,"sd","10:20:38",3211400
26450,0,900,"bu","10:20:41",3212300
26450,0,1000,"sd","10:20:46",3213300
26450,0,5000,"bu","10:21:06",3218300
26450,0,6000,"sd","10:21:12",3224300
26450,0,5000,"sd","10:21:13",3229300
26450,0,2000,"sd","10:21:18",3231300
26450,0,11200,"bu","10:21:23",3242500
26400,-50,20000,"sd","10:21:36",3262500
26400,-50,12000,"bu","10:21:54",3274500
26400,-50,5000,"sd","10:21:56",3279500
26400,-50,600,"bu","10:22:02",3280100
26450,0,100,"sd","10:22:14",3280200
26450,0,1000,"sd","10:22:52",3281200
26400,-50,100,"sd","10:23:05",3281300
26400,-50,5100,"sd","10:23:18",3286400
26400,-50,5800,"bu","10:23:34",3292200
26400,-50,3000,"sd","10:23:52",3295200
26450,0,100,"sd","10:23:58",3295300
26400,-50,800,"sd","10:24:02",3296100
26400,-50,10000,"sd","10:24:09",3306100
26400,-50,2000,"sd","10:24:12",3308100
26450,0,100,"bu","10:24:33",3308200
26450,0,200,"sd","10:24:44",3308400
26450,0,1100,"bu","10:24:59",3309500
26450,0,7000,"sd","10:25:06",3316500
26400,-50,20900,"sd","10:25:15",3337400
26400,-50,100,"sd","10:25:30",3337500
26400,-50,1100,"sd","10:26:08",3338600
26400,-50,300,"bu","10:26:09",3338900
26400,-50,2000,"sd","10:26:20",3340900
26400,-50,10000,"bu","10:26:25",3350900
26400,-50,100,"sd","10:26:41",3351000
26400,-50,5000,"bu","10:26:57",3356000
26400,-50,600,"sd","10:27:26",3356600
26400,-50,100,"sd","10:27:31",3356700
26400,-50,2100,"bu","10:27:33",3358800
26400,-50,5000,"sd","10:27:43",3363800
26400,-50,400,"bu","10:28:19",3364200
26400,-50,3000,"bu","10:28:20",3367200
26400,-50,400,"sd","10:28:23",3367600
26400,-50,200,"bu","10:28:28",3367800
26400,-50,6000,"sd","10:28:30",3373800
26400,-50,1300,"bu","10:28:36",3375100
26400,-50,400,"sd","10:28:44",3375500
26450,0,200,"sd","10:28:47",3375700
26400,-50,3000,"bu","10:28:54",3378700
26400,-50,3000,"sd","10:29:08",3381700
26400,-50,5000,"sd","10:29:15",3386700
26400,-50,1000,"sd","10:29:22",3387700
26400,-50,1000,"sd","10:29:25",3388700
26400,-50,100,"sd","10:29:26",3388800
26400,-50,4800,"sd","10:29:57",3393600
26400,-50,3000,"sd","10:30:06",3396600
26400,-50,200,"bu","10:30:19",3396800
26400,-50,10300,"sd","10:30:27",3407100
26350,-100,60700,"sd","10:30:37",3467800
26350,-100,1800,"bu","10:30:38",3469600
26300,-150,900,"sd","10:30:43",3470500
26350,-100,2000,"sd","10:30:47",3472500
26350,-100,500,"bu","10:30:48",3473000
26300,-150,1400,"sd","10:31:22",3474400
26350,-100,1000,"sd","10:31:28",3475400
26350,-100,500,"sd","10:31:40",3475900
26300,-150,300,"sd","10:31:45",3476200
26350,-100,100,"sd","10:31:46",3476300
26350,-100,3000,"sd","10:31:53",3479300
26350,-100,3400,"sd","10:31:57",3482700
26350,-100,7800,"bu","10:32:15",3490500
26350,-100,500,"sd","10:32:42",3491000
26350,-100,1000,"bu","10:32:44",3492000
26350,-100,3600,"sd","10:32:59",3495600
26350,-100,400,"sd","10:33:07",3496000
26350,-100,1000,"bu","10:33:09",3497000
26350,-100,100,"bu","10:33:14",3497100
26350,-100,300,"sd","10:33:42",3497400
26350,-100,1000,"bu","10:34:14",3498400
26350,-100,100,"sd","10:34:42",3498500
26350,-100,1000,"bu","10:35:14",3499500
26400,-50,3000,"bu","10:35:34",3502500
26350,-100,1000,"bu","10:35:37",3503500
26350,-100,5000,"bu","10:35:40",3508500
26400,-50,5000,"sd","10:35:53",3513500
26400,-50,2100,"sd","10:36:23",3515600
26350,-100,13000,"sd","10:36:26",3528600
26400,-50,7300,"bu","10:37:02",3535900
26350,-100,100,"bu","10:37:08",3536000
26350,-100,10000,"bu","10:37:20",3546000
26350,-100,700,"sd","10:37:36",3546700
26350,-100,1100,"bu","10:38:05",3547800
26350,-100,200,"bu","10:38:08",3548000
26350,-100,10000,"sd","10:38:28",3558000
26400,-50,16000,"bu","10:39:14",3574000
26350,-100,3000,"sd","10:39:24",3577000
26350,-100,1000,"sd","10:39:47",3578000
26350,-100,200,"sd","10:40:01",3578200
26350,-100,30000,"sd","10:40:05",3608200
26350,-100,200,"sd","10:40:26",3608400
26400,-50,500,"sd","10:41:21",3608900
26400,-50,3000,"sd","10:41:31",3611900
26350,-100,200,"sd","10:41:36",3612100
26350,-100,1000,"bu","10:42:16",3613100
26350,-100,300,"sd","10:42:23",3613400
26400,-50,1000,"bu","10:42:24",3614400
26350,-100,100,"sd","10:42:31",3614500
26350,-100,1000,"sd","10:42:35",3615500
26400,-50,200,"sd","10:42:55",3615700
26400,-50,90000,"bu","10:43:11",3705700
26400,-50,5000,"bu","10:43:20",3710700
26400,-50,500,"sd","10:43:25",3711200
26400,-50,200,"bu","10:43:30",3711400
26400,-50,2000,"bu","10:43:31",3713400
26400,-50,5000,"bu","10:43:33",3718400
26400,-50,1000,"sd","10:43:39",3719400
26400,-50,2200,"sd","10:43:40",3721600
26400,-50,22500,"bu","10:43:53",3744100
26400,-50,2000,"bu","10:43:54",3746100
26400,-50,4100,"bu","10:44:00",3750200
26400,-50,2500,"sd","10:44:04",3752700
26400,-50,100,"bu","10:44:26",3752800
26450,0,12000,"sd","10:44:48",3764800
26450,0,400,"bu","10:45:13",3765200
26450,0,500,"sd","10:45:26",3765700
26450,0,1800,"bu","10:45:41",3767500
26450,0,500,"bu","10:45:48",3768000
26450,0,2000,"bu","10:45:51",3770000
26400,-50,600,"sd","10:45:54",3770600
26450,0,10000,"sd","10:46:01",3780600
26450,0,10000,"bu","10:46:05",3790600
26450,0,500,"bu","10:46:06",3791100
26450,0,4000,"bu","10:46:09",3795100
26450,0,10000,"sd","10:46:24",3805100
26450,0,20000,"sd","10:46:33",3825100
26450,0,47400,"bu","10:46:36",3872500
26450,0,1500,"sd","10:46:55",3874000
26500,50,1000,"sd","10:47:13",3875000
26500,50,4000,"bu","10:47:20",3879000
26450,0,23000,"bu","10:47:24",3902000
26450,0,100,"sd","10:47:27",3902100
26450,0,1000,"bu","10:47:28",3903100
26450,0,100,"bu","10:47:43",3903200
26450,0,400,"sd","10:48:06",3903600
26450,0,3000,"sd","10:48:16",3906600
26400,-50,1500,"sd","10:48:19",3908100
26450,0,1000,"sd","10:48:21",3909100
26450,0,2100,"sd","10:48:36",3911200
26450,0,3000,"sd","10:48:39",3914200
26450,0,50000,"sd","10:48:40",3964200
26450,0,100,"bu","10:48:46",3964300
26450,0,2000,"sd","10:48:49",3966300
26450,0,15000,"bu","10:48:50",3981300
26450,0,600,"sd","10:48:52",3981900
26450,0,1000,"bu","10:48:54",3982900
26450,0,1500,"sd","10:49:02",3984400
26450,0,1800,"sd","10:49:25",3986200
26450,0,200,"bu","10:49:59",3986400
26450,0,2000,"bu","10:50:50",3988400
26500,50,300,"bu","10:50:55",3988700
26500,50,10000,"sd","10:51:01",3998700
26450,0,1000,"sd","10:51:02",3999700
26500,50,3000,"sd","10:51:05",4002700
26500,50,7800,"sd","10:51:09",4010500
26500,50,20000,"sd","10:51:10",4030500
26500,50,4000,"bu","10:51:13",4034500
26500,50,1100,"sd","10:51:15",4035600
26500,50,3100,"sd","10:51:26",4038700
26500,50,50000,"sd","10:51:28",4088700
26500,50,100,"sd","10:51:33",4088800
26500,50,6500,"sd","10:51:35",4095300
26500,50,200,"sd","10:51:39",4095500
26500,50,1000,"bu","10:51:40",4096500
26500,50,2500,"sd","10:51:43",4099000
26500,50,13000,"bu","10:51:48",4112000
26500,50,2500,"bu","10:51:53",4114500
26500,50,4500,"sd","10:51:55",4119000
26500,50,2000,"sd","10:51:56",4121000
26500,50,1500,"bu","10:52:13",4122500
26500,50,500,"sd","10:52:22",4123000
26550,100,5000,"sd","10:52:29",4128000
26550,100,17500,"bu","10:52:35",4145500
26550,100,400,"sd","10:52:36",4145900
26550,100,4300,"bu","10:52:41",4150200
26550,100,300,"sd","10:52:43",4150500
26550,100,1000,"sd","10:52:44",4151500
26550,100,800,"sd","10:52:46",4152300
26550,100,1000,"sd","10:52:49",4153300
26550,100,5000,"sd","10:52:50",4158300
26550,100,100,"bu","10:52:52",4158400
26550,100,5000,"sd","10:52:53",4163400
26550,100,500,"sd","10:52:54",4163900
26500,50,57500,"bu","10:53:05",4221400
26550,100,1000,"bu","10:53:10",4222400
26550,100,200,"sd","10:53:11",4222600
26600,150,500,"sd","10:53:18",4223100
26550,100,2000,"bu","10:53:34",4225100
26550,100,100,"sd","10:53:36",4225200
26550,100,900,"sd","10:54:15",4226100
26550,100,1000,"sd","10:54:37",4227100
26550,100,100,"sd","10:55:00",4227200
26500,50,40000,"sd","10:55:03",4267200
26500,50,30000,"bu","10:55:04",4297200
26500,50,200,"sd","10:55:11",4297400
26500,50,500,"bu","10:55:14",4297900
26500,50,10500,"sd","10:55:19",4308400
26500,50,5000,"bu","10:55:28",4313400
26500,50,45000,"sd","10:55:37",4358400
26500,50,500,"bu","10:55:42",4358900
26500,50,1500,"sd","10:55:59",4360400
26500,50,500,"bu","10:56:01",4360900
26500,50,72900,"bu","10:56:04",4433800
26500,50,500,"bu","10:56:09",4434300
26500,50,1000,"sd","10:56:20",4435300
26500,50,300,"sd","10:56:27",4435600
26500,50,200,"sd","10:56:32",4435800
26500,50,23300,"sd","10:56:38",4459100
26500,50,100,"bu","10:56:40",4459200
26500,50,6300,"sd","10:56:42",4465500
26500,50,700,"bu","10:56:46",4466200
26500,50,100,"bu","10:56:50",4466300
26500,50,300,"sd","10:56:57",4466600
26500,50,1100,"bu","10:57:00",4467700
26500,50,8900,"sd","10:57:01",4476600
26500,50,300,"bu","10:57:03",4476900
26500,50,7000,"bu","10:57:33",4483900
26450,0,1000,"sd","10:57:54",4484900
26450,0,900,"bu","10:58:04",4485800
26450,0,5000,"bu","10:58:26",4490800
26450,0,1500,"bu","10:58:29",4492300
26450,0,1000,"bu","10:58:37",4493300
26450,0,1000,"sd","10:58:46",4494300
26450,0,900,"sd","10:58:53",4495200
26450,0,100,"bu","10:58:54",4495300
26450,0,2000,"sd","10:59:15",4497300
26450,0,100,"sd","10:59:16",4497400
26450,0,50000,"bu","10:59:31",4547400
26450,0,3000,"sd","10:59:34",4550400
26500,50,2700,"bu","10:59:40",4553100
26450,0,1100,"bu","11:00:02",4554200
26450,0,2000,"sd","11:00:03",4556200
26450,0,1800,"sd","11:00:21",4558000
26450,0,123500,"sd","11:00:26",4681500
26450,0,100,"sd","11:00:29",4681600
26450,0,2000,"bu","11:00:37",4683600
26450,0,300,"sd","11:00:41",4683900
26450,0,100,"sd","11:00:48",4684000
26450,0,500,"bu","11:01:15",4684500
26400,-50,3500,"sd","11:01:45",4688000
26400,-50,1200,"bu","11:02:00",4689200
26400,-50,100,"bu","11:02:06",4689300
26400,-50,5000,"bu","11:02:19",4694300
26450,0,600,"bu","11:02:20",4694900
26400,-50,20000,"bu","11:02:36",4714900
26400,-50,1000,"sd","11:02:38",4715900
26400,-50,100,"sd","11:03:06",4716000
26400,-50,1000,"sd","11:03:24",4717000
26400,-50,300,"sd","11:04:00",4717300
26400,-50,30000,"bu","11:04:01",4747300
26450,0,8000,"sd","11:04:07",4755300
26400,-50,2000,"bu","11:04:11",4757300
26400,-50,200,"sd","11:04:15",4757500
26450,0,2300,"bu","11:04:32",4759800
26450,0,2000,"bu","11:05:09",4761800
26450,0,700,"sd","11:05:15",4762500
26400,-50,300,"sd","11:05:18",4762800
26400,-50,11600,"sd","11:05:23",4774400
26400,-50,28400,"bu","11:05:24",4802800
26450,0,1700,"sd","11:05:45",4804500
26450,0,3000,"bu","11:06:07",4807500
26400,-50,6600,"sd","11:06:17",4814100
26400,-50,6500,"bu","11:06:30",4820600
26400,-50,2500,"bu","11:06:31",4823100
26400,-50,100,"bu","11:06:46",4823200
26400,-50,5000,"bu","11:06:49",4828200
26400,-50,5000,"sd","11:06:50",4833200
26400,-50,400,"bu","11:06:55",4833600
26400,-50,10200,"sd","11:06:57",4843800
26400,-50,10700,"sd","11:06:59",4854500
26400,-50,100,"bu","11:07:01",4854600
26350,-100,5000,"sd","11:07:29",4859600
26400,-50,6700,"bu","11:07:42",4866300
26400,-50,2000,"bu","11:08:25",4868300
26400,-50,500,"sd","11:08:28",4868800
26400,-50,800,"bu","11:09:10",4869600
26350,-100,2300,"sd","11:09:22",4871900
26350,-100,100,"bu","11:09:34",4872000
26350,-100,2000,"sd","11:09:35",4874000
26350,-100,500,"sd","11:09:43",4874500
26350,-100,100,"bu","11:10:35",4874600
26400,-50,2500,"sd","11:11:11",4877100
26350,-100,2000,"bu","11:11:16",4879100
26350,-100,2000,"bu","11:11:17",4881100
26400,-50,5000,"sd","11:11:21",4886100
26400,-50,2100,"bu","11:11:31",4888200
26400,-50,1000,"bu","11:11:42",4889200
26400,-50,2000,"bu","11:11:52",4891200
26450,0,400,"bu","11:11:55",4891600
26400,-50,2000,"sd","11:12:01",4893600
26450,0,100,"bu","11:12:02",4893700
26400,-50,400,"sd","11:12:17",4894100
26400,-50,1000,"sd","11:12:32",4895100
26400,-50,15100,"sd","11:12:47",4910200
26400,-50,2500,"bu","11:13:04",4912700
26400,-50,100,"sd","11:13:09",4912800
26400,-50,2000,"bu","11:13:19",4914800
26400,-50,5000,"bu","11:13:44",4919800
26350,-100,100,"sd","11:13:47",4919900
26350,-100,1100,"bu","11:14:22",4921000
26350,-100,800,"sd","11:14:29",4921800
26350,-100,500,"bu","11:14:30",4922300
26350,-100,200,"bu","11:15:10",4922500
26400,-50,9000,"bu","11:15:14",4931500
26400,-50,300,"bu","11:15:17",4931800
26400,-50,400,"bu","11:15:35",4932200
26400,-50,100000,"bu","11:15:42",5032200
26400,-50,5000,"bu","11:15:45",5037200
26400,-50,500,"sd","11:15:47",5037700
26450,0,2800,"bu","11:15:57",5040500
26450,0,500,"sd","11:17:04",5041000
26400,-50,1000,"sd","11:17:27",5042000
26400,-50,100,"sd","11:17:42",5042100
26400,-50,22800,"bu","11:17:45",5064900
26400,-50,10000,"bu","11:17:46",5074900
26400,-50,2000,"bu","11:17:48",5076900
26350,-100,5000,"bu","11:18:08",5081900
26350,-100,600,"bu","11:18:27",5082500
26350,-100,2000,"bu","11:18:29",5084500
26350,-100,2700,"bu","11:18:34",5087200
26350,-100,600,"sd","11:18:39",5087800
26350,-100,1200,"bu","11:18:50",5089000
26350,-100,300,"bu","11:18:56",5089300
26350,-100,900,"bu","11:18:57",5090200
26350,-100,5600,"sd","11:19:10",5095800
26350,-100,300,"sd","11:19:14",5096100
26350,-100,300,"bu","11:19:19",5096400
26350,-100,900,"sd","11:19:20",5097300
26350,-100,10000,"sd","11:19:31",5107300
26350,-100,2100,"sd","11:19:33",5109400
26400,-50,5000,"sd","11:19:34",5114400
26350,-100,900,"bu","11:19:35",5115300
26350,-100,100,"bu","11:19:38",5115400
26350,-100,1600,"sd","11:19:41",5117000
26350,-100,500,"sd","11:19:46",5117500
26500,50,79600,"bu","11:19:53",5197100
26500,50,1600,"sd","11:20:04",5198700
26500,50,300,"sd","11:20:05",5199000
26500,50,2000,"sd","11:20:08",5201000
26500,50,300,"sd","11:20:12",5201300
26500,50,15000,"sd","11:20:13",5216300
26500,50,500,"bu","11:20:14",5216800
26500,50,300,"bu","11:20:17",5217100
26400,-50,600,"sd","11:20:18",5217700
26500,50,300,"sd","11:20:20",5218000
26500,50,900,"bu","11:20:21",5218900
26500,50,300,"bu","11:20:22",5219200
26550,100,200,"bu","11:20:25",5219400
26550,100,1000,"bu","11:20:29",5220400
26500,50,2000,"sd","11:20:30",5222400
26500,50,1000,"sd","11:20:31",5223400
26400,-50,2100,"bu","11:20:36",5225500
26400,-50,300,"bu","11:20:39",5225800
26400,-50,600,"bu","11:20:49",5226400
26500,50,1000,"bu","11:20:53",5227400
26500,50,300,"sd","11:20:54",5227700
26500,50,1700,"sd","11:21:00",5229400
26400,-50,300,"sd","11:21:01",5229700
26400,-50,600,"bu","11:21:06",5230300
26400,-50,600,"sd","11:21:12",5230900
26400,-50,800,"bu","11:21:14",5231700
26450,0,800,"bu","11:21:25",5232500
26400,-50,600,"bu","11:21:29",5233100
26400,-50,3900,"bu","11:21:35",5237000
26400,-50,300,"bu","11:21:37",5237300
26450,0,1300,"sd","11:21:50",5238600
26450,0,300,"sd","11:21:57",5238900
26450,0,2500,"sd","11:22:15",5241400
26450,0,600,"sd","11:22:18",5242000
26450,0,6200,"bu","11:22:28",5248200
26450,0,100,"sd","11:22:31",5248300
26450,0,300,"bu","11:22:34",5248600
26500,50,17200,"bu","11:22:38",5265800
26500,50,300,"sd","11:22:40",5266100
26500,50,400,"sd","11:22:43",5266500
26500,50,4800,"bu","11:22:47",5271300
26500,50,300,"sd","11:22:54",5271600
26500,50,900,"bu","11:22:59",5272500
26500,50,300,"sd","11:23:00",5272800
26500,50,1700,"sd","11:23:05",5274500
26500,50,6000,"bu","11:23:08",5280500
26500,50,400,"sd","11:23:09",5280900
26500,50,5500,"bu","11:23:18",5286400
26500,50,1200,"sd","11:23:19",5287600
26500,50,500,"bu","11:23:20",5288100
26500,50,2000,"sd","11:23:32",5290100
26500,50,1500,"bu","11:23:33",5291600
26500,50,500,"bu","11:23:36",5292100
26500,50,300,"sd","11:23:38",5292400
26500,50,5000,"bu","11:23:49",5297400
26500,50,100,"sd","11:23:53",5297500
26500,50,4000,"bu","11:23:54",5301500
26500,50,300,"sd","11:23:56",5301800
26500,50,5000,"bu","11:23:57",5306800
26500,50,3000,"bu","11:24:00",5309800
26500,50,2100,"sd","11:24:06",5311900
26450,0,9000,"bu","11:24:24",5320900
26450,0,3400,"sd","11:24:42",5324300
26450,0,1600,"sd","11:24:49",5325900
26450,0,200,"bu","11:25:06",5326100
26450,0,28100,"bu","11:25:09",5354200
26500,50,50000,"sd","11:25:38",5404200
26450,0,1500,"bu","11:25:41",5405700
26450,0,300,"sd","11:25:48",5406000
26450,0,1000,"bu","11:25:56",5407000
26450,0,79500,"bu","11:26:00",5486500
26500,50,100,"bu","11:26:02",5486600
26500,50,2000,"bu","11:26:31",5488600
26500,50,500,"bu","11:26:35",5489100
26450,0,900,"sd","11:26:36",5490000
26450,0,5000,"sd","11:26:37",5495000
26450,0,2000,"bu","11:27:13",5497000
26450,0,1500,"sd","11:27:19",5498500
26450,0,800,"sd","11:27:31",5499300
26500,50,3800,"bu","11:27:39",5503100
26500,50,200,"bu","11:27:44",5503300
26500,50,50000,"sd","11:28:00",5553300
26450,0,300,"sd","11:28:04",5553600
26500,50,100,"bu","11:28:10",5553700
26500,50,1400,"bu","11:28:11",5555100
26500,50,300,"sd","11:28:17",5555400
26500,50,2600,"bu","11:28:22",5558000
26500,50,400,"bu","11:28:32",5558400
26500,50,15000,"bu","11:29:19",5573400
26500,50,500,"sd","11:29:27",5573900
26500,50,3000,"bu","11:29:34",5576900
26500,50,5200,"sd","11:29:48",5582100
26500,50,1000,"bu","11:29:52",5583100
26500,50,1500,"bu","11:29:56",5584600
26500,50,1000,"bu","11:29:58",5585600
26500,50,22000,"sd","11:30:02",5607600
26550,100,1000,"sd","11:30:03",5608600
26500,50,10000,"sd","13:00:16",5618600
26550,100,2200,"bu","13:00:17",5620800
26550,100,18000,"bu","13:00:17",5638800
26550,100,1300,"sd","13:00:18",5640100
26550,100,20000,"bu","13:00:19",5660100
26550,100,39000,"bu","13:00:22",5699100
26550,100,100,"bu","13:00:24",5701900
26550,100,1300,"bu","13:00:26",5703200
26550,100,4800,"sd","13:00:27",5708000
26600,150,8400,"bu","13:00:29",5728000
26600,150,20000,"sd","13:00:30",5748000
26550,100,2800,"bu","13:00:32",5750800
26550,100,10200,"sd","13:00:34",5761000
26550,100,5000,"bu","13:00:35",5766000
26500,50,400,"sd","13:00:37",5766800
26500,50,2000,"sd","13:00:37",5768800
26550,100,200,"bu","13:00:38",5769000
26550,100,200,"bu","13:00:39",5769200
26550,100,18500,"sd","13:00:41",5787700
26550,100,800,"bu","13:00:45",5788500
26600,150,16000,"bu","13:00:45",5804500
26600,150,24400,"bu","13:00:47",5828900
26600,150,117600,"bu","13:00:48",5946500
26600,150,100,"sd","13:00:49",5958700
26600,150,18800,"sd","13:00:53",5977500
26600,150,11600,"bu","13:00:55",5989100
26600,150,3000,"bu","13:00:56",5992100
26600,150,6900,"bu","13:00:57",5999000
26600,150,1000,"bu","13:00:59",6000000
26600,150,1000,"sd","13:01:01",6001000
26600,150,5000,"bu","13:01:03",6006000
26600,150,1500,"sd","13:01:04",6007500
26650,200,100,"bu","13:01:15",6007600
26600,150,800,"sd","13:01:21",6008400
26600,150,12500,"sd","13:01:23",6020900
26600,150,100,"sd","13:01:28",6021000
26600,150,400,"bu","13:01:35",6021400
26550,100,1000,"sd","13:01:45",6022400
26600,150,100,"bu","13:01:46",6022500
26600,150,200,"bu","13:01:47",6022700
26500,50,60000,"sd","13:01:48",6082700
26500,50,1000,"sd","13:01:51",6083700
26550,100,200,"sd","13:02:00",6083900
26550,100,2100,"bu","13:02:05",6086000
26550,100,5500,"bu","13:02:07",6091500
26550,100,4000,"sd","13:02:10",6095500
26550,100,10000,"bu","13:02:11",6105500
26550,100,2000,"sd","13:02:16",6107500
26550,100,2000,"sd","13:02:19",6109500
26550,100,1500,"sd","13:02:23",6111000
26550,100,500,"bu","13:02:24",6111500
26550,100,1000,"sd","13:02:25",6112500
26550,100,2200,"bu","13:02:26",6114700
26550,100,5900,"bu","13:02:31",6120600
26550,100,7800,"sd","13:02:39",6128400
26550,100,1000,"bu","13:02:41",6129400
26500,50,2000,"sd","13:02:46",6131400
26550,100,500,"sd","13:02:51",6131900
26550,100,2000,"bu","13:02:54",6133900
26500,50,11000,"bu","13:02:59",6144900
26550,100,2000,"bu","13:03:00",6146900
26550,100,2600,"sd","13:03:01",6149500
26500,50,1200,"sd","13:03:08",6150700
26550,100,200,"sd","13:03:14",6150900
26550,100,800,"bu","13:03:16",6151700
26550,100,100,"bu","13:03:17",6151800
26550,100,1100,"sd","13:03:28",6152900
26550,100,10000,"sd","13:03:29",6162900
26550,100,2000,"bu","13:03:30",6164900
26550,100,20000,"bu","13:03:31",6184900
26600,150,88700,"sd","13:03:36",6273600
26600,150,25000,"bu","13:03:37",6298600
26650,200,75500,"sd","13:03:38",6374100
26600,150,3000,"bu","13:03:41",6377100
26650,200,900,"sd","13:03:42",6378000
26650,200,21500,"bu","13:03:43",6399500
26700,250,50000,"bu","13:03:44",6449500
26650,200,10000,"sd","13:03:45",6459500
26700,250,10000,"bu","13:03:49",6469500
26750,300,99400,"sd","13:03:51",6568900
26750,300,10000,"sd","13:03:52",6578900
26700,250,500,"sd","13:03:55",6579400
26700,250,100200,"sd","13:03:56",6679600
26750,300,1500,"sd","13:03:57",6681100
26750,300,25200,"bu","13:03:59",6706300
26750,300,22700,"sd","13:04:01",6729000
26750,300,44200,"bu","13:04:02",6773200
26800,350,10000,"bu","13:04:03",6783200
26750,300,12000,"sd","13:04:05",6795200
26750,300,19100,"sd","13:04:07",6814300
26750,300,500,"bu","13:04:08",6814800
26750,300,13500,"sd","13:04:11",6828300
26750,300,4000,"bu","13:04:12",6832300
26750,300,2700,"sd","13:04:14",6835000
26750,300,1500,"sd","13:04:15",6836500
26750,300,10000,"sd","13:04:16",6846500
26750,300,4000,"sd","13:04:17",6850500
26750,300,18000,"sd","13:04:19",6868500
26750,300,48000,"bu","13:04:21",6916500
26750,300,7400,"bu","13:04:24",6923900
26750,300,200,"sd","13:04:26",6924100
26750,300,3200,"bu","13:04:29",6927300
26750,300,16000,"sd","13:04:32",6943300
26750,300,3000,"bu","13:04:34",6946300
26700,250,11000,"sd","13:04:37",6957300
26700,250,2000,"sd","13:04:39",6959300
26700,250,86000,"sd","13:04:41",7045300
26700,250,1400,"bu","13:04:43",7046700
26700,250,1300,"bu","13:04:46",7048000
26700,250,100,"sd","13:04:50",7048100
26700,250,12000,"sd","13:04:51",7060100
26700,250,5000,"sd","13:04:54",7065100
26700,250,2000,"sd","13:04:55",7067100
26700,250,2100,"sd","13:04:58",7069200
26700,250,8800,"sd","13:04:59",7078000
26700,250,100,"bu","13:05:01",7078100
26700,250,42000,"sd","13:05:02",7120100
26700,250,7500,"sd","13:05:04",7127600
26700,250,47000,"sd","13:05:05",7174600
26700,250,2000,"sd","13:05:06",7176600
26650,200,900,"bu","13:05:08",7177500
26700,250,5000,"sd","13:05:10",7182500
26700,250,24900,"bu","13:05:13",7207400
26650,200,800,"sd","13:05:14",7208200
26700,250,6000,"sd","13:05:17",7214200
26650,200,300,"sd","13:05:19",7214500
26700,250,10500,"bu","13:05:20",7225000
26700,250,11000,"bu","13:05:23",7236000
26700,250,400,"sd","13:05:24",7236400
26650,200,1900,"bu","13:05:27",7238300
26700,250,3100,"sd","13:05:28",7241400
26650,200,10200,"sd","13:05:30",7251600
26700,250,13200,"bu","13:05:32",7264800
26700,250,3000,"bu","13:05:33",7267800
26650,200,6000,"bu","13:05:35",7273800
26650,200,100,"sd","13:05:38",7273900
26650,200,5000,"bu","13:05:40",7278900
26650,200,400,"sd","13:05:42",7279300
26650,200,1400,"sd","13:05:51",7280700
26650,200,300,"bu","13:05:55",7281000
26650,200,11000,"sd","13:05:59",7292000
26650,200,1000,"sd","13:06:00",7293000
26700,250,500,"bu","13:06:02",7293500
26650,200,5900,"sd","13:06:07",7299400
26650,200,3000,"bu","13:06:08",7302400
26650,200,1000,"sd","13:06:10",7303400
26650,200,1100,"sd","13:06:16",7304500
26650,200,300,"bu","13:06:18",7304800
26650,200,200,"bu","13:06:22",7305000
26650,200,4000,"bu","13:06:32",7309000
26650,200,1000,"sd","13:06:33",7310000
26650,200,200,"bu","13:06:34",7310200
26650,200,1000,"sd","13:06:37",7311200
26700,250,11000,"bu","13:06:38",7322200
26650,200,100,"bu","13:06:39",7322300
26650,200,1400,"sd","13:06:42",7323700
26650,200,1600,"bu","13:06:47",7325300
26700,250,700,"bu","13:06:58",7326000
26700,250,100,"bu","13:07:01",7326100
26700,250,5100,"sd","13:07:17",7331200
26650,200,1000,"bu","13:07:18",7332200
26700,250,3000,"sd","13:07:19",7335200
26700,250,2100,"sd","13:07:28",7337300
26700,250,5000,"bu","13:07:30",7342300
26700,250,19000,"sd","13:07:31",7361300
26700,250,7500,"sd","13:07:36",7368800
26700,250,1200,"sd","13:07:38",7370000
26700,250,1000,"bu","13:07:39",7371000
26650,200,5000,"sd","13:07:43",7376000
26700,250,8000,"bu","13:07:46",7384000
26700,250,10000,"bu","13:07:47",7394000
26700,250,200,"bu","13:07:48",7394200
26700,250,2900,"sd","13:07:49",7397100
26700,250,50700,"bu","13:07:52",7447800
26700,250,14000,"sd","13:07:53",7461800
26700,250,2700,"bu","13:07:55",7464500
26700,250,4000,"sd","13:07:57",7468500
26700,250,5000,"sd","13:07:58",7473500
26700,250,11600,"sd","13:07:59",7485100
26700,250,11300,"bu","13:08:01",7496400
26700,250,6900,"bu","13:08:02",7503300
26700,250,500,"bu","13:08:04",7503800
26700,250,5400,"bu","13:08:11",7509200
26700,250,1700,"sd","13:08:13",7510900
26700,250,11200,"bu","13:08:15",7522100
26700,250,2000,"bu","13:08:16",7524100
26700,250,10100,"bu","13:08:18",7534200
26700,250,51500,"bu","13:08:20",7585700
26700,250,24400,"bu","13:08:21",7610100
26700,250,67000,"sd","13:08:22",7677100
26700,250,21700,"sd","13:08:23",7698800
26700,250,91100,"sd","13:08:25",7789900
26700,250,9500,"sd","13:08:26",7799400
26700,250,23800,"bu","13:08:27",7823200
26750,300,700,"sd","13:08:31",7823900
26700,250,5000,"bu","13:08:34",7828900
26700,250,1500,"sd","13:08:36",7830400
26700,250,200,"bu","13:08:46",7830600
26750,300,500,"bu","13:08:48",7831100
26750,300,1000,"bu","13:08:50",7832100
26750,300,30200,"bu","13:08:54",7862300
26750,300,1100,"sd","13:08:57",7863400
26750,300,19000,"sd","13:08:58",7882400
26750,300,21000,"bu","13:09:01",7903400
26750,300,1000,"sd","13:09:03",7904400
26750,300,10200,"bu","13:09:06",7914600
26750,300,6800,"bu","13:09:07",7921400
26750,300,100,"sd","13:09:08",7921500
26750,300,5300,"sd","13:09:10",7926800
26750,300,1000,"bu","13:09:11",7927800
26750,300,2000,"bu","13:09:12",7929800
26750,300,4500,"sd","13:09:21",7934300
26750,300,1000,"bu","13:09:24",7935300
26750,300,1300,"sd","13:09:29",7936600
26750,300,2000,"sd","13:09:32",7938600
26750,300,2400,"sd","13:09:33",7941000
26750,300,7200,"bu","13:09:35",7948200
26750,300,20000,"bu","13:09:36",7968200
26750,300,1200,"bu","13:09:37",7969400
26750,300,4000,"sd","13:09:41",7973400
26700,250,159800,"bu","13:09:44",8133200
26700,250,5700,"sd","13:09:46",8138900
26700,250,6500,"sd","13:09:47",8145400
26700,250,1500,"bu","13:09:52",8146900
26700,250,3000,"sd","13:09:57",8149900
26700,250,11900,"bu","13:09:58",8161800
26700,250,100,"bu","13:10:00",8161900
26700,250,8500,"bu","13:10:01",8170400
26700,250,5000,"bu","13:10:02",8175400
26700,250,5200,"sd","13:10:06",8180600
26700,250,500,"bu","13:10:08",8181100
26750,300,8000,"sd","13:10:14",8189100
26750,300,100,"bu","13:10:17",8189200
26700,250,5000,"sd","13:10:19",8194200
26700,250,200,"sd","13:10:25",8194400
26750,300,15000,"sd","13:10:31",8209400
26750,300,4600,"sd","13:10:33",8214000
26700,250,81800,"sd","13:10:37",8295800
26700,250,8700,"sd","13:10:39",8304500
26700,250,1000,"sd","13:10:42",8305500
26750,300,900,"sd","13:10:43",8306400
26700,250,500,"bu","13:10:48",8306900
26750,300,10800,"sd","13:10:50",8317700
26700,250,5000,"bu","13:10:51",8322700
26750,300,200,"sd","13:10:53",8322900
26700,250,700,"sd","13:11:07",8323600
26750,300,200,"bu","13:11:09",8323800
26700,250,87900,"bu","13:11:13",8411700
26700,250,3100,"bu","13:11:14",8414800
26700,250,3000,"bu","13:11:17",8417800
26700,250,200,"sd","13:11:18",8418000
26700,250,5800,"sd","13:11:20",8423800
26700,250,36600,"sd","13:11:23",8460400
26700,250,23000,"bu","13:11:35",8483400
26700,250,1300,"bu","13:11:36",8484700
26700,250,2000,"bu","13:11:37",8486700
26700,250,3200,"bu","13:11:42",8489900
26700,250,14000,"bu","13:11:49",8503900
26700,250,100,"bu","13:11:53",8504000
26700,250,1100,"sd","13:11:56",8505100
26700,250,1000,"bu","13:11:57",8506100
26700,250,100,"bu","13:12:01",8506200
26700,250,10000,"bu","13:12:05",8516200
26700,250,6000,"bu","13:12:11",8522200
26700,250,100,"bu","13:12:13",8522300
26700,250,300,"sd","13:12:20",8522600
26700,250,1000,"bu","13:12:21",8523600
26700,250,14100,"sd","13:12:28",8537700
26700,250,3000,"sd","13:12:29",8540700
26700,250,1500,"sd","13:12:37",8542200
26700,250,500,"sd","13:12:42",8542700
26700,250,20000,"bu","13:12:44",8562700
26700,250,7300,"sd","13:12:47",8570000
26700,250,4200,"sd","13:12:51",8574200
26700,250,12000,"sd","13:12:56",8586200
26700,250,6000,"sd","13:12:57",8592200
26700,250,4000,"sd","13:13:00",8596200
26700,250,3000,"sd","13:13:01",8599200
26700,250,30000,"sd","13:13:02",8629200
26700,250,1000,"bu","13:13:04",8630200
26700,250,8200,"sd","13:13:05",8638400
26700,250,500,"bu","13:13:06",8638900
26700,250,1000,"bu","13:13:07",8639900
26700,250,9500,"bu","13:13:09",8649400
26700,250,18900,"bu","13:13:10",8668300
26700,250,22100,"bu","13:13:11",8690400
26700,250,1200,"sd","13:13:14",8691600
26700,250,700,"bu","13:13:15",8692300
26700,250,500,"bu","13:13:20",8692800
26700,250,103100,"bu","13:13:21",8795900
26700,250,1000,"bu","13:13:23",8796900
26700,250,6400,"sd","13:13:24",8803300
26750,300,30500,"sd","13:13:25",8833800
26700,250,15000,"sd","13:13:36",8848800
26700,250,1500,"sd","13:13:37",8850300
26700,250,800,"bu","13:13:38",8851100
26750,300,300,"sd","13:13:40",8851400
26750,300,11300,"sd","13:13:42",8862700
26750,300,600,"sd","13:13:43",8863300
26750,300,2200,"sd","13:13:46",8865500
26750,300,3200,"bu","13:13:48",8868700
26750,300,1300,"bu","13:13:49",8870000
26750,300,1900,"sd","13:13:51",8871900
26750,300,300,"bu","13:13:52",8872200
26700,250,4900,"bu","13:13:57",8877100
26700,250,100,"bu","13:14:01",8877200
26700,250,63800,"bu","13:14:11",8941000
26700,250,1000,"bu","13:14:12",8942000
26700,250,1500,"sd","13:14:14",8943500
26700,250,1200,"bu","13:14:16",8944700
26700,250,5700,"sd","13:14:17",8950400
26700,250,1000,"sd","13:14:20",8951400
26650,200,79000,"bu","13:14:22",9030400
26700,250,2400,"bu","13:14:28",9032800
26700,250,5000,"sd","13:14:29",9037800
26700,250,1100,"sd","13:14:33",9038900
26700,250,1900,"sd","13:14:39",9040800
26700,250,1100,"bu","13:14:42",9041900
26700,250,500,"sd","13:14:43",9042400
26700,250,1000,"bu","13:14:45",9043400
26650,200,100,"sd","13:14:50",9043500
26650,200,1500,"bu","13:14:53",9045000
26650,200,140400,"bu","13:14:54",9185400
26650,200,1000,"sd","13:14:55",9186400
26650,200,100,"sd","13:14:58",9186500
26650,200,2400,"bu","13:14:59",9188900
26650,200,10500,"bu","13:15:01",9199400
26650,200,5000,"sd","13:15:03",9204400
26650,200,2800,"bu","13:15:06",9207200
26650,200,2000,"bu","13:15:08",9209200
26650,200,10800,"bu","13:15:11",9220000
26650,200,5000,"sd","13:15:13",9225000
26650,200,700,"sd","13:15:15",9225700
26650,200,3300,"sd","13:15:20",9229000
26650,200,1000,"bu","13:15:22",9230000
26650,200,4000,"bu","13:15:25",9234000
26650,200,19100,"sd","13:15:28",9253100
26650,200,3000,"sd","13:15:30",9256100
26650,200,200,"sd","13:15:38",9256300
26650,200,12500,"bu","13:15:41",9268800
26650,200,2400,"bu","13:15:44",9271200
26650,200,700,"bu","13:15:47",9271900
26650,200,7400,"sd","13:15:48",9279300
26650,200,5000,"bu","13:15:51",9284300
26650,200,7000,"sd","13:15:54",9291300
26650,200,5000,"sd","13:15:56",9296300
26650,200,1400,"sd","13:15:59",9297700
26650,200,4800,"sd","13:16:02",9302500
26650,200,10000,"bu","13:16:03",9312500
26600,150,1000,"sd","13:16:07",9313500
26650,200,200,"sd","13:16:08",9313700
26650,200,800,"sd","13:16:10",9314500
26650,200,1000,"sd","13:16:13",9315500
26650,200,100,"bu","13:16:18",9315600
26650,200,600,"sd","13:16:22",9316200
26650,200,3900,"sd","13:16:25",9320100
26650,200,700,"bu","13:16:27",9320800
26650,200,7600,"sd","13:16:31",9328400
26650,200,1000,"sd","13:16:34",9329400
26650,200,2000,"sd","13:16:48",9331400
26650,200,100,"bu","13:16:50",9331500
26650,200,5000,"sd","13:16:55",9336500
26650,200,7500,"bu","13:16:57",9344000
26650,200,5500,"sd","13:16:59",9349500
26650,200,200,"bu","13:17:00",9349700
26650,200,1000,"bu","13:17:02",9350700
26650,200,500,"bu","13:17:03",9351200
26650,200,1000,"bu","13:17:05",9352200
26650,200,1500,"bu","13:17:06",9353700
26650,200,500,"sd","13:17:07",9354200
26650,200,400,"sd","13:17:08",9354600
26650,200,700,"bu","13:17:10",9355300
26650,200,3800,"bu","13:17:12",9359100
26650,200,24900,"sd","13:17:21",9384000
26650,200,1500,"sd","13:17:23",9385500
26650,200,1000,"bu","13:17:29",9386500
26700,250,100,"bu","13:17:32",9386600
26650,200,2400,"sd","13:17:33",9389000
26700,250,100,"sd","13:17:38",9389100
26650,200,2100,"sd","13:17:51",9391200
26700,250,5000,"bu","13:17:58",9396200
26700,250,100,"bu","13:18:07",9396300
26700,250,2000,"sd","13:18:09",9398300
26700,250,200,"sd","13:18:11",9398500
26700,250,400,"sd","13:18:24",9398900
26650,200,1500,"sd","13:18:29",9400400
26700,250,200,"bu","13:18:31",9400600
26650,200,2000,"bu","13:18:37",9402600
26650,200,1500,"bu","13:18:38",9404100
26700,250,2700,"sd","13:18:44",9406800
26650,200,1000,"bu","13:18:50",9407800
26650,200,300,"bu","13:18:57",9408100
26700,250,2000,"sd","13:19:00",9410100
26700,250,30000,"sd","13:19:09",9440100
26700,250,300,"sd","13:19:13",9440400
26700,250,2000,"sd","13:19:18",9442400
26650,200,1800,"sd","13:19:19",9444200
26700,250,1000,"sd","13:19:25",9445200
26650,200,80000,"bu","13:19:26",9525200
26700,250,2300,"sd","13:19:28",9527500
26650,200,9000,"bu","13:19:29",9536500
26700,250,100,"bu","13:19:37",9536600
26700,250,300,"sd","13:19:41",9536900
26700,250,28600,"bu","13:19:50",9565500
26700,250,500,"sd","13:19:51",9566000
26700,250,200,"bu","13:19:56",9566200
26700,250,3000,"sd","13:19:59",9569200
26700,250,7400,"sd","13:20:03",9576600
26650,200,6200,"bu","13:20:10",9582800
26650,200,10900,"bu","13:20:13",9593700
26650,200,400,"sd","13:20:14",9594100
26700,250,100,"bu","13:20:17",9594200
26700,250,5000,"bu","13:20:19",9599200
26700,250,1000,"sd","13:20:22",9600200
26700,250,3300,"bu","13:20:23",9603500
26700,250,200,"bu","13:20:26",9603700
26650,200,500,"sd","13:20:35",9604200
26700,250,8400,"sd","13:20:40",9612600
26700,250,5000,"sd","13:20:46",9617600
26700,250,1100,"bu","13:20:47",9618700
26700,250,10000,"sd","13:20:52",9628700
26700,250,1000,"bu","13:20:59",9629700
26700,250,300,"bu","13:21:08",9630000
26700,250,100,"sd","13:21:19",9630100
26700,250,500,"sd","13:21:20",9630600
26700,250,5000,"sd","13:21:22",9635600
26700,250,500,"sd","13:21:23",9636100
26700,250,1500,"bu","13:21:38",9637600
26700,250,500,"bu","13:21:42",9638100
26700,250,5100,"bu","13:21:43",9643200
26700,250,1500,"sd","13:21:46",9644700
26700,250,10000,"bu","13:21:52",9654700
26700,250,1100,"bu","13:21:53",9655800
26700,250,30000,"bu","13:21:59",9685800
26700,250,200,"sd","13:22:00",9686000
26700,250,23500,"bu","13:22:02",9709500
26700,250,54000,"bu","13:22:03",9763500
26700,250,1000,"bu","13:22:04",9764500
26700,250,6200,"bu","13:22:06",9770700
26700,250,41000,"bu","13:22:07",9811700
26700,250,11100,"bu","13:22:08",9822800
26700,250,600,"bu","13:22:10",9823400
26700,250,700,"bu","13:22:11",9824100
26700,250,28200,"sd","13:22:12",9852300
26700,250,200,"sd","13:22:14",9852500
26700,250,5300,"sd","13:22:20",9857800
26700,250,2500,"sd","13:22:21",9860300
26700,250,20000,"bu","13:22:23",9880300
26700,250,7500,"bu","13:22:24",9887800
26700,250,8000,"bu","13:22:27",9895800
26750,300,21000,"sd","13:22:30",9916800
26700,250,100,"bu","13:22:32",9916900
26700,250,200,"bu","13:22:35",9917100
26750,300,21200,"bu","13:22:36",9938300
26700,250,6000,"sd","13:22:38",9944300
26700,250,200,"sd","13:22:41",9944500
26750,300,300,"bu","13:22:49",9944800
26750,300,10100,"bu","13:22:53",9954900
26700,250,32200,"sd","13:23:05",9987100
26750,300,42200,"bu","13:23:12",10029300
26750,300,1900,"sd","13:23:15",10031200
26750,300,1000,"bu","13:23:16",10032200
26750,300,6000,"bu","13:23:18",10038200
26750,300,10000,"bu","13:23:19",10048200
26750,300,11700,"sd","13:23:21",10059900
26750,300,15000,"bu","13:23:22",10074900
26750,300,10000,"bu","13:23:23",10084900
26750,300,12500,"sd","13:23:25",10097400
26750,300,51000,"sd","13:23:26",10148400
26750,300,100,"sd","13:23:28",10148500
26750,300,6600,"sd","13:23:29",10155100
26750,300,5200,"sd","13:23:31",10160300
26750,300,2700,"bu","13:23:32",10163000
26750,300,12000,"bu","13:23:33",10175000
26800,350,30000,"sd","13:23:35",10205000
26800,350,1000,"bu","13:23:38",10206000
26800,350,100,"bu","13:23:39",10206100
26750,300,200,"bu","13:23:42",10206300
26800,350,2000,"bu","13:23:45",10208300
26800,350,600,"sd","13:23:48",10208900
26800,350,500,"bu","13:23:49",10209400
26800,350,2000,"sd","13:23:55",10211400
26800,350,5500,"sd","13:23:57",10216900
26800,350,7000,"bu","13:23:59",10223900
26750,300,100,"sd","13:24:03",10224000
26800,350,200,"bu","13:24:04",10224200
26750,300,1000,"bu","13:24:06",10225200
26750,300,200,"bu","13:24:09",10225400
26800,350,1000,"bu","13:24:10",10226400
26800,350,3000,"bu","13:24:14",10229400
26800,350,20000,"sd","13:24:17",10249400
26800,350,500,"sd","13:24:21",10249900
26800,350,500,"bu","13:24:22",10250400
26800,350,4000,"bu","13:24:23",10254400
26800,350,12000,"sd","13:24:26",10266400
26800,350,2900,"sd","13:24:27",10269300
26800,350,200,"sd","13:24:29",10269500
26800,350,25000,"sd","13:24:30",10294500
26800,350,18000,"sd","13:24:32",10312500
26800,350,5000,"bu","13:24:33",10317500
26750,300,7100,"sd","13:24:35",10324600
26800,350,10000,"bu","13:24:36",10334600
26800,350,52200,"bu","13:24:37",10386800
26800,350,12000,"bu","13:24:39",10398800
26800,350,5000,"bu","13:24:40",10403800
26800,350,21200,"bu","13:24:42",10425000
26850,400,1100,"sd","13:24:46",10426100
26850,400,300,"sd","13:24:53",10426400
26800,350,400,"bu","13:24:56",10426800
26800,350,2500,"bu","13:24:57",10429300
26850,400,2500,"sd","13:25:06",10431800
26850,400,500,"sd","13:25:11",10432300
26850,400,5000,"bu","13:25:12",10437300
26850,400,1000,"bu","13:25:15",10438300
26850,400,11000,"bu","13:25:21",10449300
26850,400,17000,"bu","13:25:24",10466300
26850,400,3900,"sd","13:25:25",10470200
26850,400,7500,"sd","13:25:27",10477700
26850,400,44100,"sd","13:25:28",10521800
26850,400,1200,"sd","13:25:31",10523000
26850,400,32400,"sd","13:25:32",10555400
26850,400,500,"sd","13:25:34",10555900
26850,400,100,"sd","13:25:36",10556000
26850,400,4400,"bu","13:25:37",10560400
26850,400,26000,"bu","13:25:39",10586400
26850,400,100,"bu","13:25:40",10586500
26900,450,10900,"bu","13:25:45",10597400
26850,400,25200,"sd","13:25:47",10622600
26850,400,6500,"bu","13:25:50",10629100
26850,400,200,"sd","13:25:52",10629300
26850,400,14900,"sd","13:25:57",10644200
26900,450,11300,"bu","13:25:59",10655500
26850,400,15100,"sd","13:26:02",10670600
26850,400,68300,"sd","13:26:12",10738900
26850,400,10000,"bu","13:26:14",10748900
26850,400,3100,"bu","13:26:16",10752000
26850,400,14000,"bu","13:26:17",10766000
26850,400,400,"bu","13:26:19",10766400
26850,400,1500,"sd","13:26:22",10767900
26800,350,42000,"sd","13:26:23",10809900
26850,400,100,"sd","13:26:25",10810000
26850,400,700,"sd","13:26:27",10810700
26800,350,23400,"bu","13:26:29",10834100
26800,350,600,"sd","13:26:35",10834700
26800,350,300,"bu","13:26:37",10835000
26800,350,2000,"sd","13:26:38",10837000
26800,350,100,"sd","13:26:40",10837100
26850,400,12300,"bu","13:26:46",10849400
26800,350,2000,"sd","13:26:48",10851400
26850,400,7600,"sd","13:26:51",10859000
26850,400,10000,"sd","13:26:53",10869000
26850,400,1400,"bu","13:26:54",10870400
26800,350,100,"bu","13:27:00",10870500
26850,400,1600,"sd","13:27:03",10872100
26800,350,5000,"bu","13:27:04",10877100
26800,350,200,"bu","13:27:06",10877300
26800,350,2100,"bu","13:27:19",10879400
26800,350,5100,"bu","13:27:22",10884500
26800,350,10200,"bu","13:27:23",10894700
26800,350,1700,"sd","13:27:26",10896400
26800,350,1800,"sd","13:27:27",10898200
26800,350,100,"bu","13:27:30",10898300
26800,350,50000,"bu","13:27:31",10948300
26800,350,500,"bu","13:27:33",10948800
26800,350,11800,"bu","13:27:35",10960600
26800,350,4300,"sd","13:27:36",10964900
26800,350,1100,"bu","13:27:37",10966000
26800,350,1400,"bu","13:27:38",10967400
26800,350,100,"bu","13:27:39",10967500
26850,400,3000,"sd","13:27:41",10970500
26800,350,3100,"sd","13:27:44",10973600
26800,350,500,"sd","13:27:45",10974100
26800,350,7000,"bu","13:27:48",10981100
26800,350,5000,"bu","13:27:49",10986100
26800,350,10000,"sd","13:27:54",10996100
26800,350,5600,"bu","13:27:55",11001700
26800,350,8500,"bu","13:27:57",11010200
26800,350,10000,"bu","13:27:58",11020200
26800,350,100,"bu","13:28:00",11020300
26800,350,5000,"bu","13:28:01",11025300
26800,350,200,"sd","13:28:03",11025500
26750,300,100,"sd","13:28:04",11025600
26800,350,900,"bu","13:28:06",11026500
26800,350,30900,"sd","13:28:09",11057400
26800,350,400,"bu","13:28:13",11057800
26800,350,500,"sd","13:28:14",11058300
26750,300,100,"sd","13:28:15",11058400
26800,350,7200,"sd","13:28:18",11065600
26800,350,1000,"sd","13:28:20",11066600
26800,350,1100,"sd","13:28:24",11067700
26750,300,100,"sd","13:28:26",11067800
26800,350,1000,"sd","13:28:27",11068800
26800,350,11000,"bu","13:28:30",11079800
26800,350,21100,"sd","13:28:31",11100900
26750,300,100,"sd","13:28:36",11101000
26750,300,6600,"sd","13:28:49",11107600
26800,350,11500,"bu","13:28:53",11119100
26800,350,50000,"sd","13:28:56",11169100
26750,300,100,"sd","13:28:57",11169200
26800,350,21700,"bu","13:29:01",11190900
26800,350,300,"sd","13:29:06",11191200
26800,350,700,"bu","13:29:07",11191900
26800,350,300,"sd","13:29:09",11192200
26800,350,2000,"sd","13:29:10",11194200
26800,350,300,"sd","13:29:12",11194500
26800,350,2000,"sd","13:29:16",11196500
26750,300,100,"sd","13:29:18",11196600
26800,350,500,"bu","13:29:20",11197100
26800,350,100,"bu","13:29:23",11197200
26800,350,5000,"bu","13:29:26",11202200
26800,350,1100,"bu","13:29:29",11203300
26800,350,800,"sd","13:29:35",11204100
26750,300,700,"bu","13:29:37",11204800
26750,300,200,"bu","13:29:38",11205000
26800,350,5000,"sd","13:29:49",11210000
26800,350,700,"bu","13:29:50",11210700
26800,350,10100,"bu","13:30:02",11220800
26750,300,3300,"bu","13:30:03",11224100
26800,350,900,"bu","13:30:12",11225000
26800,350,4000,"bu","13:30:15",11229000
26800,350,500,"sd","13:30:17",11229500
26750,300,8100,"sd","13:30:22",11237600
26800,350,1000,"sd","13:30:27",11238600
26800,350,1900,"sd","13:30:31",11240500
26750,300,400,"bu","13:30:32",11240900
26800,350,200,"sd","13:30:34",11241100
26800,350,400,"sd","13:30:37",11241500
26750,300,2600,"sd","13:30:48",11244100
26800,350,3000,"sd","13:30:55",11247100
26750,300,52200,"bu","13:31:05",11299300
26800,350,10100,"bu","13:31:08",11309400
26750,300,1100,"bu","13:31:15",11310500
26800,350,5000,"sd","13:31:24",11315500
26750,300,100,"bu","13:31:26",11315600
26800,350,2000,"sd","13:31:27",11317600
26750,300,5200,"bu","13:31:29",11322800
26800,350,800,"bu","13:31:32",11323600
26750,300,300,"bu","13:31:35",11323900
26800,350,3100,"bu","13:31:36",11327000
26800,350,3000,"bu","13:31:38",11330000
26800,350,3500,"sd","13:31:40",11333500
26750,300,100,"sd","13:31:46",11333600
26750,300,3100,"bu","13:32:00",11336700
26750,300,100,"sd","13:32:08",11336800
26750,300,3200,"bu","13:32:10",11340000
26800,350,1900,"bu","13:32:11",11341900
26800,350,200,"bu","13:32:15",11342100
26750,300,109700,"sd","13:32:16",11451800
26750,300,100,"bu","13:32:17",11451900
26750,300,1100,"bu","13:32:22",11453000
26750,300,8000,"sd","13:32:23",11461000
26750,300,5000,"bu","13:32:25",11466000
26750,300,17300,"bu","13:32:26",11483300
26750,300,1300,"bu","13:32:29",11484600
26750,300,3000,"sd","13:32:33",11487600
26750,300,4000,"sd","13:32:34",11491600
26750,300,500,"sd","13:32:36",11492100
26750,300,100,"sd","13:32:39",11492200
26750,300,16100,"bu","13:32:41",11508300
26750,300,2500,"sd","13:32:42",11510800
26800,350,3000,"sd","13:32:44",11513800
26750,300,5100,"bu","13:32:45",11518900
26750,300,700,"sd","13:32:50",11519600
26750,300,1000,"bu","13:32:51",11520600
26750,300,2100,"sd","13:33:01",11522700
26750,300,5000,"sd","13:33:03",11527700
26750,300,5200,"sd","13:33:06",11532900
26750,300,2000,"sd","13:33:08",11534900
26750,300,100,"bu","13:33:11",11535000
26750,300,6000,"sd","13:33:12",11541000
26750,300,2500,"bu","13:33:14",11543500
26750,300,20500,"bu","13:33:20",11564000
26750,300,600,"bu","13:33:22",11564600
26750,300,5000,"sd","13:33:24",11569600
26750,300,1300,"sd","13:33:25",11570900
26750,300,900,"sd","13:33:27",11571800
26750,300,900,"bu","13:33:33",11572700
26750,300,1000,"sd","13:33:35",11573700
26750,300,1500,"bu","13:33:42",11575200
26750,300,100,"sd","13:33:44",11575300
26750,300,2000,"sd","13:33:59",11577300
26750,300,1000,"sd","13:34:03",11578300
26750,300,1600,"sd","13:34:05",11579900
26750,300,300,"sd","13:34:07",11580200
26750,300,100,"sd","13:34:15",11580300
26750,300,3800,"sd","13:34:18",11584100
26750,300,5000,"bu","13:34:21",11589100
26750,300,1000,"bu","13:34:23",11590100
26750,300,400,"sd","13:34:27",11590500
26750,300,5900,"bu","13:34:34",11596400
26750,300,30400,"sd","13:34:39",11626800
26750,300,1000,"bu","13:34:41",11627800
26750,300,1000,"bu","13:34:42",11628800
26750,300,5400,"sd","13:34:45",11634200
26750,300,3600,"sd","13:34:48",11637800
26750,300,500,"bu","13:34:50",11638300
26750,300,2000,"sd","13:34:54",11640300
26750,300,1500,"sd","13:34:56",11641800
26750,300,200,"sd","13:34:57",11642000
26800,350,2600,"sd","13:35:05",11644600
26750,300,100,"sd","13:35:08",11644700
26800,350,2200,"sd","13:35:20",11646900
26750,300,1300,"sd","13:35:23",11648200
26800,350,400,"sd","13:35:24",11648600
26750,300,100,"bu","13:35:31",11648700
26800,350,900,"bu","13:35:38",11649600
26750,300,100,"bu","13:35:40",11649700
26750,300,1400,"bu","13:35:43",11651100
26750,300,1100,"bu","13:35:50",11652200
26750,300,300,"sd","13:35:53",11652500
26750,300,3500,"sd","13:35:57",11656000
26800,350,4000,"sd","13:35:59",11660000
26750,300,300,"sd","13:36:00",11660300
26750,300,2000,"sd","13:36:02",11662300
26750,300,1600,"sd","13:36:11",11663900
26750,300,5100,"sd","13:36:13",11669000
26750,300,400,"sd","13:36:22",11669400
26750,300,100,"sd","13:36:26",11669500
26750,300,7100,"bu","13:36:35",11676600
26750,300,100,"bu","13:36:38",11676700
26750,300,6900,"bu","13:36:40",11683600
26750,300,1000,"bu","13:36:41",11684600
26750,300,100,"bu","13:36:43",11684700
26750,300,500,"bu","13:36:45",11685200
26750,300,1000,"bu","13:36:51",11686200
26750,300,100,"bu","13:36:52",11686300
26750,300,9000,"sd","13:36:54",11695300
26750,300,200,"sd","13:36:59",11695500
26750,300,10300,"sd","13:37:05",11705800
26750,300,5500,"bu","13:37:06",11711300
26750,300,300,"sd","13:37:08",11711600
26750,300,500,"bu","13:37:10",11712100
26750,300,200,"bu","13:37:12",11712300
26750,300,500,"bu","13:37:14",11712800
26750,300,1500,"bu","13:37:19",11714300
26750,300,5100,"bu","13:37:21",11719400
26750,300,300,"bu","13:37:22",11719700
26750,300,10500,"sd","13:37:24",11730200
26750,300,1100,"bu","13:37:26",11731300
26750,300,5500,"bu","13:37:27",11736800
26750,300,7000,"sd","13:37:29",11743800
26750,300,1000,"sd","13:37:31",11744800
26750,300,5000,"sd","13:37:32",11749800
26750,300,10600,"bu","13:37:34",11760400
26750,300,36400,"bu","13:37:42",11796800
26750,300,100,"sd","13:37:45",11796900
26750,300,1200,"bu","13:37:49",11798100
26750,300,200,"sd","13:37:52",11798300
26750,300,500,"bu","13:37:54",11798800
26750,300,100,"sd","13:37:55",11798900
26750,300,11800,"sd","13:38:00",11810700
26750,300,5000,"bu","13:38:03",11815700
26750,300,500,"bu","13:38:05",11816200
26700,250,6100,"sd","13:38:06",11822300
26750,300,16000,"sd","13:38:09",11838300
26750,300,7300,"bu","13:38:10",11845600
26750,300,100,"bu","13:38:17",11845700
26750,300,6100,"bu","13:38:22",11851800
26750,300,2600,"sd","13:38:24",11854400
26750,300,4100,"bu","13:38:26",11858500
26750,300,1200,"sd","13:38:27",11859700
26750,300,9000,"sd","13:38:29",11868700
26750,300,1300,"sd","13:38:39",11870000
26750,300,1900,"bu","13:38:46",11871900
26750,300,100,"sd","13:38:47",11872000
26750,300,500,"sd","13:38:49",11872500
26750,300,700,"sd","13:38:57",11873200
26750,300,9100,"bu","13:39:00",11882300
26750,300,800,"sd","13:39:06",11883100
26750,300,100,"bu","13:39:09",11883200
26750,300,1000,"sd","13:39:36",11884200
26750,300,100,"sd","13:39:40",11884300
26800,350,100000,"bu","13:39:43",11984300
26800,350,5000,"bu","13:39:44",11989300
26800,350,100,"sd","13:39:46",11989400
26800,350,1400,"bu","13:39:49",11990800
26750,300,800,"bu","13:39:51",11991600
26800,350,3000,"sd","13:39:56",11994600
26800,350,50000,"sd","13:39:57",12044600
26800,350,20000,"sd","13:40:00",12064600
26800,350,56600,"sd","13:40:02",12121200
26800,350,1000,"bu","13:40:04",12122200
26800,350,300,"sd","13:40:10",12122500
26850,400,900,"bu","13:40:12",12123400
26800,350,100,"bu","13:40:22",12123500
26850,400,2000,"bu","13:40:27",12125500
26850,400,600,"bu","13:40:31",12126100
26850,400,3100,"bu","13:40:32",12129200
26850,400,38800,"bu","13:40:34",12168000
26850,400,100,"bu","13:40:36",12168100
26850,400,33000,"bu","13:40:38",12201100
26850,400,1100,"bu","13:40:39",12202200
26850,400,1000,"bu","13:40:41",12203200
26800,350,20500,"sd","13:40:42",12223700
26850,400,5800,"sd","13:40:44",12229500
26800,350,5100,"bu","13:40:46",12234600
26850,400,37400,"bu","13:40:49",12272000
26850,400,3000,"bu","13:40:51",12275000
26800,350,16900,"bu","13:40:53",12291900
26850,400,22500,"bu","13:40:54",12314400
26850,400,2700,"bu","13:40:56",12317100
26900,450,10000,"sd","13:40:58",12327100
26850,400,100,"bu","13:41:03",12327200
26900,450,15000,"sd","13:41:05",12342200
26850,400,100,"sd","13:41:06",12342300
26900,450,5600,"bu","13:41:10",12347900
26900,450,20000,"bu","13:41:12",12367900
26850,400,200,"sd","13:41:13",12368100
26900,450,600,"sd","13:41:15",12368700
26900,450,2300,"bu","13:41:16",12371000
26900,450,500,"bu","13:41:18",12371500
26900,450,3000,"bu","13:41:20",12374500
26900,450,2500,"bu","13:41:22",12377000
26850,400,1100,"sd","13:41:23",12378100
26900,450,5100,"bu","13:41:32",12383200
26850,400,1800,"bu","13:41:33",12385000
26900,450,36700,"sd","13:41:43",12421700
26900,450,17600,"bu","13:41:46",12439300
26900,450,15500,"bu","13:41:48",12454800
26850,400,1000,"bu","13:41:50",12455800
26850,400,500,"bu","13:41:56",12456300
26900,450,3100,"bu","13:42:05",12459400
26850,400,1100,"sd","13:42:08",12460500
26900,450,12000,"sd","13:42:12",12472500
26900,450,600,"bu","13:42:17",12473100
26850,400,100,"bu","13:42:19",12473200
26900,450,500,"bu","13:42:20",12473700
26900,450,6500,"bu","13:42:23",12480200
26900,450,10000,"bu","13:42:25",12490200
26900,450,900,"bu","13:42:28",12491100
26900,450,20600,"sd","13:42:30",12511700
26900,450,12700,"sd","13:42:36",12524400
26850,400,13900,"bu","13:42:38",12538300
26900,450,400,"bu","13:42:40",12538700
26900,450,6000,"bu","13:42:41",12544700
26900,450,1000,"sd","13:42:43",12545700
26900,450,4000,"bu","13:42:45",12549700
26900,450,1000,"bu","13:42:46",12550700
26850,400,100,"sd","13:42:48",12550800
26900,450,3700,"bu","13:42:50",12554500
26900,450,5000,"sd","13:42:51",12559500
26900,450,16000,"bu","13:42:57",12575500
26900,450,4400,"sd","13:42:59",12579900
26900,450,10300,"bu","13:43:01",12590200
26900,450,24300,"bu","13:43:02",12614500
26900,450,74500,"sd","13:43:06",12689000
26950,500,62000,"sd","13:43:08",12751000
26900,450,100,"bu","13:43:09",12751100
26950,500,2000,"bu","13:43:13",12753100
26950,500,600,"bu","13:43:18",12753700
26900,450,100,"sd","13:43:20",12753800
26950,500,20000,"bu","13:43:25",12773800
26950,500,33700,"bu","13:43:27",12807500
26950,500,2000,"bu","13:43:28",12809500
26950,500,55300,"bu","13:43:30",12864800
26950,500,10100,"sd","13:43:33",12874900
26950,500,41400,"bu","13:43:35",12916300
26950,500,2200,"bu","13:43:36",12918500
26950,500,5100,"bu","13:43:38",12923600
26900,450,1100,"sd","13:43:40",12924700
26950,500,32100,"sd","13:43:41",12956800
26950,500,4800,"bu","13:43:43",12961600
26950,500,66800,"bu","13:43:44",13028400
26950,500,5500,"bu","13:43:48",13033900
27000,550,10000,"sd","13:43:49",13043900
26950,500,100,"sd","13:43:51",13044000
27000,550,50000,"sd","13:43:57",13094000
26950,500,2300,"sd","13:43:59",13096300
26950,500,100,"bu","13:44:01",13096400
26950,500,1400,"bu","13:44:02",13097800
27000,550,1200,"bu","13:44:04",13099000
27000,550,15000,"sd","13:44:07",13114000
27000,550,16100,"bu","13:44:09",13130100
26950,500,8800,"bu","13:44:10",13138900
27000,550,2100,"bu","13:44:12",13141000
26950,500,1300,"sd","13:44:15",13142300
27000,550,2500,"sd","13:44:17",13144800
26950,500,70000,"sd","13:44:18",13214800
27000,550,7300,"sd","13:44:22",13222100
26950,500,19000,"sd","13:44:26",13241100
26950,500,10000,"bu","13:44:27",13251100
26950,500,5500,"bu","13:44:29",13256600
26950,500,1000,"bu","13:44:30",13257600
27000,550,9100,"bu","13:44:34",13266700
27000,550,23700,"sd","13:44:36",13290400
26950,500,500,"sd","13:44:37",13290900
26950,500,1400,"bu","13:44:39",13292300
27000,550,101000,"sd","13:44:41",13393300
27000,550,1600,"bu","13:44:42",13394900
27000,550,9400,"sd","13:44:44",13404300
27000,550,16200,"sd","13:44:46",13420500
27000,550,15300,"sd","13:44:47",13435800
27000,550,6900,"sd","13:44:49",13442700
27000,550,51600,"bu","13:44:51",13494300
27000,550,30400,"sd","13:44:52",13524700
26950,500,16800,"sd","13:44:54",13541500
27000,550,12300,"bu","13:44:55",13553800
27000,550,29500,"bu","13:44:57",13583300
27000,550,43100,"sd","13:44:59",13626400
27000,550,42300,"bu","13:45:01",13668700
27000,550,66600,"bu","13:45:04",13735300
27000,550,6000,"sd","13:45:09",13741300
27000,550,2000,"sd","13:45:11",13743300
27050,600,1800,"sd","13:45:12",13745100
27000,550,5100,"bu","13:45:14",13750200
27000,550,500,"sd","13:45:15",13750700
27000,550,1000,"sd","13:45:17",13751700
27050,600,7800,"bu","13:45:18",13759500
27050,600,1300,"sd","13:45:20",13760800
27050,600,700,"bu","13:45:22",13761500
27050,600,6000,"sd","13:45:23",13767500
27000,550,7400,"bu","13:45:25",13774900
27050,600,400,"bu","13:45:26",13775300
27050,600,700,"bu","13:45:29",13776000
27050,600,7100,"sd","13:45:31",13783100
27050,600,4000,"bu","13:45:33",13787100
27050,600,4600,"bu","13:45:34",13791700
27050,600,1300,"sd","13:45:36",13793000
27050,600,6600,"sd","13:45:39",13799600
27050,600,2700,"sd","13:45:40",13802300
27000,550,6000,"bu","13:45:42",13808300
27050,600,3500,"bu","13:45:43",13811800
27050,600,100,"bu","13:45:45",13811900
27000,550,15100,"sd","13:45:50",13827000
27050,600,100,"bu","13:45:52",13827100
27000,550,7500,"sd","13:45:53",13834600
27000,550,200,"bu","13:45:57",13834800
27050,600,52900,"bu","13:46:00",13887700
27050,600,20000,"bu","13:46:02",13907700
27050,600,400,"sd","13:46:03",13908100
27050,600,5600,"sd","13:46:05",13913700
27050,600,50800,"bu","13:46:08",13964500
27050,600,31200,"sd","13:46:09",13995700
27050,600,2000,"bu","13:46:11",13997700
27050,600,2000,"bu","13:46:14",13999700
27050,600,54200,"bu","13:46:16",14053900
27050,600,900,"sd","13:46:18",14054800
27050,600,6600,"sd","13:46:20",14061400
27050,600,8000,"sd","13:46:25",14069400
27050,600,12200,"sd","13:46:26",14081600
27000,550,100,"bu","13:46:28",14081700
27050,600,3200,"sd","13:46:31",14084900
27050,600,6200,"sd","13:46:33",14091100
27050,600,5000,"bu","13:46:34",14096100
27050,600,8000,"bu","13:46:36",14104100
27050,600,1100,"bu","13:46:37",14105200
27000,550,2100,"sd","13:46:39",14107300
27050,600,5000,"bu","13:46:42",14112300
27050,600,25000,"bu","13:46:45",14137300
27050,600,700,"bu","13:46:47",14138000
27050,600,6000,"bu","13:46:48",14144000
27000,550,500,"sd","13:46:50",14144500
27050,600,3300,"sd","13:46:52",14147800
27000,550,1000,"sd","13:46:54",14148800
27050,600,19800,"bu","13:46:59",14168600
27000,550,100,"sd","13:47:00",14168700
27050,600,26700,"sd","13:47:03",14195400
27050,600,500,"bu","13:47:04",14195900
27050,600,10200,"bu","13:47:10",14206100
27050,600,200,"sd","13:47:12",14206300
27050,600,11100,"sd","13:47:15",14217400
27050,600,15500,"bu","13:47:19",14232900
27050,600,28800,"bu","13:47:21",14261700
27050,600,17100,"sd","13:47:23",14278800
27050,600,7500,"bu","13:47:25",14286300
27050,600,7600,"sd","13:47:27",14293900
27050,600,7500,"bu","13:47:29",14301400
27050,600,2800,"sd","13:47:30",14304200
27050,600,7100,"sd","13:47:32",14311300
27050,600,2700,"bu","13:47:35",14314000
27050,600,200,"sd","13:47:37",14314200
27050,600,7600,"sd","13:47:39",14321800
27050,600,10100,"bu","13:47:42",14331900
27100,650,300,"bu","13:47:46",14332200
27050,600,5000,"sd","13:47:48",14337200
27050,600,63900,"sd","13:47:51",14401100
27050,600,5700,"sd","13:47:54",14406800
27050,600,20000,"sd","13:47:56",14426800
27050,600,11000,"bu","13:47:58",14437800
27050,600,11800,"bu","13:47:59",14449600
27050,600,47600,"sd","13:48:01",14497200
27050,600,1100,"sd","13:48:03",14498300
27050,600,10100,"bu","13:48:05",14508400
27050,600,3800,"bu","13:48:08",14512200
27050,600,40400,"bu","13:48:09",14552600
27050,600,3000,"sd","13:48:11",14555600
27050,600,2100,"sd","13:48:16",14557700
27050,600,500,"sd","13:48:18",14558200
27050,600,2200,"sd","13:48:20",14560400
27050,600,1000,"sd","13:48:22",14561400
27050,600,4100,"sd","13:48:23",14565500
27050,600,2400,"bu","13:48:25",14567900
27050,600,10100,"bu","13:48:27",14578000
27050,600,53400,"bu","13:48:29",14631400
27050,600,8900,"bu","13:48:30",14640300
27050,600,9600,"bu","13:48:32",14649900
27050,600,2000,"bu","13:48:34",14651900
27050,600,600,"sd","13:48:36",14652500
27050,600,1000,"sd","13:48:37",14653500
27050,600,36500,"sd","13:48:41",14690000
27050,600,4500,"bu","13:48:43",14694500
27050,600,5000,"bu","13:48:44",14699500
27000,550,100,"bu","13:48:46",14699600
27050,600,2500,"bu","13:48:50",14702100
27050,600,500,"sd","13:48:53",14702600
27000,550,100,"bu","13:48:57",14702700
27000,550,8000,"sd","13:49:00",14710700
27000,550,400,"bu","13:49:02",14711100
27050,600,1000,"sd","13:49:04",14712100
27000,550,3500,"sd","13:49:08",14715600
27000,550,5700,"bu","13:49:09",14721300
27000,550,100,"bu","13:49:11",14721400
27000,550,1800,"bu","13:49:19",14723200
27050,600,7500,"sd","13:49:21",14730700
27050,600,17100,"bu","13:49:22",14747800
27000,550,20100,"bu","13:49:28",14767900
27050,600,22800,"bu","13:49:30",14790700
27000,550,3300,"sd","13:49:37",14794000
27050,600,10100,"sd","13:49:38",14804100
27050,600,20000,"sd","13:49:40",14824100
27050,600,1000,"bu","13:49:42",14825100
27050,600,7300,"sd","13:49:46",14832400
27000,550,600,"sd","13:49:48",14833000
27050,600,1500,"bu","13:49:49",14834500
27050,600,13000,"bu","13:49:51",14847500
27050,600,1500,"bu","13:49:53",14849000
27050,600,1200,"sd","13:49:55",14850200
27050,600,7500,"bu","13:49:57",14857700
27000,550,100,"bu","13:49:59",14857800
27050,600,2500,"sd","13:50:00",14860300
27050,600,3100,"sd","13:50:06",14863400
27000,550,101100,"bu","13:50:07",14964500
27000,550,1400,"sd","13:50:09",14965900
27000,550,70200,"sd","13:50:12",15036100
27000,550,42400,"bu","13:50:15",15078500
27000,550,10600,"sd","13:50:17",15089100
27000,550,177400,"sd","13:50:18",15266500
26950,500,100,"sd","13:50:20",15266600
27000,550,300,"bu","13:50:24",15266900
27000,550,11600,"sd","13:50:26",15278500
26950,500,41100,"bu","13:50:29",15319600
26950,500,20200,"sd","13:50:31",15339800
27000,550,53800,"bu","13:50:37",15393600
26950,500,700,"bu","13:50:38",15394300
26950,500,300,"sd","13:50:41",15394600
26950,500,1300,"sd","13:50:43",15395900
26950,500,2700,"bu","13:50:47",15398600
26950,500,4400,"bu","13:50:48",15403000
26950,500,5100,"sd","13:50:50",15408100
26950,500,3400,"sd","13:50:54",15411500
26900,450,100,"sd","13:50:57",15411600
26900,450,1100,"bu","13:51:07",15412700
26900,450,34800,"bu","13:51:11",15447500
26900,450,15300,"bu","13:51:13",15462800
26900,450,12100,"sd","13:51:16",15474900
26900,450,4700,"sd","13:51:17",15479600
26900,450,34700,"sd","13:51:19",15514300
26900,450,2000,"sd","13:51:22",15516300
26900,450,23500,"bu","13:51:24",15539800
26950,500,20300,"bu","13:51:37",15560100
26950,500,2200,"bu","13:51:41",15562300
26900,450,1000,"bu","13:51:42",15563300
26900,450,50900,"sd","13:51:44",15614200
26950,500,3400,"bu","13:51:46",15617600
26950,500,3700,"bu","13:51:47",15621300
26950,500,1100,"bu","13:51:49",15622400
26950,500,2500,"bu","13:51:50",15624900
26950,500,5400,"bu","13:51:52",15630300
26950,500,8300,"sd","13:51:54",15638600
26950,500,15400,"bu","13:51:56",15654000
26950,500,5600,"bu","13:51:58",15659600
26950,500,200,"sd","13:52:03",15659800
26950,500,2200,"sd","13:52:05",15662000
26950,500,11100,"sd","13:52:07",15673100
26950,500,2400,"sd","13:52:09",15675500
27000,550,100,"bu","13:52:11",15675600
26950,500,28800,"sd","13:52:15",15704400
26950,500,100,"sd","13:52:17",15704500
27000,550,1700,"bu","13:52:20",15706200
26950,500,5100,"sd","13:52:26",15711300
26950,500,50100,"sd","13:52:27",15761400
26950,500,1500,"sd","13:52:29",15762900
26950,500,2000,"bu","13:52:33",15764900
26950,500,100,"bu","13:52:37",15765000
27000,550,4900,"bu","13:52:55",15769900
26950,500,2600,"bu","13:52:57",15772500
26950,500,1000,"sd","13:53:05",15773500
26950,500,1000,"sd","13:53:07",15774500
26950,500,100,"bu","13:53:09",15774600
26950,500,2000,"bu","13:53:11",15776600
26950,500,400,"sd","13:53:12",15777000
26950,500,500,"bu","13:53:14",15777500
26950,500,5500,"bu","13:53:18",15783000
26950,500,100,"bu","13:53:20",15783100
26950,500,2000,"sd","13:53:22",15785100
26950,500,500,"sd","13:53:25",15785600
26950,500,100,"sd","13:53:27",15785700
26950,500,15300,"bu","13:53:32",15801000
26950,500,1000,"bu","13:53:35",15802000
26950,500,12000,"bu","13:53:40",15814000
26950,500,3000,"sd","13:53:42",15817000
26950,500,2500,"sd","13:53:44",15819500
27000,550,3700,"sd","13:53:46",15823200
26950,500,100,"bu","13:53:47",15823300
27000,550,6300,"bu","13:53:55",15829600
26950,500,3000,"sd","13:53:56",15832600
26950,500,1400,"bu","13:53:58",15834000
26950,500,100,"bu","13:54:02",15834100
26950,500,400,"sd","13:54:13",15834500
26950,500,1100,"sd","13:54:15",15835600
26950,500,10000,"sd","13:54:18",15845600
26950,500,4100,"sd","13:54:20",15849700
26950,500,500,"bu","13:54:23",15850200
26950,500,100,"bu","13:54:27",15850300
26950,500,700,"bu","13:54:32",15851000
27000,550,17300,"bu","13:54:35",15868300
26950,500,200,"sd","13:54:37",15868500
27000,550,11900,"sd","13:54:38",15880400
26950,500,100,"bu","13:54:42",15880500
27000,550,4000,"sd","13:54:44",15884500
27000,550,100,"sd","13:54:47",15884600
27000,550,1800,"bu","13:54:50",15886400
27000,550,600,"bu","13:54:52",15887000
26950,500,500,"bu","13:54:54",15887500
26950,500,20000,"sd","13:54:56",15907500
26950,500,12500,"sd","13:55:00",15920000
26950,500,2700,"sd","13:55:02",15922700
26950,500,17600,"bu","13:55:11",15940300
27000,550,14500,"sd","13:55:12",15954800
27000,550,2100,"bu","13:55:14",15956900
27000,550,26000,"bu","13:55:16",15982900
27000,550,4700,"sd","13:55:20",15987600
27000,550,10100,"sd","13:55:25",15997700
26950,500,39300,"bu","13:55:27",16037000
27000,550,3000,"bu","13:55:35",16040000
27000,550,29000,"sd","13:55:36",16069000
26950,500,200,"sd","13:55:38",16069200
26950,500,300,"bu","13:55:43",16069500
26950,500,1000,"sd","13:55:44",16070500
26950,500,1600,"bu","13:55:46",16072100
26950,500,4000,"sd","13:55:53",16076100
26950,500,1300,"sd","13:55:55",16077400
26950,500,100,"sd","13:55:57",16077500
26950,500,1400,"bu","13:56:02",16078900
26950,500,1800,"sd","13:56:08",16080700
26950,500,5000,"sd","13:56:10",16085700
26950,500,8100,"bu","13:56:12",16093800
26950,500,1100,"sd","13:56:13",16094900
26950,500,1500,"sd","13:56:15",16096400
26950,500,200,"sd","13:56:16",16096600
27000,550,2100,"bu","13:56:18",16098700
26950,500,200,"bu","13:56:22",16098900
27000,550,1500,"bu","13:56:24",16100400
26950,500,200,"bu","13:56:26",16100600
27000,550,1700,"sd","13:56:27",16102300
26950,500,3900,"bu","13:56:29",16106200
26950,500,2000,"sd","13:56:33",16108200
26950,500,5000,"bu","13:56:36",16113200
26950,500,100,"bu","13:56:39",16113300
26950,500,800,"bu","13:56:43",16114100
27000,550,31000,"sd","13:56:46",16145100
26950,500,5100,"bu","13:56:49",16150200
26950,500,124000,"sd","13:56:53",16274200
26950,500,1000,"sd","13:56:55",16275200
27000,550,9500,"bu","13:56:57",16284700
26950,500,10500,"sd","13:56:58",16295200
26950,500,21900,"bu","13:57:00",16317100
26950,500,35500,"bu","13:57:02",16352600
26900,450,100,"sd","13:57:04",16352700
26950,500,1400,"sd","13:57:06",16354100
26950,500,500,"bu","13:57:09",16354600
26900,450,100,"sd","13:57:11",16354700
26950,500,4800,"sd","13:57:20",16359500
26900,450,100,"bu","13:57:21",16359600
26950,500,45500,"sd","13:57:26",16405100
26950,500,9800,"bu","13:57:29",16414900
26950,500,1800,"bu","13:57:31",16416700
26950,500,10000,"bu","13:57:33",16426700
26950,500,3000,"bu","13:57:37",16429700
26950,500,25300,"bu","13:57:38",16455000
26950,500,300,"sd","13:57:40",16455300
26950,500,1600,"sd","13:57:42",16456900
26950,500,2000,"sd","13:57:44",16458900
26950,500,700,"sd","13:57:46",16459600
26950,500,27100,"bu","13:57:48",16486700
26900,450,100,"sd","13:57:56",16486800
26950,500,6300,"bu","13:57:58",16493100
26950,500,2500,"bu","13:57:59",16495600
26950,500,5000,"bu","13:58:01",16500600
26950,500,10100,"sd","13:58:02",16510700
26950,500,4000,"bu","13:58:05",16514700
26950,500,6500,"bu","13:58:07",16521200
26950,500,200,"sd","13:58:09",16521400
26950,500,200,"sd","13:58:11",16521600
26950,500,9600,"sd","13:58:13",16531200
26950,500,8100,"bu","13:58:19",16539300
26950,500,2300,"bu","13:58:21",16541600
26900,450,5000,"bu","13:58:23",16546600
26950,500,1100,"sd","13:58:25",16547700
26950,500,100,"sd","13:58:30",16547800
26950,500,4100,"sd","13:58:37",16551900
26900,450,100,"sd","13:58:41",16552000
26950,500,10000,"sd","13:58:43",16562000
26900,450,100,"bu","13:58:44",16562100
26900,450,200,"bu","13:58:47",16562300
26900,450,100,"sd","13:58:57",16562400
26950,500,2000,"sd","13:58:58",16564400
26900,450,1000,"sd","13:59:04",16565400
26900,450,100,"bu","13:59:06",16565500
26900,450,50000,"bu","13:59:09",16615500
26950,500,2000,"sd","13:59:15",16617500
26900,450,6900,"bu","13:59:17",16624400
26950,500,300,"bu","13:59:19",16624700
26900,450,400,"sd","13:59:27",16625100
26950,500,5100,"sd","13:59:31",16630200
26900,450,150000,"bu","13:59:35",16780200
26900,450,600,"bu","13:59:36",16780800
26900,450,50000,"bu","13:59:44",16830800
26850,400,1100,"bu","13:59:48",16831900
26900,450,600,"bu","14:00:01",16832500
26850,400,3000,"bu","14:00:07",16835500
26900,450,1000,"sd","14:00:09",16836500
26900,450,6000,"sd","14:00:14",16842500
26900,450,3800,"sd","14:00:16",16846300
26850,400,100,"bu","14:00:20",16846400
26900,450,7000,"bu","14:00:25",16853400
26850,400,4800,"bu","14:00:29",16858200
26900,450,300,"sd","14:00:31",16858500
26900,450,500,"sd","14:00:33",16859000
26850,400,100,"bu","14:00:35",16859100
26850,400,1200,"sd","14:00:43",16860300
26850,400,100,"sd","14:00:48",16860400
26850,400,18900,"bu","14:00:58",16879300
26850,400,100,"bu","14:01:02",16879400
26850,400,1000,"sd","14:01:05",16880400
26850,400,5000,"bu","14:01:09",16885400
26850,400,3100,"sd","14:01:13",16888500
26850,400,11500,"sd","14:01:16",16900000
26850,400,100,"sd","14:01:23",16900100
26850,400,2000,"sd","14:01:27",16902100
26850,400,200,"bu","14:01:29",16902300
26900,450,4800,"bu","14:01:32",16907100
26900,450,200,"bu","14:01:33",16907300
26850,400,100,"bu","14:01:35",16907400
26900,450,10100,"bu","14:01:41",16917500
26900,450,11300,"sd","14:01:47",16928800
26900,450,104800,"bu","14:01:53",17033600
26900,450,300,"sd","14:01:55",17033900
26900,450,100,"bu","14:01:57",17034000
26950,500,1100,"sd","14:02:02",17035100
26950,500,59100,"bu","14:02:07",17094200
26900,450,1000,"bu","14:02:09",17095200
26950,500,900,"sd","14:02:13",17096100
26900,450,600,"bu","14:02:15",17096700
26950,500,1600,"sd","14:02:17",17098300
26900,450,100,"bu","14:02:19",17098400
26950,500,200,"sd","14:02:21",17098600
26950,500,1200,"bu","14:02:29",17099800
26950,500,4100,"sd","14:02:32",17103900
26900,450,1000,"sd","14:02:34",17104900
26950,500,1200,"sd","14:02:37",17106100
26900,450,100,"sd","14:02:40",17106200
26900,450,5600,"bu","14:02:43",17111800
26950,500,28800,"bu","14:02:45",17140600
26900,450,2000,"bu","14:02:47",17142600
26900,450,2600,"bu","14:02:49",17145200
26950,500,5400,"sd","14:02:51",17150600
26950,500,800,"sd","14:02:53",17151400
26900,450,20100,"bu","14:02:55",17171500
26950,500,1200,"bu","14:02:57",17172700
26950,500,1000,"sd","14:02:58",17173700
26900,450,900,"sd","14:03:00",17174600
26900,450,10100,"sd","14:03:04",17184700
26900,450,400,"bu","14:03:06",17185100
26900,450,20500,"bu","14:03:08",17205600
26900,450,100,"sd","14:03:11",17205700
26900,450,10300,"sd","14:03:18",17216000
26900,450,100,"bu","14:03:20",17216100
26900,450,200,"bu","14:03:22",17216300
26900,450,700,"bu","14:03:25",17217000
26950,500,500,"bu","14:03:27",17217500
26900,450,500,"bu","14:03:30",17218000
26950,500,500,"sd","14:03:32",17218500
26900,450,10000,"bu","14:03:34",17228500
26900,450,25000,"bu","14:03:38",17253500
26900,450,600,"bu","14:03:40",17254100
26900,450,100,"bu","14:03:41",17254200
26900,450,500,"bu","14:03:43",17254700
26900,450,22000,"sd","14:03:45",17276700
26900,450,7000,"sd","14:03:47",17283700
26900,450,2100,"bu","14:03:49",17285800
26900,450,70600,"bu","14:03:51",17356400
26900,450,33000,"bu","14:03:54",17389400
26900,450,20000,"bu","14:03:56",17409400
26900,450,11500,"bu","14:03:58",17420900
26900,450,18300,"sd","14:04:00",17439200
26900,450,7200,"bu","14:04:02",17446400
26900,450,16900,"sd","14:04:03",17463300
26900,450,6100,"bu","14:04:05",17469400
26900,450,2400,"sd","14:04:07",17471800
26900,450,2300,"sd","14:04:09",17474100
26900,450,3800,"bu","14:04:11",17477900
26900,450,3300,"sd","14:04:13",17481200
27000,550,500100,"sd","14:04:15",17981300
26900,450,1800,"bu","14:04:17",17983100
26900,450,200,"bu","14:04:18",17983300
26900,450,7500,"sd","14:04:20",17990800
26950,500,2100,"bu","14:04:22",17992900
26950,500,200,"bu","14:04:24",17993100
26900,450,2600,"sd","14:04:26",17995700
26900,450,400,"sd","14:04:30",17996100
26900,450,200,"bu","14:04:32",17996300
26900,450,100,"bu","14:04:36",17996400
26950,500,17000,"bu","14:04:39",18013400
26950,500,3000,"bu","14:04:45",18016400
26950,500,10700,"bu","14:04:47",18027100
26950,500,2800,"bu","14:04:49",18029900
26950,500,1300,"sd","14:04:52",18031200
26950,500,100,"bu","14:04:54",18031300
26950,500,12400,"sd","14:04:58",18043700
26950,500,15500,"bu","14:05:00",18059200
26950,500,1600,"sd","14:05:02",18060800
26950,500,20300,"sd","14:05:04",18081100
26950,500,9400,"sd","14:05:06",18090500
26950,500,900,"sd","14:05:08",18091400
26950,500,20400,"sd","14:05:09",18111800
26900,450,700,"sd","14:05:19",18112500
26900,450,3500,"sd","14:05:23",18116000
26900,450,20200,"bu","14:05:25",18136200
26900,450,2000,"sd","14:05:27",18138200
26900,450,100,"sd","14:05:29",18138300
26900,450,2000,"bu","14:05:31",18140300
26900,450,26000,"bu","14:05:33",18166300
26900,450,7300,"bu","14:05:35",18173600
26850,400,2100,"sd","14:05:39",18175700
26850,400,200,"bu","14:05:43",18175900
26900,450,3200,"bu","14:05:44",18179100
26850,400,1800,"bu","14:05:49",18180900
26850,400,10000,"bu","14:05:51",18190900
26850,400,152100,"bu","14:06:00",18343000
26800,350,4900,"bu","14:06:06",18347900
26800,350,25000,"bu","14:06:18",18372900
26800,350,4700,"sd","14:06:20",18377600
26800,350,1000,"sd","14:06:22",18378600
26800,350,6000,"sd","14:06:24",18384600
26800,350,800,"sd","14:06:26",18385400
26800,350,10300,"sd","14:06:28",18395700
26800,350,7300,"bu","14:06:30",18403000
26800,350,2800,"sd","14:06:32",18405800
26800,350,400,"sd","14:06:34",18406200
26800,350,3000,"sd","14:06:37",18409200
26800,350,45600,"sd","14:06:39",18454800
26800,350,3500,"sd","14:06:45",18458300
26850,400,100,"bu","14:06:47",18458400
26800,350,22100,"bu","14:06:51",18480500
26800,350,8800,"sd","14:06:53",18489300
26800,350,8800,"bu","14:06:55",18498100
26800,350,5400,"bu","14:06:59",18503500
26800,350,18600,"sd","14:07:01",18522100
26800,350,8500,"bu","14:07:03",18530600
26800,350,47200,"sd","14:07:07",18577800
26800,350,38100,"bu","14:07:09",18615900
26800,350,4100,"bu","14:07:11",18620000
26800,350,900,"sd","14:07:13",18620900
26750,300,34100,"sd","14:07:16",18655000
26750,300,4000,"sd","14:07:18",18659000
26750,300,27000,"bu","14:07:20",18686000
26750,300,4700,"bu","14:07:22",18690700
26700,250,2100,"sd","14:07:23",18692800
26700,250,8800,"bu","14:07:33",18701600
26700,250,900,"bu","14:07:35",18702500
26700,250,500,"bu","14:07:37",18703000
26700,250,26900,"sd","14:07:39",18729900
26700,250,32400,"bu","14:07:42",18762300
26700,250,58200,"bu","14:07:44",18820500
26700,250,33800,"sd","14:07:46",18854300
26700,250,26100,"bu","14:07:47",18880400
26650,200,100,"sd","14:07:51",18880500
26700,250,5000,"bu","14:07:53",18885500
26700,250,9000,"bu","14:07:57",18894500
26700,250,500,"sd","14:07:59",18895000
26650,200,1400,"sd","14:08:01",18896400
26650,200,9300,"bu","14:08:03",18905700
26650,200,45900,"bu","14:08:05",18951600
26700,250,30000,"sd","14:08:07",18981600
26700,250,13700,"bu","14:08:09",18995300
26700,250,2500,"sd","14:08:11",18997800
26700,250,1000,"bu","14:08:14",18998800
26700,250,3200,"bu","14:08:18",19002000
26650,200,2600,"sd","14:08:20",19004600
26650,200,14600,"sd","14:08:25",19019200
26700,250,600,"sd","14:08:30",19019800
26700,250,5000,"sd","14:08:32",19024800
26700,250,25200,"sd","14:08:34",19050000
26700,250,4300,"bu","14:08:37",19054300
26700,250,7800,"bu","14:08:39",19062100
26700,250,9000,"sd","14:08:41",19071100
26700,250,1500,"sd","14:08:43",19072600
26700,250,2900,"bu","14:08:45",19075500
26700,250,9500,"sd","14:08:47",19085000
26700,250,3500,"sd","14:08:49",19088500
26700,250,700,"bu","14:08:51",19089200
26750,300,5900,"sd","14:08:55",19095100
26700,250,13800,"bu","14:08:57",19108900
26700,250,1000,"sd","14:08:59",19109900
26700,250,2000,"bu","14:09:01",19111900
26700,250,1500,"bu","14:09:03",19113400
26700,250,1200,"bu","14:09:04",19114600
26700,250,13000,"bu","14:09:06",19127600
26700,250,10900,"sd","14:09:08",19138500
26700,250,1500,"sd","14:09:10",19140000
26700,250,2000,"bu","14:09:12",19142000
26700,250,6100,"bu","14:09:14",19148100
26700,250,4500,"sd","14:09:18",19152600
26700,250,900,"bu","14:09:19",19153500
26700,250,1400,"sd","14:09:21",19154900
26700,250,8100,"sd","14:09:23",19163000
26700,250,2200,"sd","14:09:25",19165200
26700,250,1300,"bu","14:09:29",19166500
26700,250,100,"sd","14:09:30",19166600
26700,250,2800,"sd","14:09:32",19169400
26700,250,3400,"sd","14:09:36",19172800
26750,300,3000,"sd","14:09:38",19175800
26750,300,37800,"bu","14:09:42",19213600
26700,250,10400,"bu","14:09:44",19224000
26750,300,27200,"sd","14:09:46",19251200
26750,300,15000,"bu","14:09:47",19266200
26750,300,1200,"bu","14:09:49",19267400
26800,350,6500,"bu","14:09:51",19273900
26750,300,4000,"bu","14:09:55",19277900
26750,300,200,"bu","14:09:57",19278100
26800,350,500,"sd","14:10:01",19278600
26800,350,1000,"sd","14:10:06",19279600
26800,350,1800,"sd","14:10:10",19281400
26750,300,1000,"sd","14:10:11",19282400
26750,300,1100,"sd","14:10:19",19283500
26750,300,2000,"sd","14:10:21",19285500
26750,300,20800,"bu","14:10:23",19306300
26750,300,2000,"bu","14:10:26",19308300
26700,250,10000,"sd","14:10:27",19318300
26750,300,100,"sd","14:10:29",19318400
26800,350,1700,"bu","14:10:45",19320100
