"price","change","match_qtty","side","time","total_vol"
25000,200,1000,"sd","09:01:56",1000
25200,400,25000,"sd","09:04:49",26000
25300,500,41000,"bu","09:04:58",67000
25300,500,3000,"bu","09:05:04",70000
25300,500,113000,"sd","09:05:08",183000
25300,500,3000,"sd","09:05:16",186000
25500,700,113000,"bu","09:05:22",299000
25600,800,100000,"bu","09:05:29",399000
25600,800,94000,"bu","09:05:35",493000
25600,800,5000,"sd","09:05:36",498000
25600,800,1000,"sd","09:05:39",499000
25500,700,10000,"bu","09:05:40",509000
25700,900,60000,"sd","09:05:44",569000
25500,700,5000,"bu","09:05:49",574000
25700,900,50000,"bu","09:05:50",624000
25500,700,22000,"bu","09:05:58",646000
25500,700,3000,"sd","09:06:35",649000
25300,500,1000,"bu","09:07:47",650000
25400,600,5000,"sd","09:07:54",655000
25300,500,2000,"sd","09:08:03",657000
25300,500,16000,"sd","09:08:07",673000
25300,500,10000,"sd","09:09:52",683000
25200,400,21000,"bu","09:10:22",704000
25100,300,5000,"sd","09:10:42",709000
25100,300,5000,"bu","09:10:57",714000
25100,300,92000,"sd","09:10:58",806000
25100,300,3000,"sd","09:11:02",809000
25100,300,1000,"sd","09:11:16",810000
25200,400,20000,"bu","09:14:18",830000
25200,400,10000,"bu","09:14:36",840000
25200,400,4000,"bu","09:14:43",844000
25300,500,27000,"bu","09:15:01",871000
25300,500,10000,"bu","09:15:21",881000
25300,500,2000,"sd","09:15:52",883000
25200,400,10000,"bu","09:16:30",893000
25200,400,2000,"bu","09:16:36",895000
25200,400,5000,"bu","09:17:02",900000
25200,400,24000,"bu","09:17:36",924000
25200,400,40000,"bu","09:17:48",964000
25200,400,10000,"sd","09:17:53",974000
25100,300,1000,"sd","09:18:02",975000
25200,400,3000,"bu","09:18:39",978000
25200,400,5000,"sd","09:19:08",983000
25200,400,5000,"sd","09:20:32",988000
25200,400,3000,"sd","09:21:24",991000
25100,300,10000,"sd","09:22:08",1001000
25100,300,20000,"sd","09:22:31",1021000
25200,400,80000,"bu","09:22:48",1101000
25200,400,9000,"sd","09:23:11",1110000
25200,400,2000,"bu","09:23:30",1112000
25200,400,88000,"sd","09:24:27",1200000
25100,300,41000,"sd","09:24:43",1241000
25100,300,52000,"sd","09:29:08",1293000
25100,300,9000,"sd","09:30:25",1302000
25100,300,10000,"sd","09:31:02",1312000
25100,300,5000,"bu","09:32:01",1317000
25100,300,25000,"sd","09:34:30",1342000
25200,400,21000,"bu","09:34:34",1363000
25100,300,40000,"bu","09:35:26",1403000
25100,300,1000,"sd","09:37:01",1404000
25000,200,9000,"bu","09:37:05",1413000
25100,300,3000,"bu","09:37:17",1416000
25100,300,8000,"bu","09:37:47",1424000
25100,300,4000,"sd","09:38:06",1428000
25100,300,9000,"sd","09:38:14",1437000
25000,200,64000,"sd","09:39:05",1501000
25000,200,50000,"sd","09:39:25",1551000
24800,0,23000,"sd","09:39:35",1574000
24900,100,2000,"sd","09:40:23",1576000
24900,100,1000,"bu","09:40:44",1577000
24900,100,10000,"sd","09:40:54",1587000
24800,0,47000,"bu","09:41:23",1634000
24800,0,35000,"sd","09:41:58",1669000
24900,100,1000,"sd","09:42:17",1670000
24800,0,67000,"bu","09:42:27",1737000
24900,100,1000,"sd","09:43:20",1738000
24900,100,5000,"sd","09:45:15",1743000
25000,200,1000,"sd","09:45:25",1744000
24900,100,60000,"bu","09:45:26",1804000
25000,200,3000,"sd","09:45:31",1807000
25000,200,78000,"sd","09:49:02",1885000
25000,200,22000,"bu","09:51:41",1907000
25000,200,30000,"bu","09:52:09",1937000
24900,100,50000,"sd","09:53:29",1987000
25000,200,10000,"sd","09:53:38",1997000
24900,100,12000,"bu","09:53:56",2009000
24900,100,15000,"bu","09:54:38",2024000
24900,100,5000,"bu","09:54:59",2029000
24900,100,1000,"bu","09:55:01",2030000
24900,100,6000,"sd","09:55:42",2036000
24900,100,50000,"bu","09:55:50",2086000
24900,100,10000,"bu","09:56:21",2096000
24800,0,60000,"sd","09:56:44",2156000
24900,100,30000,"sd","09:56:49",2186000
24800,0,10000,"bu","09:57:33",2196000
24600,-200,270000,"sd","09:57:44",2466000
24800,0,2000,"sd","09:59:45",2468000
24800,0,5000,"bu","10:00:07",2473000
24800,0,13000,"bu","10:00:38",2486000
24800,0,52000,"sd","10:02:29",2538000
24800,0,31000,"sd","10:03:03",2569000
24800,0,10000,"bu","10:03:32",2579000
24800,0,4000,"bu","10:03:36",2583000
24900,100,1000,"sd","10:04:39",2584000
24700,-100,8000,"bu","10:04:45",2592000
24800,0,2000,"sd","10:11:53",2594000
24700,-100,1000,"bu","10:12:00",2595000
24800,0,6000,"bu","10:12:54",2601000
24800,0,49000,"bu","10:14:00",2650000
24900,100,46000,"bu","10:15:15",2696000
24900,100,1000,"bu","10:15:28",2697000
24900,100,19000,"sd","10:15:34",2716000
24900,100,1000,"bu","10:16:04",2717000
24900,100,1000,"sd","10:16:33",2718000
25000,200,35000,"sd","10:17:03",2753000
25000,200,1000,"sd","10:19:31",2754000
25000,200,8000,"sd","10:19:58",2762000
25100,300,1000,"bu","10:20:14",2763000
25100,300,1000,"bu","10:20:51",2764000
25100,300,3000,"bu","10:20:52",2767000
25100,300,3000,"bu","10:22:46",2770000
25000,200,20000,"bu","10:23:06",2790000
25000,200,1000,"bu","10:23:21",2791000
25000,200,4000,"bu","10:23:32",2795000
25000,200,10000,"sd","10:23:39",2805000
25000,200,15000,"sd","10:24:05",2820000
25000,200,12000,"sd","10:24:13",2832000
25000,200,2000,"bu","10:24:41",2834000
25000,200,30000,"bu","10:25:26",2864000
25100,300,5000,"bu","10:26:02",2869000
25100,300,29000,"sd","10:26:33",2898000
25000,200,20000,"bu","10:26:38",2918000
25000,200,6000,"bu","10:27:25",2924000
25000,200,7000,"sd","10:27:44",2931000
25000,200,1000,"bu","10:27:46",2932000
25000,200,3000,"bu","10:32:07",2935000
25000,200,7000,"sd","10:32:23",2942000
25000,200,3000,"sd","10:32:34",2945000
25000,200,1000,"sd","10:33:33",2946000
25000,200,4000,"sd","10:34:43",2950000
25000,200,2000,"sd","10:35:06",2952000
24900,100,10000,"sd","10:35:57",2962000
25000,200,2000,"bu","10:37:21",2964000
24900,100,87000,"bu","10:37:22",3051000
24900,100,32000,"sd","10:39:30",3083000
25000,200,5000,"sd","10:43:15",3088000
25000,200,22000,"bu","10:46:13",3110000
25000,200,3000,"sd","10:46:26",3113000
25100,300,2000,"sd","10:46:35",3115000
25100,300,10000,"bu","10:47:17",3125000
25300,500,177000,"sd","10:47:25",3302000
25400,600,162000,"sd","10:47:44",3464000
25500,700,1000,"sd","10:47:51",3465000
25400,600,10000,"sd","10:48:26",3475000
25400,600,4000,"sd","10:48:34",3479000
25500,700,10000,"bu","10:48:41",3489000
25400,600,20000,"bu","10:48:53",3509000
25400,600,2000,"sd","10:49:37",3511000
25400,600,1000,"bu","10:49:42",3512000
25600,800,357000,"bu","10:49:58",3869000
25600,800,10000,"sd","10:50:18",3879000
25600,800,20000,"bu","10:50:55",3899000
25600,800,1000,"sd","10:51:10",3900000
25500,700,2000,"bu","10:53:45",3902000
25500,700,3000,"bu","10:54:47",3905000
25600,800,200000,"sd","10:55:08",4105000
25500,700,1000,"bu","10:56:36",4106000
25500,700,8000,"sd","10:56:44",4114000
25500,700,20000,"sd","10:57:26",4134000
25400,600,1000,"sd","10:57:42",4135000
25500,700,22000,"sd","10:59:02",4157000
25400,600,50000,"bu","10:59:06",4207000
25400,600,10000,"sd","10:59:32",4217000
25400,600,5000,"bu","11:00:01",4222000
25400,600,20000,"sd","11:00:11",4242000
25400,600,10000,"sd","11:02:17",4252000
25400,600,3000,"sd","11:03:30",4255000
25400,600,5000,"sd","11:03:38",4260000
25400,600,35000,"bu","11:04:26",4295000
25400,600,9000,"sd","11:04:29",4304000
25400,600,20000,"bu","11:04:48",4324000
25400,600,1000,"sd","11:04:54",4325000
25300,500,20000,"bu","11:08:50",4345000
25300,500,6000,"sd","11:08:59",4351000
25300,500,2000,"bu","11:09:27",4353000
25300,500,2000,"bu","11:09:32",4355000
25300,500,2000,"sd","11:10:30",4357000
25300,500,2000,"sd","11:10:41",4359000
25300,500,1000,"bu","11:11:49",4360000
25400,600,6000,"bu","11:11:56",4366000
25400,600,3000,"bu","11:12:19",4369000
25400,600,3000,"bu","11:13:50",4372000
25400,600,20000,"bu","11:15:31",4392000
25400,600,20000,"sd","11:16:48",4412000
25400,600,2000,"sd","11:18:17",4414000
25400,600,2000,"sd","11:20:31",4416000
25300,500,10000,"bu","11:20:59",4426000
25300,500,15000,"sd","11:23:56",4441000
25300,500,5000,"bu","11:24:06",4446000
25300,500,20000,"sd","11:25:52",4466000
25300,500,4000,"bu","11:26:09",4470000
25300,500,22000,"bu","11:28:58",4492000
25200,400,13000,"sd","13:00:04",4505000
25200,400,7000,"sd","13:00:04",4512000
25200,400,10000,"sd","13:00:07",4522000
25300,500,12000,"bu","13:00:08",4534000
25200,400,3000,"sd","13:00:14",4537000
25200,400,17000,"sd","13:00:41",4554000
25200,400,1000,"bu","13:00:45",4555000
25300,500,20000,"bu","13:00:48",4575000
25200,400,1000,"bu","13:02:15",4576000
25200,400,15000,"bu","13:02:24",4591000
25200,400,2000,"sd","13:02:36",4593000
25200,400,1000,"bu","13:02:37",4594000
25200,400,10000,"bu","13:03:24",4604000
25300,500,1000,"bu","13:05:08",4605000
25300,500,14000,"sd","13:05:34",4619000
25300,500,1000,"bu","13:05:58",4620000
25200,400,2000,"bu","13:06:05",4622000
25300,500,5000,"bu","13:06:21",4627000
25300,500,10000,"bu","13:07:03",4637000
25200,400,70000,"sd","13:07:33",4707000
25300,500,5000,"sd","13:07:42",4712000
25200,400,10000,"sd","13:08:00",4722000
25200,400,10000,"sd","13:09:28",4732000
25200,400,3000,"sd","13:15:34",4735000
25300,500,24000,"sd","13:15:38",4759000
25300,500,34000,"bu","13:15:44",4793000
25300,500,30000,"bu","13:15:50",4823000
25300,500,5000,"bu","13:16:03",4828000
25300,500,5000,"sd","13:16:09",4833000
25300,500,20000,"sd","13:16:35",4853000
25300,500,5000,"sd","13:16:38",4858000
25300,500,10000,"sd","13:16:52",4868000
25300,500,3000,"bu","13:16:56",4871000
25300,500,16000,"bu","13:17:02",4887000
25400,600,1000,"bu","13:17:14",4888000
25400,600,15000,"bu","13:17:48",4903000
25400,600,50000,"sd","13:17:50",4953000
25400,600,30000,"bu","13:18:00",4983000
25400,600,5000,"bu","13:18:05",4988000
25500,700,1000,"sd","13:18:08",4989000
25500,700,1000,"sd","13:18:14",4990000
25400,600,6000,"sd","13:18:50",4996000
25400,600,20000,"bu","13:18:59",5016000
25400,600,6000,"sd","13:19:08",5022000
25400,600,10000,"sd","13:19:11",5032000
25400,600,15000,"bu","13:19:14",5047000
25400,600,10000,"bu","13:19:24",5057000
25500,700,10000,"bu","13:19:31",5067000
25400,600,38000,"sd","13:20:02",5105000
25400,600,22000,"bu","13:20:12",5127000
25400,600,1000,"sd","13:20:21",5128000
25400,600,2000,"sd","13:20:53",5130000
25400,600,4000,"sd","13:21:06",5134000
25400,600,5000,"sd","13:21:39",5139000
25400,600,4000,"bu","13:22:11",5143000
25500,700,10000,"bu","13:22:21",5153000
25500,700,4000,"bu","13:23:17",5157000
25500,700,20000,"bu","13:24:19",5177000
25500,700,4000,"bu","13:24:22",5181000
25500,700,158000,"bu","13:25:06",5339000
25500,700,48000,"sd","13:25:11",5387000
25500,700,40000,"bu","13:25:12",5427000
25500,700,10000,"bu","13:25:24",5437000
25500,700,3000,"bu","13:25:27",5440000
25500,700,5000,"bu","13:25:32",5445000
25500,700,5000,"bu","13:25:35",5450000
25500,700,1000,"bu","13:25:39",5451000
25600,800,1000,"bu","13:25:40",5452000
25500,700,20000,"sd","13:25:49",5472000
25600,800,1000,"bu","13:26:03",5473000
25500,700,5000,"sd","13:26:25",5478000
25500,700,15000,"bu","13:27:08",5493000
25500,700,8000,"bu","13:27:31",5501000
25500,700,22000,"sd","13:27:37",5523000
25500,700,1000,"sd","13:27:57",5524000
25500,700,5000,"bu","13:28:00",5529000
25500,700,6000,"sd","13:28:11",5535000
25500,700,10000,"sd","13:28:14",5545000
25500,700,1000,"bu","13:28:15",5546000
25500,700,8000,"bu","13:28:29",5554000
25500,700,18000,"bu","13:28:56",5572000
25500,700,3000,"bu","13:29:09",5575000
25500,700,2000,"sd","13:29:39",5577000
25500,700,10000,"sd","13:30:42",5587000
25500,700,5000,"bu","13:31:34",5592000
25400,600,3000,"sd","13:31:49",5595000
25400,600,13000,"bu","13:32:57",5608000
25400,600,6000,"sd","13:33:18",5614000
25400,600,1000,"bu","13:33:49",5615000
25400,600,1000,"bu","13:33:58",5616000
25400,600,5000,"bu","13:34:02",5621000
25400,600,10000,"bu","13:35:37",5631000
25400,600,5000,"sd","13:36:05",5636000
25500,700,10000,"bu","13:37:42",5646000
25400,600,3000,"sd","13:37:49",5649000
25500,700,5000,"sd","13:38:04",5654000
25500,700,5000,"bu","13:38:48",5659000
25500,700,50000,"bu","13:39:10",5709000
25500,700,45000,"bu","13:39:16",5754000
25500,700,3000,"sd","13:39:24",5757000
25500,700,50000,"bu","13:39:27",5807000
25500,700,6000,"bu","13:39:33",5813000
25500,700,84000,"bu","13:39:37",5897000
25500,700,5000,"sd","13:39:51",5902000
25600,800,6000,"bu","13:40:08",5908000
25500,700,25000,"bu","13:40:12",5933000
25600,800,28000,"sd","13:40:15",5961000
25600,800,50000,"sd","13:40:48",6011000
25500,700,20000,"sd","13:41:35",6031000
25600,800,1000,"sd","13:41:36",6032000
25600,800,20000,"bu","13:41:55",6052000
25600,800,2000,"bu","13:41:57",6054000
25600,800,5000,"bu","13:42:00",6059000
25600,800,6000,"sd","13:42:15",6065000
25600,800,50000,"bu","13:42:24",6115000
25600,800,200000,"bu","13:42:27",6315000
25600,800,67000,"sd","13:42:30",6382000
25700,900,2000,"bu","13:42:44",6384000
25700,900,100000,"bu","13:43:01",6484000
25700,900,9000,"sd","13:43:23",6493000
25700,900,79000,"bu","13:43:36",6572000
25700,900,30000,"sd","13:43:41",6602000
25700,900,12000,"sd","13:43:45",6614000
25700,900,8000,"bu","13:43:59",6622000
25700,900,50000,"sd","13:44:10",6672000
25600,800,1000,"sd","13:44:11",6673000
25700,900,40000,"bu","13:44:17",6713000
25700,900,10000,"bu","13:44:19",6723000
25700,900,20000,"bu","13:44:23",6743000
25700,900,5000,"sd","13:44:25",6748000
25700,900,61000,"bu","13:44:29",6809000
25700,900,4000,"bu","13:44:37",6813000
25700,900,1000,"bu","13:44:41",6814000
25800,1000,1000,"bu","13:44:51",6815000
25800,1000,4000,"bu","13:44:52",6819000
25800,1000,38000,"sd","13:45:04",6857000
25800,1000,11000,"bu","13:45:09",6868000
25800,1000,2000,"bu","13:45:11",6870000
25800,1000,10000,"bu","13:45:16",6880000
25800,1000,4000,"sd","13:45:21",6884000
25800,1000,120000,"bu","13:45:23",7004000
25800,1000,20000,"sd","13:45:28",7024000
25900,1100,201000,"bu","13:45:35",7225000
25900,1100,5000,"sd","13:45:36",7230000
25900,1100,2000,"bu","13:45:39",7232000
26000,1200,218000,"bu","13:45:44",7450000
25900,1100,1000,"sd","13:45:45",7451000
26000,1200,11000,"bu","13:45:47",7462000
26000,1200,200000,"sd","13:45:51",7662000
26000,1200,6000,"sd","13:45:53",7668000
26000,1200,3000,"sd","13:45:55",7671000
26000,1200,30000,"bu","13:45:57",7701000
26000,1200,200000,"bu","13:45:58",7901000
26000,1200,34000,"bu","13:46:01",7935000
26000,1200,23000,"bu","13:46:02",7958000
26000,1200,20000,"bu","13:46:04",7978000
26000,1200,20000,"sd","13:46:06",7998000
26000,1200,1000,"bu","13:46:08",7999000
26100,1300,100000,"sd","13:46:09",8099000
26000,1200,1000,"sd","13:46:12",8100000
26200,1400,126000,"bu","13:46:18",8226000
26200,1400,5000,"sd","13:46:19",8231000
26200,1400,10000,"bu","13:46:23",8241000
26300,1500,200000,"bu","13:46:25",8441000
26200,1400,1000,"bu","13:46:27",8442000
26200,1400,10000,"sd","13:46:29",8452000
26200,1400,1000,"sd","13:46:30",8453000
26300,1500,2000,"bu","13:46:31",8455000
26200,1400,10000,"bu","13:46:32",8465000
26300,1500,7000,"sd","13:46:33",8472000
26400,1600,200000,"sd","13:46:34",8672000
26300,1500,33000,"sd","13:46:37",8705000
26400,1600,100000,"bu","13:46:43",8805000
26400,1600,9000,"sd","13:46:44",8814000
26400,1600,5000,"sd","13:46:46",8819000
26400,1600,50000,"bu","13:46:48",8869000
26400,1600,5000,"bu","13:46:50",8874000
26500,1700,11000,"bu","13:46:52",8885000
26400,1600,19000,"sd","13:46:56",8904000
26400,1600,24000,"sd","13:47:03",8928000
26200,1400,43000,"bu","13:47:05",8971000
26100,1300,5000,"bu","13:47:07",8976000
26400,1600,6000,"sd","13:47:13",8982000
26000,1200,1000,"sd","13:47:14",8983000
26400,1600,13000,"sd","13:47:22",8996000
26400,1600,10000,"sd","13:47:40",9006000
26300,1500,10000,"sd","13:47:50",9016000
26400,1600,10000,"sd","13:47:53",9026000
26300,1500,1000,"sd","13:48:05",9027000
26100,1300,5000,"bu","13:48:07",9032000
26100,1300,23000,"sd","13:48:31",9055000
26200,1400,1000,"bu","13:48:50",9056000
26200,1400,2000,"sd","13:48:58",9058000
26200,1400,4000,"bu","13:49:07",9062000
26100,1300,25000,"bu","13:49:20",9087000
26100,1300,41000,"sd","13:49:43",9128000
26100,1300,9000,"sd","13:49:44",9137000
26100,1300,50000,"bu","13:50:02",9187000
26200,1400,1000,"sd","13:50:13",9188000
26100,1300,1000,"sd","13:50:15",9189000
26200,1400,10000,"sd","13:50:22",9199000
26100,1300,2000,"bu","13:50:24",9201000
26100,1300,10000,"sd","13:50:27",9211000
26200,1400,44000,"bu","13:50:30",9255000
26200,1400,2000,"bu","13:50:36",9257000
26200,1400,1000,"sd","13:50:49",9258000
26200,1400,1000,"sd","13:50:51",9259000
26200,1400,3000,"sd","13:51:02",9262000
26200,1400,1000,"sd","13:51:04",9263000
26200,1400,10000,"sd","13:51:57",9273000
26100,1300,10000,"bu","13:51:59",9283000
26200,1400,20000,"sd","13:52:01",9303000
26100,1300,5000,"bu","13:52:03",9308000
26100,1300,1000,"bu","13:52:20",9309000
26100,1300,10000,"bu","13:52:25",9319000
26100,1300,20000,"bu","13:52:27",9339000
26100,1300,1000,"sd","13:52:41",9340000
26100,1300,5000,"sd","13:53:23",9345000
26100,1300,50000,"sd","13:53:50",9395000
26100,1300,48000,"sd","13:53:55",9443000
26100,1300,23000,"bu","13:53:56",9466000
26200,1400,100000,"bu","13:54:02",9566000
26200,1400,17000,"sd","13:54:07",9583000
26200,1400,10000,"sd","13:54:09",9593000
26200,1400,20000,"sd","13:54:17",9613000
26200,1400,5000,"sd","13:54:25",9618000
26200,1400,1000,"bu","13:54:27",9619000
26200,1400,5000,"sd","13:54:33",9624000
26200,1400,15000,"sd","13:54:35",9639000
26100,1300,5000,"sd","13:54:50",9644000
26100,1300,2000,"sd","13:55:16",9646000
26100,1300,20000,"bu","13:55:19",9666000
26000,1200,1000,"bu","13:55:50",9667000
26000,1200,2000,"sd","13:56:00",9669000
26000,1200,100000,"sd","13:56:23",9769000
26000,1200,1000,"bu","13:56:27",9770000
26000,1200,10000,"sd","13:56:59",9780000
26100,1300,3000,"sd","13:57:09",9783000
26000,1200,13000,"bu","13:57:13",9796000
26000,1200,50000,"sd","13:57:16",9846000
26000,1200,7000,"sd","13:57:21",9853000
26000,1200,4000,"sd","13:57:22",9857000
26000,1200,6000,"bu","13:57:29",9863000
26000,1200,20000,"bu","13:57:38",9883000
26000,1200,10000,"sd","13:57:42",9893000
26000,1200,18000,"sd","13:57:48",9911000
26000,1200,8000,"sd","13:58:15",9919000
26000,1200,5000,"sd","13:58:17",9924000
26000,1200,4000,"bu","13:58:23",9928000
26000,1200,20000,"bu","13:58:47",9948000
25900,1100,47000,"bu","13:58:52",9995000
25900,1100,5000,"bu","13:59:36",10000000
26000,1200,20000,"sd","14:00:14",10020000
25900,1100,5000,"bu","14:00:35",10025000
26000,1200,1000,"sd","14:00:54",10026000
25900,1100,85000,"bu","14:01:25",10111000
25900,1100,8000,"sd","14:01:35",10119000
25900,1100,10000,"sd","14:01:37",10129000
25900,1100,17000,"sd","14:01:44",10146000
25900,1100,1000,"sd","14:01:46",10147000
25900,1100,10000,"sd","14:01:50",10157000
25900,1100,4000,"bu","14:01:58",10161000
25900,1100,10000,"bu","14:02:14",10171000
25900,1100,1000,"bu","14:02:29",10172000
25900,1100,4000,"sd","14:03:00",10176000
25900,1100,2000,"bu","14:03:21",10178000
26000,1200,3000,"bu","14:03:25",10181000
25900,1100,10000,"sd","14:04:16",10191000
26000,1200,2000,"sd","14:04:18",10193000
26000,1200,2000,"bu","14:04:23",10195000
25900,1100,9000,"bu","14:04:39",10204000
25900,1100,5000,"bu","14:04:49",10209000
25800,1000,5000,"sd","14:05:15",10214000
25800,1000,20000,"sd","14:05:27",10234000
25900,1100,2000,"bu","14:05:30",10236000
25800,1000,20000,"bu","14:05:46",10256000
25800,1000,53000,"sd","14:06:02",10309000
25800,1000,40000,"bu","14:06:04",10349000
25800,1000,5000,"bu","14:06:13",10354000
25800,1000,9000,"bu","14:06:19",10363000
25700,900,30000,"bu","14:06:32",10393000
25800,1000,3000,"sd","14:06:33",10396000
25800,1000,2000,"sd","14:06:42",10398000
25800,1000,3000,"sd","14:06:44",10401000
25700,900,10000,"sd","14:06:52",10411000
25700,900,20000,"sd","14:07:01",10431000
25700,900,50000,"sd","14:07:02",10481000
25700,900,50000,"bu","14:07:15",10531000
25700,900,10000,"bu","14:07:19",10541000
25700,900,5000,"bu","14:07:23",10546000
25700,900,3000,"sd","14:07:29",10549000
25600,800,220000,"bu","14:07:47",10769000
25600,800,3000,"bu","14:07:52",10772000
25500,700,205000,"sd","14:07:58",10977000
25600,800,5000,"sd","14:07:59",10982000
25500,700,1000,"bu","14:08:16",10983000
25600,800,100000,"bu","14:08:18",11083000
25500,700,5000,"bu","14:08:19",11088000
25700,900,94000,"sd","14:08:24",11182000
25600,800,99000,"bu","14:08:29",11281000
25600,800,20000,"sd","14:08:38",11301000
25600,800,20000,"sd","14:08:38",11301000
25600,800,30000,"bu","14:08:55",11331000
25600,800,4000,"sd","14:09:15",11335000
25600,800,5000,"sd","14:09:19",11340000
25600,800,10000,"sd","14:09:26",11350000
25600,800,15000,"bu","14:09:27",11365000
25600,800,1000,"bu","14:09:31",11366000
25700,900,5000,"bu","14:09:44",11371000
25700,900,2000,"bu","14:09:57",11373000
25700,900,10000,"bu","14:10:10",11383000
25700,900,22000,"bu","14:10:29",11405000
25800,1000,36000,"bu","14:10:37",11441000
26000,1200,2000,"bu","14:11:16",11443000
26000,1200,70000,"bu","14:11:29",11513000
25900,1100,2000,"bu","14:11:46",11515000
25900,1100,8000,"bu","14:11:51",11523000
26000,1200,30000,"bu","14:12:09",11553000
26000,1200,9000,"sd","14:12:24",11562000
26000,1200,10000,"sd","14:13:42",11572000
26000,1200,5000,"bu","14:13:51",11577000
26000,1200,105000,"bu","14:13:57",11682000
26000,1200,55000,"bu","14:14:00",11737000
26000,1200,10000,"bu","14:14:13",11747000
26000,1200,40000,"sd","14:14:15",11787000
26000,1200,35000,"sd","14:14:19",11822000
26000,1200,30000,"sd","14:14:31",11852000
26000,1200,39000,"bu","14:14:51",11891000
26000,1200,10000,"bu","14:15:33",11901000
26000,1200,1000,"sd","14:15:58",11902000
26000,1200,1000,"sd","14:16:12",11903000
26000,1200,8000,"bu","14:16:14",11911000
25900,1100,4000,"sd","14:16:35",11915000
25900,1100,10000,"bu","14:16:47",11925000
25900,1100,3000,"sd","14:16:48",11928000
25900,1100,10000,"bu","14:17:17",11938000
25900,1100,1000,"sd","14:17:18",11939000
25900,1100,50000,"sd","14:17:35",11989000
25900,1100,11000,"bu","14:17:44",12000000
25800,1000,2000,"sd","14:19:16",12002000
25900,1100,5000,"sd","14:19:19",12007000
25800,1000,13000,"bu","14:19:26",12020000
25800,1000,24000,"bu","14:19:54",12044000
25800,1000,1000,"sd","14:20:25",12045000
25700,900,5000,"bu","14:21:15",12050000
25700,900,10000,"bu","14:21:31",12060000
25700,900,2000,"sd","14:21:33",12062000
25700,900,2000,"sd","14:21:35",12064000
25700,900,15000,"bu","14:21:43",12079000
25700,900,1000,"sd","14:21:46",12080000
25600,800,53000,"bu","14:22:02",12133000
25600,800,75000,"bu","14:22:59",12208000
25600,800,1000,"bu","14:23:14",12209000
25600,800,14000,"bu","14:23:23",12223000
25600,800,1000,"sd","14:23:27",12224000
25600,800,1000,"bu","14:23:45",12225000
25600,800,4000,"bu","14:23:46",12229000
25600,800,46000,"sd","14:23:49",12275000
25600,800,5000,"bu","14:23:58",12280000
25600,800,1000,"sd","14:24:07",12281000
25600,800,20000,"sd","14:24:26",12301000
25600,800,2000,"sd","14:24:33",12303000
25600,800,10000,"sd","14:24:34",12313000
25600,800,1000,"bu","14:24:38",12314000
25600,800,1000,"bu","14:24:52",12315000
25600,800,4000,"bu","14:24:55",12319000
25600,800,100000,"sd","14:25:06",12419000
25600,800,7000,"bu","14:25:07",12426000
25600,800,6000,"sd","14:25:10",12432000
25600,800,5000,"sd","14:25:16",12437000
25600,800,10000,"bu","14:25:23",12447000
25600,800,35000,"sd","14:25:24",12482000
25500,700,105000,"bu","14:25:28",12587000
25500,700,1000,"bu","14:25:34",12588000
25500,700,130000,"sd","14:25:37",12718000
25500,700,16000,"bu","14:25:41",12734000
25500,700,20000,"sd","14:25:47",12754000
25500,700,50000,"sd","14:26:01",12804000
25500,700,7000,"sd","14:26:02",12811000
25500,700,2000,"bu","14:26:06",12813000
25500,700,20000,"bu","14:26:21",12833000
25400,600,10000,"bu","14:26:30",12843000
25400,600,50000,"bu","14:26:48",12893000
25500,700,20000,"sd","14:26:54",12913000
25500,700,2000,"sd","14:26:58",12915000
25400,600,10000,"bu","14:27:01",12925000
25500,700,50000,"sd","14:27:05",12975000
25500,700,5000,"sd","14:27:14",12980000
25500,700,2000,"sd","14:27:15",12982000
25500,700,1000,"bu","14:27:16",12983000
25500,700,4000,"sd","14:27:19",12987000
25500,700,26000,"bu","14:27:28",13013000
25600,800,2000,"bu","14:27:33",13015000
25600,800,1000,"sd","14:27:45",13016000
25600,800,10000,"sd","14:27:46",13026000
25600,800,3000,"bu","14:27:47",13029000
25600,800,2000,"sd","14:27:54",13031000
25700,900,2000,"sd","14:28:09",13033000
25900,1100,140000,"bu","14:28:14",13173000
25900,1100,10000,"sd","14:28:26",13183000
25900,1100,9000,"sd","14:28:29",13192000
26000,1200,129000,"sd","14:28:49",13321000
26100,1300,3000,"sd","14:28:55",13324000
26000,1200,1000,"bu","14:29:05",13325000
26000,1200,4000,"sd","14:29:07",13329000
26000,1200,20000,"sd","14:29:11",13349000
26000,1200,16000,"sd","14:29:15",13365000
26000,1200,10000,"sd","14:29:19",13375000
26000,1200,6000,"sd","14:29:20",13381000
26000,1200,5000,"bu","14:29:22",13386000
26000,1200,3000,"bu","14:29:25",13389000
26000,1200,29000,"bu","14:29:31",13418000
26000,1200,10000,"sd","14:29:39",13428000
26100,1300,40000,"bu","14:29:43",13468000
26000,1200,19000,"bu","14:29:48",13487000
26200,1400,152000,"bu","14:45:03",13639000
26200,1400,661000,"sd","14:45:05",14300000
26200,1400,1000,"bu","14:59:53",14301000
