"price","change","match_qtty","side","time","total_vol"
70000,-400,800,"bu","09:15:03",800
70000,-400,700,"bu","09:20:06",1500
70000,-400,2400,"sd","09:20:06",3900
70000,-400,800,"bu","09:20:57",4700
69900,-500,300,"sd","09:20:58",5000
70000,-400,1000,"sd","09:21:14",6000
70000,-400,100,"sd","09:21:23",6100
70200,-200,2500,"sd","09:22:52",8600
70200,-200,200,"sd","09:23:58",8800
70100,-300,300,"sd","09:26:41",9100
70100,-300,300,"bu","09:27:15",9400
70100,-300,400,"bu","09:27:24",9800
70100,-300,2000,"sd","09:30:27",11800
70100,-300,200,"bu","09:30:33",12000
70100,-300,1000,"sd","09:31:36",13000
70100,-300,100,"bu","09:31:43",13100
70100,-300,900,"bu","09:31:53",14000
70200,-200,100,"bu","09:31:56",14100
70200,-200,300,"sd","09:32:27",14400
70200,-200,2200,"sd","09:34:50",16600
70200,-200,200,"bu","09:34:53",16800
70100,-300,100,"bu","09:35:00",16900
70100,-300,400,"bu","09:35:26",17300
70000,-400,100,"bu","09:35:35",17400
70000,-400,800,"bu","09:35:46",18200
70000,-400,300,"sd","09:37:04",18500
70000,-400,200,"bu","09:37:27",18700
70100,-300,2000,"sd","09:38:09",20700
70100,-300,200,"bu","09:38:13",20900
70100,-300,1000,"bu","09:38:19",21900
70100,-300,100,"bu","09:38:23",22000
70200,-200,4000,"sd","09:38:25",26000
70200,-200,100,"bu","09:38:33",26400
70200,-200,400,"bu","09:38:47",26800
70200,-200,300,"sd","09:38:53",27100
70200,-200,500,"bu","09:39:05",27600
70200,-200,500,"bu","09:39:40",28100
70200,-200,200,"bu","09:39:41",28300
70200,-200,100,"bu","09:41:47",28400
70200,-200,1000,"bu","09:41:56",29400
70200,-200,100,"bu","09:42:18",29500
70100,-300,3300,"bu","09:43:30",32800
70100,-300,300,"sd","09:43:37",33100
70200,-200,1900,"bu","09:46:32",35000
70200,-200,100,"sd","09:46:37",35100
70200,-200,2000,"sd","09:47:21",37100
70200,-200,100,"bu","09:47:27",37200
70100,-300,1800,"bu","09:49:28",39000
70100,-300,1000,"sd","09:49:59",40000
70100,-300,100,"bu","09:50:07",40100
70100,-300,400,"sd","09:50:15",40500
70200,-200,2000,"sd","09:51:14",42500
70200,-200,200,"sd","09:51:17",42700
70200,-200,100,"sd","09:54:15",42800
70100,-300,1000,"sd","09:54:36",43800
70200,-200,6000,"bu","09:54:54",49800
70200,-200,400,"bu","09:54:57",50200
70200,-200,2000,"sd","09:55:37",52200
70200,-200,100,"sd","09:55:49",52300
70100,-300,2000,"sd","09:55:52",54300
70100,-300,100,"bu","09:56:26",54400
70100,-300,400,"sd","09:56:45",54800
70100,-300,2100,"sd","09:57:03",56900
70100,-300,300,"sd","09:57:22",57200
70100,-300,100,"bu","09:57:33",57300
70100,-300,1500,"sd","09:57:52",58800
70100,-300,1300,"sd","09:58:05",60100
70100,-300,100,"bu","09:59:20",60200
70100,-300,200,"sd","09:59:22",60400
70100,-300,300,"bu","09:59:23",60700
70100,-300,1000,"sd","09:59:34",61700
70100,-300,500,"bu","09:59:35",62200
70100,-300,500,"bu","09:59:42",62700
70200,-200,1000,"bu","09:59:53",63700
70200,-200,1100,"sd","10:02:13",64800
70200,-200,100,"bu","10:02:17",64900
70200,-200,5000,"bu","10:03:41",69900
70200,-200,100,"bu","10:03:46",70000
70200,-200,300,"bu","10:03:47",70300
70200,-200,200,"bu","10:04:05",70500
70200,-200,700,"sd","10:04:17",71200
70200,-200,500,"bu","10:05:03",71700
70200,-200,1000,"bu","10:10:13",72700
70200,-200,100,"sd","10:10:17",72800
70200,-200,500,"bu","10:12:16",73300
70200,-200,900,"sd","10:12:57",74200
70200,-200,1000,"bu","10:14:00",75200
70200,-200,100,"bu","10:14:07",75300
70100,-300,300,"sd","10:20:16",75600
70100,-300,500,"bu","10:20:24",76100
70100,-300,2000,"sd","10:20:53",78100
70100,-300,300,"bu","10:21:42",78400
70100,-300,300,"sd","10:23:01",78700
70100,-300,100,"bu","10:23:45",78800
70100,-300,300,"sd","10:24:20",79100
70100,-300,100,"bu","10:25:28",79200
70100,-300,600,"sd","10:26:58",79800
70100,-300,300,"sd","10:28:17",80100
70100,-300,300,"sd","10:29:36",80400
70100,-300,300,"sd","10:30:54",80700
70100,-300,2500,"sd","10:31:56",83200
70100,-300,300,"bu","10:32:13",83500
70100,-300,600,"sd","10:34:51",84100
70100,-300,300,"sd","10:36:10",84400
70100,-300,500,"bu","10:36:29",84900
70100,-300,1200,"bu","10:38:09",86100
70100,-300,100,"sd","10:38:25",86200
70100,-300,1000,"sd","10:42:11",87200
70100,-300,100,"sd","10:42:17",87300
70100,-300,1000,"bu","10:42:38",88300
70100,-300,100,"bu","10:42:43",88400
70100,-300,500,"bu","10:45:13",88900
70100,-300,100,"bu","10:45:52",89000
70100,-300,500,"bu","10:46:15",89500
70100,-300,100,"sd","10:47:09",89600
70100,-300,600,"sd","10:52:02",90200
70100,-300,1000,"bu","10:52:34",91200
70100,-300,100,"bu","10:52:37",91300
70100,-300,500,"bu","10:52:43",91800
70100,-300,200,"sd","10:53:51",92000
70000,-400,4500,"bu","10:57:02",96500
70000,-400,300,"bu","10:57:10",96800
70000,-400,10000,"sd","10:58:17",106800
70000,-400,300,"bu","10:58:29",107100
70000,-400,4000,"bu","10:58:35",111100
70000,-400,400,"sd","10:58:38",111500
69900,-500,100,"bu","11:00:19",111600
69900,-500,400,"sd","11:01:06",112000
69900,-500,300,"bu","11:02:24",112300
69900,-500,200,"bu","11:02:26",112500
69900,-500,300,"bu","11:03:45",112800
69900,-500,500,"sd","11:03:49",113300
69900,-500,300,"sd","11:05:03",113600
69900,-500,500,"bu","11:05:10",114100
69900,-500,400,"sd","11:05:18",114500
69900,-500,300,"bu","11:06:25",114800
69900,-500,8500,"sd","11:06:46",123300
70000,-400,5300,"bu","11:10:30",128600
70000,-400,100,"sd","11:11:05",128700
70000,-400,300,"bu","11:11:37",129000
70100,-300,2500,"bu","11:19:17",131500
70100,-300,200,"bu","11:19:26",131700
70100,-300,100,"sd","11:19:29",131800
70100,-300,500,"bu","11:19:30",132300
70000,-400,10000,"bu","11:22:16",142300
70000,-400,1800,"bu","11:22:40",144100
70000,-400,300,"sd","11:23:26",144400
70100,-300,100,"sd","11:23:59",144500
70000,-400,10100,"bu","11:24:42",154600
70000,-400,900,"sd","11:25:34",155500
70000,-400,300,"sd","11:26:02",155800
70000,-400,1700,"sd","11:26:40",157500
70000,-400,100,"bu","11:26:59",157600
70000,-400,300,"sd","11:28:11",157900
70000,-400,100,"bu","11:28:41",158000
70000,-400,200,"sd","11:28:53",158200
70000,-400,9800,"sd","11:29:52",168000
70000,-400,900,"sd","11:29:58",168900
70000,-400,600,"sd","13:00:23",169500
70000,-400,500,"bu","13:00:29",170000
70000,-400,100,"bu","13:00:31",170100
69900,-500,500,"bu","13:00:35",170600
70000,-400,5200,"bu","13:03:37",175800
70000,-400,500,"sd","13:03:47",176300
70000,-400,1600,"bu","13:04:14",177900
70000,-400,1100,"sd","13:05:47",179000
70000,-400,300,"bu","13:06:33",179300
70000,-400,300,"bu","13:07:52",179600
70000,-400,1000,"sd","13:08:01",180600
70000,-400,1000,"sd","13:08:04",181600
70000,-400,200,"sd","13:08:18",181800
70000,-400,200,"sd","13:09:11",182000
70000,-400,100,"bu","13:09:47",182100
70000,-400,300,"sd","13:10:31",182400
70000,-400,500,"bu","13:10:59",182900
70000,-400,300,"sd","13:11:49",183200
70000,-400,100,"sd","13:12:40",183300
70000,-400,300,"sd","13:13:07",183600
70000,-400,400,"bu","13:14:26",184000
70000,-400,300,"sd","13:15:45",184300
70100,-300,500,"bu","13:15:47",184800
70100,-300,100,"bu","13:15:54",184900
70000,-400,6000,"bu","13:17:10",190900
70000,-400,300,"sd","13:18:22",191200
70000,-400,300,"sd","13:19:41",191500
70000,-400,400,"bu","13:19:50",191900
70000,-400,500,"bu","13:20:20",192400
70000,-400,300,"bu","13:21:00",192700
70100,-300,9600,"sd","13:23:36",202300
70100,-300,800,"sd","13:23:45",203100
70100,-300,100,"bu","13:23:51",203200
70200,-200,1800,"bu","13:25:45",205000
70200,-200,2000,"bu","13:25:48",207000
70200,-200,500,"bu","13:26:16",207500
70300,-100,6700,"bu","13:26:44",214200
70300,-100,300,"sd","13:27:35",214500
70300,-100,500,"bu","13:28:20",215000
70300,-100,300,"sd","13:28:53",215300
70300,-100,1300,"sd","13:29:16",216600
70300,-100,4700,"sd","13:29:32",221300
70300,-100,600,"bu","13:29:35",221900
70200,-200,1200,"sd","13:31:16",223100
70200,-200,800,"bu","13:32:50",223900
70200,-200,900,"sd","13:36:09",224800
70200,-200,300,"bu","13:36:46",225100
70300,-100,16400,"bu","13:37:01",241500
70400,0,26100,"sd","13:37:22",267600
70400,0,8800,"sd","13:37:32",276400
70500,100,4200,"sd","13:37:45",280600
70400,0,10000,"bu","13:37:49",290600
70400,0,300,"sd","13:38:00",290900
70400,0,300,"sd","13:38:05",291200
70400,0,100,"bu","13:38:17",291300
70400,0,1000,"sd","13:38:24",292300
70400,0,200,"bu","13:38:30",292500
70400,0,100,"bu","13:38:39",292600
70400,0,600,"sd","13:38:57",293200
70500,100,2700,"bu","13:38:59",295900
70500,100,100,"sd","13:39:54",296000
70400,0,400,"bu","13:40:42",296400
70300,-100,100,"bu","13:41:01",296500
70300,-100,400,"sd","13:42:38",296900
70300,-100,300,"sd","13:42:48",297200
70300,-100,700,"sd","13:43:27",297900
70200,-200,400,"sd","13:44:39",298300
70200,-200,100,"sd","13:44:51",298400
70300,-100,300,"bu","13:46:02",298700
70300,-100,100,"bu","13:46:14",298800
70300,-100,1200,"bu","13:47:46",300000
70300,-100,200,"bu","13:51:14",300200
70300,-100,2500,"sd","13:51:39",302700
70200,-200,500,"sd","13:52:51",303200
70200,-200,1200,"sd","13:53:14",304400
70200,-200,3600,"sd","13:53:49",308000
70100,-300,2000,"sd","13:54:15",310000
70000,-400,300,"bu","13:54:32",310300
70000,-400,11400,"sd","13:55:22",321700
70000,-400,2000,"sd","13:55:24",323700
70000,-400,100,"sd","13:55:25",323800
70000,-400,300,"bu","13:55:40",324100
70000,-400,100,"bu","13:56:02",324200
70000,-400,400,"bu","13:57:14",324600
70000,-400,1700,"bu","13:57:44",326300
70000,-400,100,"bu","13:57:48",326400
70000,-400,200,"sd","13:58:07",326600
69900,-500,2400,"sd","13:58:58",329000
69900,-500,300,"bu","13:59:48",329300
69900,-500,100,"bu","13:59:52",329400
70000,-400,200,"bu","14:00:29",329600
70000,-400,5000,"sd","14:01:08",334600
70000,-400,100,"sd","14:01:41",334700
70000,-400,1000,"sd","14:02:29",335700
70000,-400,200,"bu","14:02:32",335900
70000,-400,400,"sd","14:02:40",336300
70000,-400,100,"bu","14:03:15",336400
69900,-500,2000,"bu","14:04:02",338400
69900,-500,200,"sd","14:04:45",338600
69900,-500,500,"bu","14:06:20",339100
69900,-500,3800,"sd","14:06:30",342900
69900,-500,500,"bu","14:06:32",343400
69900,-500,4100,"sd","14:06:34",347500
69800,-600,500,"sd","14:07:11",348000
69800,-600,200,"bu","14:07:37",348200
69900,-500,2000,"sd","14:07:47",350200
69800,-600,200,"bu","14:08:37",350400
69800,-600,100,"sd","14:09:03",350500
69800,-600,3800,"bu","14:09:06",354300
69800,-600,2500,"sd","14:09:19",356800
69800,-600,400,"sd","14:09:21",357200
69800,-600,5300,"sd","14:09:32",362500
69800,-600,1800,"sd","14:09:38",364300
69800,-600,2600,"sd","14:09:47",366900
69800,-600,1000,"bu","14:09:57",367900
69800,-600,500,"sd","14:10:08",368400
69800,-600,200,"bu","14:10:26",368600
69900,-500,900,"sd","14:11:37",369500
69900,-500,300,"sd","14:11:45",369800
69900,-500,3900,"sd","14:12:11",373700
69900,-500,400,"sd","14:12:13",374100
69900,-500,200,"bu","14:13:16",374300
69900,-500,2300,"sd","14:13:41",376600
69900,-500,2000,"sd","14:14:31",378600
69900,-500,400,"bu","14:14:41",379000
69900,-500,2000,"bu","14:14:43",381000
69900,-500,1000,"bu","14:15:26",382000
69900,-500,200,"bu","14:15:35",382200
69900,-500,100,"bu","14:16:54",382300
69800,-600,7800,"sd","14:22:32",390100
69900,-500,100,"sd","14:22:34",390200
69700,-700,10000,"sd","14:22:40",400200
69700,-700,3800,"sd","14:23:13",404000
69700,-700,2500,"sd","14:23:15",406500
69700,-700,100,"bu","14:23:24",406600
69600,-800,5100,"bu","14:24:07",411700
69600,-800,500,"bu","14:24:18",412200
69600,-800,200,"bu","14:24:22",412400
69600,-800,5000,"bu","14:24:25",417400
69600,-800,1100,"bu","14:24:32",418500
69500,-900,15000,"bu","14:24:34",433500
69700,-700,3000,"bu","14:24:39",436500
69500,-900,3600,"bu","14:25:09",440100
69500,-900,1000,"bu","14:25:31",441100
69500,-900,200,"bu","14:25:38",441300
69500,-900,4800,"bu","14:25:41",446100
69500,-900,600,"bu","14:25:54",446700
69500,-900,200,"bu","14:26:05",446900
69400,-1000,4800,"sd","14:26:10",451700
69300,-1100,1900,"sd","14:26:24",453600
69000,-1400,5000,"sd","14:26:36",458600
69000,-1400,8200,"bu","14:26:38",466800
69000,-1400,600,"bu","14:26:48",467400
69000,-1400,5000,"sd","14:26:50",472400
69000,-1400,900,"bu","14:26:56",473300
68500,-1900,8900,"sd","14:27:24",482200
69000,-1400,100,"bu","14:27:30",482300
69000,-1400,400,"sd","14:27:39",482700
69000,-1400,300,"bu","14:27:52",483000
69600,-800,100,"bu","14:29:01",483100
69700,-700,1000,"sd","14:29:34",484100
69700,-700,2000,"sd","14:30:02",486100
69700,-700,500,"sd","14:30:08",486600
70400,0,102300,"bu","14:45:08",588900
