"price","change","match_qtty","side","time","total_vol"
14100,0,9400,"sd","09:15:07",9400
14000,-100,10500,"bu","09:15:16",19900
14100,0,100,"bu","09:15:18",20000
14150,50,1100,"bu","09:18:28",21100
14150,50,2200,"sd","09:19:04",23300
14200,100,800,"sd","09:19:25",24100
14150,50,1000,"bu","09:19:29",25100
14150,50,400,"bu","09:19:47",25500
14200,100,47800,"sd","09:21:52",73300
14200,100,100,"sd","09:22:04",73400
14200,100,400,"bu","09:22:10",73800
14250,150,100,"bu","09:22:20",73900
14250,150,2000,"sd","09:22:41",75900
14200,100,1600,"bu","09:22:54",77500
14200,100,1000,"sd","09:23:25",78500
14200,100,2000,"sd","09:23:34",80500
14200,100,1000,"sd","09:23:49",81500
14250,150,5000,"bu","09:24:06",86500
14250,150,2000,"bu","09:24:29",88500
14250,150,3900,"bu","09:25:22",92400
14200,100,100,"bu","09:25:44",92500
14200,100,5100,"sd","09:26:26",97600
14250,150,12900,"bu","09:26:27",110500
14250,150,2000,"bu","09:26:42",112500
14250,150,3900,"bu","09:27:36",116400
14200,100,100,"sd","09:27:40",116500
14250,150,5000,"bu","09:28:50",121500
14250,150,2000,"sd","09:28:57",123500
14250,150,400,"sd","09:29:07",123900
14250,150,300,"sd","09:29:13",124200
14250,150,1900,"bu","09:29:24",126100
14250,150,10000,"sd","09:29:29",136100
14250,150,50000,"sd","09:29:38",186100
14250,150,100,"bu","09:29:41",186200
14250,150,5000,"bu","09:29:42",191200
14250,150,49900,"bu","09:29:45",241100
14250,150,3000,"sd","09:30:00",244100
14200,100,10000,"sd","09:30:09",254100
14250,150,2000,"sd","09:30:15",256100
14250,150,1100,"sd","09:30:17",257200
14250,150,500,"bu","09:30:20",257700
14250,150,400,"sd","09:31:15",258100
14250,150,500,"bu","09:32:41",258600
14250,150,1500,"bu","09:32:55",260100
14300,200,100,"bu","09:33:13",260200
14300,200,2100,"sd","09:33:19",262300
14300,200,1900,"sd","09:33:25",264200
14250,150,100,"sd","09:33:48",264300
14300,200,1900,"bu","09:34:20",266200
14250,150,100,"bu","09:34:30",266300
14250,150,800,"sd","09:34:43",267100
14300,200,100,"bu","09:34:46",267200
14300,200,1800,"sd","09:35:12",269000
14250,150,10000,"sd","09:35:25",279000
14300,200,5000,"bu","09:35:28",284000
14250,150,200,"bu","09:35:31",284200
14300,200,2000,"sd","09:35:41",286200
14300,200,1800,"sd","09:36:06",288000
14300,200,500,"bu","09:36:17",288500
14250,150,800,"bu","09:36:25",289300
14250,150,1600,"sd","09:36:33",290900
14250,150,5700,"sd","09:37:14",296600
14250,150,400,"sd","09:37:35",297000
14300,200,2200,"sd","09:38:20",299200
14300,200,200,"sd","09:38:23",299400
14250,150,3800,"sd","09:38:33",303200
14250,150,2000,"sd","09:38:49",305200
14250,150,10900,"sd","09:38:55",316100
14250,150,1500,"sd","09:39:00",317600
14250,150,100,"sd","09:39:34",317700
14250,150,3900,"bu","09:39:45",321600
14250,150,3000,"sd","09:39:46",324600
14250,150,10000,"sd","09:39:49",334600
14250,150,31200,"sd","09:39:58",365800
14200,100,3100,"bu","09:40:15",368900
14200,100,30000,"sd","09:40:46",398900
14200,100,3300,"bu","09:41:05",402200
14200,100,2000,"bu","09:41:08",404200
14200,100,200,"sd","09:41:22",404400
14250,150,100,"bu","09:41:47",404500
14200,100,5000,"bu","09:41:48",409500
14200,100,500,"bu","09:42:17",410000
14200,100,100,"sd","09:42:26",410100
14200,100,300,"sd","09:43:58",410400
14200,100,100,"bu","09:44:13",410500
14250,150,200,"bu","09:45:07",410700
14250,150,1900,"bu","09:45:29",412600
14250,150,2000,"bu","09:45:32",414600
14200,100,5500,"bu","09:45:56",420100
14250,150,100,"bu","09:46:06",420200
14250,150,1800,"sd","09:46:23",422000
14250,150,100,"sd","09:46:34",422100
14250,150,1000,"sd","09:46:40",423100
14200,100,1100,"sd","09:47:08",424200
14200,100,1100,"bu","09:48:08",425300
14200,100,100,"sd","09:49:22",425400
14200,100,500,"sd","09:49:36",425900
14200,100,300,"bu","09:50:41",426200
14200,100,1000,"sd","09:51:01",427200
14200,100,10000,"bu","09:51:36",437200
14200,100,300,"bu","09:53:41",437500
14200,100,600,"sd","09:53:45",438100
14200,100,500,"bu","09:53:51",438600
14200,100,100,"sd","09:53:54",438700
14200,100,1000,"sd","09:54:45",439700
14200,100,2000,"bu","09:55:04",441700
14200,100,26000,"sd","09:55:13",467700
14200,100,300,"bu","09:55:22",468000
14200,100,5000,"bu","09:55:35",473000
14200,100,100,"bu","09:55:41",473100
14200,100,10200,"bu","09:56:16",483300
14200,100,700,"sd","09:56:36",484000
14200,100,1900,"bu","09:56:39",485900
14200,100,1900,"bu","09:57:06",487800
14200,100,1900,"bu","09:57:33",489700
14200,100,1800,"sd","09:58:00",491500
14150,50,500,"sd","09:58:16",492000
14150,50,900,"bu","10:00:11",492900
14150,50,1000,"sd","10:00:24",493900
14200,100,7500,"sd","10:01:50",501400
14200,100,600,"bu","10:02:01",502000
14200,100,3800,"sd","10:02:03",505800
14200,100,3800,"sd","10:02:56",509600
14200,100,500,"sd","10:03:08",510100
14200,100,1400,"sd","10:03:30",511500
14150,50,600,"bu","10:05:24",512100
14150,50,7600,"sd","10:05:47",519700
14150,50,10000,"bu","10:06:36",529700
14150,50,19000,"bu","10:07:31",548700
14200,100,1000,"bu","10:11:19",549700
14200,100,2000,"bu","10:11:39",551700
14200,100,3800,"bu","10:11:54",555500
14200,100,100,"sd","10:12:23",555600
14200,100,3800,"bu","10:12:48",559400
14200,100,200,"sd","10:13:06",559600
14150,50,100,"sd","10:13:16",559700
14200,100,10000,"sd","10:13:23",569700
14200,100,3800,"sd","10:13:46",573500
14200,100,300,"sd","10:14:02",573800
14200,100,3700,"sd","10:14:36",577500
14200,100,1000,"bu","10:14:54",578500
14200,100,7000,"bu","10:15:26",585500
14200,100,100,"bu","10:15:30",585600
14200,100,500,"bu","10:15:35",586100
14200,100,100,"bu","10:16:15",586200
14200,100,1000,"sd","10:16:17",587200
14250,150,1100,"sd","10:18:54",588300
14250,150,3800,"bu","10:19:06",592100
14200,100,3000,"sd","10:19:07",595100
14200,100,5000,"sd","10:19:33",600100
14200,100,5000,"bu","10:19:39",605100
14200,100,1000,"sd","10:19:58",606100
14200,100,1600,"bu","10:22:48",607700
14200,100,100,"sd","10:22:59",607800
14200,100,600,"sd","10:24:00",608400
14200,100,7900,"bu","10:25:01",616300
14200,100,200,"sd","10:25:12",616500
14200,100,100,"bu","10:30:34",616600
14200,100,200,"bu","10:31:28",616800
14150,50,100,"sd","10:32:41",616900
14200,100,1000,"bu","10:33:05",617900
14200,100,100,"sd","10:36:03",618000
14150,50,2000,"bu","10:36:07",620000
14150,50,300,"bu","10:37:11",620300
14150,50,1000,"bu","10:37:28",621300
14200,100,5000,"sd","10:40:10",626300
14150,50,100,"bu","10:42:22",626400
14150,50,1500,"sd","10:42:56",627900
14150,50,3700,"sd","10:46:22",631600
14150,50,1700,"bu","10:46:23",633300
14100,0,5400,"bu","10:46:55",638700
14150,50,100,"bu","10:47:03",638800
14150,50,200,"bu","10:47:25",639000
14150,50,3000,"bu","10:47:41",642000
14150,50,700,"sd","10:47:42",642700
14100,0,5400,"bu","10:47:53",648100
14150,50,300,"sd","10:47:57",648400
14150,50,500,"bu","10:48:08",648900
14150,50,1400,"bu","10:48:09",650300
14150,50,1400,"sd","10:48:21",651700
14150,50,700,"sd","10:49:45",652400
14150,50,2000,"sd","10:50:00",654400
14150,50,5400,"sd","10:50:07",659800
14200,100,500,"bu","10:51:32",660300
14200,100,100,"sd","10:51:33",660400
14200,100,3100,"bu","10:52:06",663500
14200,100,900,"bu","10:52:08",664400
14200,100,200,"sd","10:52:09",664600
14200,100,600,"sd","10:52:51",665200
14150,50,500,"sd","10:53:45",665700
14150,50,100,"sd","10:55:34",665800
14200,100,1400,"sd","10:59:57",667200
14200,100,100,"sd","10:59:59",667300
14150,50,2300,"sd","11:02:05",669600
14200,100,100,"sd","11:02:10",669700
14150,50,5000,"sd","11:03:45",674700
14200,100,200,"sd","11:04:57",674900
14150,50,1000,"sd","11:05:20",675900
14150,50,11300,"bu","11:05:29",687200
14150,50,4200,"bu","11:05:30",691400
14150,50,200,"bu","11:05:31",691600
14150,50,2200,"sd","11:08:19",693800
14150,50,600,"sd","11:08:20",694400
14150,50,100,"sd","11:08:21",694500
14150,50,400,"sd","11:08:47",694900
14150,50,100,"sd","11:08:48",695000
14150,50,200,"sd","11:09:18",695200
14100,0,46100,"bu","11:10:26",741300
14100,0,4100,"bu","11:10:27",745400
14150,50,6500,"sd","11:10:57",751900
14150,50,400,"bu","11:10:59",752300
14150,50,100,"bu","11:11:00",752400
14100,0,10100,"sd","11:12:08",762500
14150,50,100,"bu","11:14:57",762600
14150,50,200,"bu","11:18:44",762800
14150,50,300,"bu","11:20:40",763100
14100,0,100,"sd","11:21:08",763200
14100,0,400,"sd","11:23:11",763600
14150,50,5000,"bu","11:26:59",768600
14150,50,13400,"sd","11:27:00",782000
14150,50,2000,"sd","11:27:01",784000
14150,50,4000,"sd","11:27:16",788000
14150,50,900,"sd","11:27:30",788900
14150,50,200,"sd","11:27:31",789100
14100,0,100,"sd","13:00:19",789200
14150,50,600,"bu","13:00:21",789800
14150,50,100,"sd","13:00:31",789900
14150,50,200,"bu","13:00:45",790100
14150,50,500,"sd","13:00:46",790600
14150,50,200,"bu","13:00:47",790800
14150,50,700,"bu","13:00:50",791500
14150,50,200,"bu","13:00:52",791700
14100,0,100,"sd","13:01:02",791800
14100,0,2000,"bu","13:01:37",793800
14100,0,400,"bu","13:02:05",794200
14100,0,500,"sd","13:02:18",794700
14100,0,24600,"sd","13:02:43",819300
14100,0,5000,"sd","13:03:32",824300
14100,0,500,"sd","13:04:03",824800
14100,0,4500,"sd","13:05:04",829300
14100,0,100,"sd","13:05:14",829400
14150,50,8200,"sd","13:06:22",837600
14150,50,3100,"bu","13:06:24",840700
14150,50,200,"sd","13:06:25",840900
14100,0,36800,"bu","13:06:33",877700
14100,0,200,"sd","13:08:17",877900
14100,0,100,"bu","13:08:34",878000
14100,0,2000,"bu","13:08:41",880000
14150,50,20000,"bu","13:08:47",900000
14150,50,7800,"bu","13:08:50",907800
14150,50,500,"sd","13:08:51",908300
14150,50,1700,"bu","13:10:02",910000
14150,50,500,"bu","13:10:03",910500
14100,0,15900,"sd","13:10:37",926400
14100,0,1000,"sd","13:10:39",927400
14100,0,300,"sd","13:10:40",927700
14100,0,1000,"sd","13:10:50",928700
14100,0,300,"bu","13:10:51",929000
14100,0,500,"sd","13:10:59",929500
14100,0,100,"bu","13:11:01",929600
14100,0,3100,"bu","13:11:50",932700
14100,0,1100,"bu","13:11:52",933800
14100,0,4100,"bu","13:13:31",937900
14100,0,500,"bu","13:14:23",938400
14100,0,1000,"sd","13:16:07",939400
14100,0,100,"bu","13:16:48",939500
14150,50,500,"sd","13:18:28",940000
14150,50,100,"sd","13:18:29",940100
14100,0,12500,"bu","13:19:13",952600
14100,0,2000,"sd","13:20:03",954600
14100,0,2100,"bu","13:20:14",956700
14100,0,2000,"sd","13:20:35",958700
14100,0,10000,"sd","13:20:56",968700
14100,0,100,"bu","13:21:01",968800
14100,0,2000,"bu","13:21:11",970800
14100,0,4400,"sd","13:21:18",975200
14100,0,1300,"sd","13:21:19",976500
14100,0,300,"bu","13:21:20",976800
14100,0,11000,"bu","13:22:17",987800
14150,50,100,"bu","13:23:44",987900
14100,0,7700,"sd","13:25:34",995600
14150,50,9000,"sd","13:25:43",1004600
14150,50,3500,"bu","13:25:45",1008100
14150,50,200,"sd","13:25:47",1008300
14150,50,100,"sd","13:26:11",1008400
14100,0,1000,"bu","13:27:22",1009400
14100,0,2000,"sd","13:27:33",1011400
14150,50,100,"bu","13:27:52",1011500
14100,0,1600,"bu","13:29:15",1013100
14100,0,1000,"sd","13:29:24",1014100
14100,0,100,"sd","13:29:57",1014200
14100,0,500,"bu","13:30:41",1014700
14100,0,2000,"sd","13:31:30",1016700
14100,0,3000,"bu","13:32:05",1019700
14100,0,1000,"sd","13:32:11",1020700
14100,0,100,"bu","13:33:08",1020800
14100,0,26400,"sd","13:33:25",1047200
14100,0,3200,"sd","13:33:33",1050400
14100,0,200,"bu","13:33:35",1050600
14100,0,3000,"bu","13:34:30",1053600
14100,0,400,"sd","13:34:32",1054000
14100,0,2000,"sd","13:35:20",1056000
14100,0,1000,"bu","13:35:26",1057000
14100,0,400,"sd","13:35:29",1057400
14100,0,100,"sd","13:35:31",1057500
14050,-50,5600,"sd","13:35:37",1063100
14100,0,100,"sd","13:36:35",1063200
14100,0,200,"sd","13:36:49",1063400
14100,0,6500,"bu","13:37:45",1069900
14100,0,400,"bu","13:37:47",1070300
14100,0,100,"sd","13:37:49",1070400
14100,0,1300,"sd","13:38:17",1071700
14100,0,1000,"bu","13:38:57",1072700
14100,0,300,"bu","13:38:59",1073000
14050,-50,200,"bu","13:39:01",1073200
14050,-50,2700,"sd","13:39:27",1075900
14050,-50,10000,"bu","13:39:32",1085900
14050,-50,100,"bu","13:39:36",1086000
14050,-50,2700,"sd","13:39:43",1088700
14050,-50,2700,"sd","13:39:51",1091400
14100,0,600,"sd","13:40:07",1092000
14100,0,200,"bu","13:40:27",1092200
14100,0,4000,"bu","13:40:36",1096200
14100,0,1500,"bu","13:40:38",1097700
14050,-50,1000,"sd","13:41:20",1098700
14050,-50,5000,"bu","13:41:35",1103700
14050,-50,1000,"sd","13:41:55",1104700
14050,-50,2000,"sd","13:42:06",1106700
14050,-50,1000,"sd","13:42:36",1107700
14050,-50,2000,"sd","13:42:41",1109700
14050,-50,1000,"bu","13:42:48",1110700
14100,0,100,"bu","13:43:16",1110800
14100,0,26000,"bu","13:43:33",1136800
14100,0,1800,"sd","13:43:35",1138600
14100,0,600,"bu","13:43:36",1139200
14100,0,26700,"bu","13:44:26",1165900
14100,0,2300,"bu","13:44:27",1168200
14100,0,100,"bu","13:44:29",1168300
14100,0,10000,"sd","13:44:57",1178300
14100,0,8900,"bu","13:44:59",1187200
14100,0,2200,"sd","13:45:01",1189400
14150,50,1100,"bu","13:45:29",1190500
14100,0,3900,"sd","13:46:20",1194400
14100,0,1100,"sd","13:46:23",1195500
14100,0,300,"sd","13:46:25",1195800
14100,0,800,"bu","13:47:12",1196600
14100,0,200,"bu","13:47:14",1196800
14100,0,2600,"sd","13:47:51",1199400
14100,0,100,"bu","13:47:52",1199500
14100,0,5000,"bu","13:47:58",1204500
14100,0,1900,"bu","13:47:59",1206400
14100,0,100,"sd","13:48:01",1206500
14100,0,600,"bu","13:48:03",1207100
14100,0,100,"bu","13:48:05",1207200
14100,0,1300,"sd","13:48:23",1208500
14100,0,100,"bu","13:48:30",1208600
14050,-50,1000,"bu","13:48:46",1209600
14050,-50,200,"bu","13:49:19",1209800
14100,0,4900,"bu","13:49:21",1214700
14100,0,1800,"bu","13:49:22",1216500
14100,0,100,"bu","13:49:24",1216600
14100,0,5000,"sd","13:49:38",1221600
14100,0,1500,"sd","13:49:40",1223100
14100,0,500,"bu","13:49:42",1223600
14100,0,500,"sd","13:49:44",1224100
14100,0,100,"sd","13:49:46",1224200
14100,0,500,"bu","13:49:48",1224700
14100,0,100,"bu","13:49:49",1224800
14100,0,1000,"bu","13:50:06",1225800
14100,0,200,"sd","13:50:07",1226000
14100,0,2000,"sd","13:50:47",1228000
14100,0,200,"sd","13:50:59",1228200
14100,0,2700,"bu","13:51:13",1230900
14100,0,18000,"bu","13:51:14",1248900
14100,0,1800,"sd","13:51:58",1250700
14100,0,30000,"bu","13:52:01",1280700
14100,0,1000,"sd","13:52:13",1281700
14100,0,10200,"sd","13:52:17",1291900
14100,0,6800,"bu","13:52:27",1298700
14100,0,1900,"sd","13:52:35",1300600
14100,0,1000,"bu","13:52:39",1301600
14100,0,3000,"sd","13:52:44",1304600
14100,0,400,"bu","13:52:48",1305000
14100,0,100,"bu","13:52:49",1305100
14100,0,1500,"bu","13:52:57",1306600
14100,0,1500,"sd","13:53:20",1308100
14100,0,500,"sd","13:53:29",1308600
14100,0,2400,"sd","13:53:47",1311000
14150,50,4800,"bu","13:54:15",1315800
14150,50,200,"bu","13:54:16",1316000
14100,0,10200,"sd","13:54:37",1326200
14150,50,600,"bu","13:54:40",1326800
14100,0,20000,"bu","13:54:49",1346800
14100,0,300,"bu","13:54:57",1347100
14150,50,4700,"bu","13:55:04",1351800
14150,50,1900,"sd","13:55:06",1353700
14150,50,100,"sd","13:55:07",1353800
14100,0,1000,"bu","13:55:18",1354800
14100,0,1500,"bu","13:56:20",1356300
14100,0,1300,"bu","13:56:31",1357600
14100,0,3000,"bu","13:56:33",1360600
14100,0,6700,"sd","13:56:37",1367300
14100,0,500,"sd","13:56:39",1367800
14100,0,100,"bu","13:56:41",1367900
14100,0,4300,"sd","13:57:13",1372200
14100,0,1500,"bu","13:57:14",1373700
14100,0,2000,"sd","13:57:48",1375700
14100,0,100,"sd","13:57:50",1375800
14100,0,3600,"sd","14:00:05",1379400
14100,0,25900,"sd","14:00:47",1405300
14100,0,8600,"bu","14:00:48",1413900
14100,0,300,"sd","14:00:52",1414200
14100,0,2000,"sd","14:01:09",1416200
14100,0,1400,"sd","14:01:25",1417600
14100,0,2700,"sd","14:01:53",1420300
14100,0,2600,"bu","14:02:41",1422900
14100,0,100,"sd","14:03:13",1423000
14100,0,2000,"bu","14:03:15",1425000
14100,0,700,"bu","14:03:16",1425700
14050,-50,1000,"sd","14:03:20",1426700
14050,-50,2700,"sd","14:03:29",1429400
14100,0,2800,"bu","14:03:30",1432200
14100,0,1000,"bu","14:03:32",1433200
14050,-50,800,"sd","14:03:40",1434000
14050,-50,500,"sd","14:04:05",1434500
14050,-50,1000,"bu","14:04:22",1435500
14050,-50,200,"sd","14:04:30",1435700
14050,-50,600,"bu","14:04:34",1436300
14050,-50,100,"sd","14:04:36",1436400
14050,-50,200,"bu","14:05:04",1436600
14050,-50,500,"sd","14:05:08",1437100
14050,-50,3600,"sd","14:05:23",1440700
14100,0,200,"bu","14:05:51",1440900
14050,-50,2000,"sd","14:06:00",1442900
14050,-50,1000,"bu","14:06:12",1443900
14050,-50,2700,"bu","14:06:30",1446600
14050,-50,200,"sd","14:06:51",1446800
14050,-50,4700,"bu","14:06:55",1451500
14050,-50,200,"sd","14:06:59",1451700
14050,-50,100,"sd","14:07:05",1451800
14050,-50,200,"bu","14:07:11",1452000
14050,-50,5000,"sd","14:07:13",1457000
14050,-50,7000,"sd","14:07:35",1464000
14050,-50,200,"bu","14:07:37",1464200
14050,-50,10000,"bu","14:07:46",1474200
14050,-50,2000,"sd","14:07:49",1476200
14050,-50,12000,"bu","14:07:57",1488200
14050,-50,5000,"bu","14:08:11",1493200
14050,-50,3000,"bu","14:08:20",1496200
14050,-50,2000,"bu","14:08:30",1498200
14050,-50,500,"bu","14:08:34",1498700
14050,-50,10100,"bu","14:08:45",1508800
14050,-50,2600,"bu","14:08:59",1511400
14050,-50,12700,"bu","14:09:08",1524100
14050,-50,1500,"bu","14:09:14",1525600
14050,-50,5000,"sd","14:09:16",1530600
14050,-50,400,"bu","14:09:19",1531000
14050,-50,10000,"sd","14:09:21",1541000
14050,-50,11000,"sd","14:09:29",1552000
14000,-100,30000,"bu","14:09:34",1582000
13950,-150,187000,"sd","14:09:47",1769000
13950,-150,1100,"bu","14:09:49",1770100
14050,-50,17500,"bu","14:10:13",1787600
14050,-50,5000,"bu","14:10:23",1792600
14050,-50,5000,"bu","14:10:42",1797600
14050,-50,5000,"sd","14:10:55",1802600
14050,-50,18800,"sd","14:11:18",1821400
14050,-50,10500,"bu","14:11:20",1831900
14050,-50,1700,"bu","14:11:22",1833600
14050,-50,15700,"bu","14:12:52",1849300
14050,-50,1900,"sd","14:12:54",1851200
14050,-50,200,"bu","14:12:56",1851400
14050,-50,700,"sd","14:13:02",1852100
14050,-50,200,"bu","14:13:04",1852300
14000,-100,5100,"bu","14:13:14",1857400
14050,-50,17000,"bu","14:13:21",1874400
14050,-50,900,"sd","14:13:23",1875300
14050,-50,2700,"sd","14:13:41",1878000
14050,-50,5000,"bu","14:13:47",1883000
14050,-50,3500,"bu","14:13:58",1886500
14050,-50,800,"sd","14:14:00",1887300
14050,-50,2300,"sd","14:14:06",1889600
14050,-50,900,"sd","14:14:08",1890500
14050,-50,1400,"bu","14:14:36",1891900
14050,-50,100,"sd","14:14:39",1892000
14050,-50,6500,"sd","14:15:08",1898500
14050,-50,2800,"bu","14:15:11",1901300
14050,-50,400,"sd","14:15:13",1901700
14050,-50,200,"sd","14:15:24",1901900
14050,-50,3000,"bu","14:15:43",1904900
14050,-50,600,"bu","14:15:53",1905500
14050,-50,2700,"bu","14:16:07",1908200
14050,-50,1400,"bu","14:16:08",1909600
14050,-50,100,"sd","14:16:11",1909700
14050,-50,800,"bu","14:16:58",1910500
14050,-50,500,"bu","14:17:09",1911000
14050,-50,200,"sd","14:17:12",1911200
14050,-50,7000,"sd","14:17:32",1918200
14100,0,4800,"sd","14:17:44",1923000
14100,0,2600,"bu","14:17:45",1925600
14100,0,200,"sd","14:17:48",1925800
14100,0,14000,"bu","14:18:08",1939800
14100,0,1600,"bu","14:18:10",1941400
14100,0,800,"sd","14:18:13",1942200
14050,-50,100,"bu","14:18:24",1942300
14050,-50,300,"sd","14:18:43",1942600
14050,-50,5000,"sd","14:18:55",1947600
14100,0,400,"sd","14:19:00",1948000
14050,-50,2000,"bu","14:20:05",1950000
14050,-50,2700,"sd","14:20:32",1952700
14050,-50,500,"sd","14:20:49",1953200
14000,-100,20000,"bu","14:20:56",1973200
14000,-100,2000,"sd","14:21:10",1975200
14000,-100,200,"sd","14:21:12",1975400
14050,-50,7100,"sd","14:21:22",1982500
14050,-50,5400,"bu","14:21:24",1987900
14100,0,700,"bu","14:22:19",1988600
14100,0,1900,"sd","14:22:32",1990500
14100,0,200,"bu","14:22:34",1990700
14050,-50,1200,"bu","14:23:15",1991900
14050,-50,800,"bu","14:23:30",1992700
14050,-50,1100,"sd","14:23:40",1993800
14050,-50,8400,"bu","14:23:50",2002200
14100,0,100,"sd","14:24:20",2002300
14100,0,2700,"bu","14:24:32",2005000
14100,0,1400,"sd","14:24:34",2006400
14100,0,100,"sd","14:24:36",2006500
14100,0,2700,"bu","14:24:46",2009200
14050,-50,2400,"bu","14:24:49",2011600
14100,0,2700,"bu","14:25:09",2014300
14100,0,1400,"bu","14:25:12",2015700
14100,0,100,"bu","14:25:14",2015800
14100,0,2700,"bu","14:25:23",2018500
14100,0,1400,"sd","14:25:25",2019900
14100,0,100,"sd","14:25:27",2020000
14100,0,2700,"bu","14:25:31",2022700
14100,0,1000,"bu","14:25:34",2023700
14100,0,500,"bu","14:25:36",2024200
14050,-50,6100,"sd","14:25:47",2030300
14050,-50,5100,"bu","14:25:49",2035400
14050,-50,1800,"bu","14:25:51",2037200
14050,-50,100,"bu","14:25:54",2037300
14050,-50,700,"sd","14:25:58",2038000
14050,-50,200,"bu","14:26:01",2038200
14050,-50,2700,"sd","14:26:05",2040900
14050,-50,1000,"bu","14:26:08",2041900
14050,-50,400,"sd","14:26:10",2042300
14050,-50,7700,"sd","14:26:16",2050000
14050,-50,3600,"bu","14:26:21",2053600
14050,-50,1200,"sd","14:26:24",2054800
14050,-50,500,"sd","14:26:26",2055300
14050,-50,4900,"bu","14:26:29",2060200
14050,-50,200,"bu","14:26:31",2060400
14050,-50,1000,"bu","14:26:36",2061400
14100,0,24100,"sd","14:26:56",2085500
14100,0,4800,"sd","14:26:59",2090300
14050,-50,2100,"sd","14:27:01",2092400
14050,-50,13000,"sd","14:27:04",2105400
14050,-50,6300,"bu","14:27:07",2111700
14050,-50,1700,"bu","14:27:09",2113400
14050,-50,8100,"sd","14:27:16",2121500
14050,-50,4400,"bu","14:27:19",2125900
14050,-50,500,"sd","14:27:21",2126400
14050,-50,8100,"sd","14:27:27",2134500
14050,-50,4800,"sd","14:27:30",2139300
14050,-50,1800,"sd","14:27:33",2141100
14050,-50,11500,"sd","14:27:37",2152600
14000,-100,1800,"bu","14:27:39",2154400
14050,-50,11500,"sd","14:27:45",2165900
14050,-50,1600,"bu","14:27:47",2167500
14050,-50,1300,"bu","14:27:50",2168800
14050,-50,5600,"sd","14:27:52",2174400
14050,-50,1000,"sd","14:27:58",2175400
14050,-50,3200,"bu","14:28:02",2178600
14050,-50,13300,"sd","14:28:07",2191900
14100,0,8100,"sd","14:28:14",2200000
14100,0,4800,"bu","14:28:17",2204800
14100,0,100,"bu","14:28:20",2204900
14100,0,11600,"bu","14:28:27",2216500
14100,0,2000,"bu","14:28:29",2218500
14100,0,8100,"sd","14:28:44",2226600
14100,0,4900,"sd","14:28:47",2231500
14100,0,9200,"sd","14:28:56",2240700
14050,-50,3400,"bu","14:28:58",2244100
14050,-50,500,"sd","14:29:03",2244600
14100,0,8100,"sd","14:29:09",2252700
14100,0,8100,"bu","14:29:17",2260800
14100,0,8100,"sd","14:29:34",2268900
14100,0,20100,"bu","14:29:37",2289000
14100,0,4300,"bu","14:29:43",2293300
14150,50,8100,"bu","14:29:51",2301400
14100,0,300,"bu","14:29:54",2301700
14100,0,5000,"bu","14:30:14",2306700
14150,50,8100,"bu","14:30:17",2314800
14100,0,84700,"sd","14:45:18",2399500
