"price","change","match_qtty","side","time","total_vol"
11300,50,8600,"sd","09:15:06",8600
11300,50,200,"sd","09:15:18",8800
11200,-50,5600,"bu","09:18:32",14400
11200,-50,10000,"sd","09:18:58",24400
11200,-50,800,"sd","09:19:19",25200
11250,0,300,"sd","09:19:24",25500
11250,0,400,"bu","09:19:30",25900
11250,0,9800,"sd","09:19:54",35700
11250,0,2800,"bu","09:21:24",38500
11250,0,600,"sd","09:21:40",39100
11250,0,4200,"bu","09:21:42",43300
11250,0,1000,"bu","09:21:46",44300
11250,0,200,"sd","09:21:58",44500
11250,0,800,"bu","09:22:04",45300
11250,0,1000,"sd","09:22:52",46300
11250,0,1000,"sd","09:23:40",47300
11300,50,8000,"sd","09:24:59",55300
11300,50,100,"bu","09:25:49",55400
11300,50,900,"bu","09:27:54",56300
11300,50,2000,"bu","09:28:00",58300
11200,-50,33300,"sd","09:28:56",91600
11250,0,7400,"sd","09:29:54",99000
11250,0,600,"sd","09:30:49",99600
11250,0,2000,"sd","09:31:00",101600
11250,0,200,"bu","09:31:10",101800
11250,0,5800,"sd","09:31:29",107600
11250,0,1000,"sd","09:31:52",108600
11250,0,700,"sd","09:33:14",109300
11250,0,3000,"bu","09:33:15",112300
11250,0,10000,"sd","09:33:45",122300
11250,0,3300,"bu","09:33:49",125600
11250,0,100,"bu","09:34:29",125700
11250,0,10000,"bu","09:35:22",135700
11250,0,4500,"sd","09:35:26",140200
11250,0,1000,"sd","09:35:47",141200
11250,0,200,"sd","09:36:25",141400
11250,0,2000,"sd","09:36:34",143400
11250,0,100,"bu","09:36:48",143500
11250,0,5500,"bu","09:38:20",149000
11250,0,6600,"sd","09:38:41",155600
11250,0,500,"sd","09:38:54",156100
11250,0,1000,"sd","09:40:27",157100
11250,0,4000,"sd","09:40:51",161100
11200,-50,6800,"sd","09:41:04",167900
11250,0,1000,"bu","09:41:17",168900
11200,-50,15000,"bu","09:41:17",183900
11200,-50,2000,"bu","09:42:07",185900
11250,0,4000,"bu","09:43:21",189900
11250,0,1100,"bu","09:43:33",191000
11200,-50,1000,"sd","09:44:19",192000
11200,-50,100,"bu","09:45:20",192100
11200,-50,5100,"bu","09:46:05",197200
11200,-50,500,"sd","09:46:42",197700
11250,0,2700,"sd","09:46:57",200400
11250,0,2000,"bu","09:46:59",202400
11250,0,1000,"bu","09:47:34",203400
11250,0,2700,"bu","09:48:39",206100
11250,0,300,"sd","09:49:04",206400
11250,0,8200,"bu","09:50:20",214600
11250,0,1800,"bu","09:51:01",216400
11250,0,3200,"sd","09:51:29",219600
11250,0,1000,"bu","09:52:56",220600
11200,-50,3000,"bu","09:53:17",223600
11200,-50,5000,"sd","09:53:20",228600
11200,-50,3000,"sd","09:53:29",231600
11200,-50,12000,"bu","09:53:36",243600
11200,-50,30000,"bu","09:53:48",273600
11200,-50,1000,"sd","09:53:53",274600
11200,-50,10000,"sd","09:54:15",284600
11200,-50,50000,"sd","09:54:40",334600
11200,-50,1000,"bu","09:54:55",335600
11200,-50,33000,"sd","09:54:59",368600
11200,-50,10000,"bu","09:55:07",378600
11200,-50,36100,"bu","09:55:08",414700
11150,-100,500,"sd","09:55:32",423900
11200,-50,1000,"bu","09:56:19",424900
11200,-50,100,"sd","09:56:29",425000
11150,-100,1000,"sd","09:56:49",426000
11150,-100,1000,"bu","09:58:04",427000
11200,-50,5000,"bu","09:58:10",432000
11150,-100,6000,"bu","09:58:32",438000
11150,-100,600,"sd","10:00:13",438600
11150,-100,100,"sd","10:01:19",438700
11150,-100,5000,"sd","10:01:38",443700
11150,-100,10000,"sd","10:02:31",453700
11150,-100,3500,"bu","10:05:22",457200
11150,-100,5000,"sd","10:06:13",462200
11150,-100,1000,"sd","10:06:26",463200
11150,-100,300,"sd","10:07:51",463500
11200,-50,500,"bu","10:09:46",464000
11200,-50,1300,"bu","10:10:06",465300
11200,-50,1000,"sd","10:10:45",466300
11200,-50,100,"sd","10:10:59",466400
11200,-50,26000,"sd","10:11:02",492400
11200,-50,500,"bu","10:11:07",492900
11250,0,100,"bu","10:11:51",493000
11250,0,300,"sd","10:13:30",493300
11200,-50,100,"sd","10:14:18",493400
11200,-50,5500,"bu","10:15:01",498900
11200,-50,2000,"bu","10:16:45",500900
11250,0,40000,"bu","10:17:01",540900
11250,0,400,"bu","10:17:13",541300
11250,0,1000,"bu","10:17:20",542300
11250,0,200,"sd","10:17:33",542500
11250,0,700,"sd","10:17:47",543200
11250,0,500,"sd","10:18:09",543700
11250,0,22200,"bu","10:19:42",565900
11250,0,200,"sd","10:19:57",566100
11250,0,100,"bu","10:22:42",566200
11250,0,1000,"sd","10:23:40",567200
11250,0,100,"sd","10:23:45",567300
11250,0,5000,"bu","10:24:20",572300
11250,0,400,"bu","10:24:50",572700
11250,0,2000,"bu","10:26:09",574700
11250,0,500,"sd","10:26:33",575200
11250,0,100,"sd","10:28:38",575300
11250,0,6000,"sd","10:29:19",581300
11300,50,1900,"sd","10:29:52",583200
11300,50,18000,"sd","10:30:51",601200
11300,50,30000,"sd","10:31:35",631200
11300,50,300,"bu","10:31:53",631500
11300,50,300,"bu","10:32:59",631800
11300,50,300,"sd","10:33:38",632100
11350,100,16100,"bu","10:36:46",648200
11350,100,100,"sd","10:37:03",648300
11300,50,11100,"bu","10:38:18",659400
11350,100,100,"sd","10:38:30",659500
11350,100,1800,"bu","10:38:34",661300
11300,50,5000,"sd","10:38:38",666300
11300,50,4400,"sd","10:40:41",670700
11300,50,400,"bu","10:41:30",671100
11300,50,1600,"sd","10:46:33",672700
11300,50,200,"sd","10:47:09",672900
11250,0,800,"sd","10:47:37",673700
11300,50,100,"sd","10:47:38",673800
11300,50,1900,"sd","10:48:00",675700
11300,50,200,"sd","10:48:35",675900
11300,50,900,"sd","10:49:39",676800
11300,50,100,"sd","10:50:51",676900
11300,50,800,"bu","10:50:53",677700
11300,50,100,"sd","10:52:36",677800
11350,100,600,"sd","10:58:11",678400
11250,0,10000,"bu","10:58:26",688400
11350,100,100,"bu","10:58:49",688500
11250,0,13800,"sd","11:01:15",702300
11250,0,1200,"bu","11:02:09",703500
11250,0,500,"bu","11:02:22",704000
11300,50,5000,"bu","11:06:14",709000
11300,50,700,"bu","11:07:50",709700
11300,50,100,"sd","11:08:10",709800
11300,50,4000,"bu","11:08:35",713800
11300,50,1800,"bu","11:08:53",715600
11300,50,200,"sd","11:09:13",715800
11300,50,100,"bu","11:10:38",715900
11350,100,500,"sd","11:13:02",716400
11350,100,2000,"bu","11:13:49",718400
11350,100,500,"sd","11:14:39",718900
11350,100,2000,"sd","11:18:50",720900
11300,50,2900,"bu","11:20:09",723800
11350,100,200,"sd","11:20:24",724000
11300,50,500,"sd","11:21:05",724500
11250,0,2000,"bu","11:21:37",726500
11300,50,200,"sd","11:21:39",726700
11350,100,400,"sd","11:21:54",727100
11350,100,200,"sd","11:22:10",727300
11350,100,5000,"sd","13:00:27",732300
11300,50,300,"bu","13:00:30",732600
11300,50,5000,"sd","13:00:37",737600
11350,100,5000,"sd","13:00:42",742600
11300,50,100,"bu","13:00:45",742700
11300,50,3700,"bu","13:00:45",746400
11300,50,1300,"bu","13:01:43",747700
11250,0,32700,"bu","13:03:20",780400
11300,50,3000,"bu","13:03:53",783400
11300,50,800,"sd","13:04:29",784200
11300,50,3100,"bu","13:05:06",787300
11300,50,1100,"bu","13:06:15",788400
11300,50,100,"bu","13:07:17",788500
11300,50,700,"sd","13:07:24",789200
11300,50,2000,"bu","13:10:12",791200
11300,50,1000,"bu","13:11:45",792200
11250,0,100,"bu","13:11:50",792300
11250,0,1000,"sd","13:16:38",793300
11250,0,200,"sd","13:17:55",793500
11250,0,1000,"sd","13:18:27",794500
11250,0,30000,"sd","13:19:19",824500
11250,0,20000,"bu","13:20:11",844500
11250,0,2800,"sd","13:20:26",847300
11250,0,5000,"bu","13:20:29",852300
11250,0,8000,"sd","13:20:37",860300
11300,50,200,"sd","13:21:18",860500
11250,0,3000,"bu","13:21:26",863500
11250,0,1000,"sd","13:21:34",864500
11250,0,500,"bu","13:21:39",865000
11250,0,3000,"sd","13:21:49",868000
11250,0,2000,"bu","13:21:53",870000
11250,0,2000,"bu","13:22:06",872000
11300,50,100,"sd","13:22:53",872100
11250,0,1000,"bu","13:23:25",873100
11300,50,500,"sd","13:24:04",873600
11300,50,100,"sd","13:24:21",873700
11250,0,1000,"sd","13:24:25",874700
11300,50,500,"bu","13:24:53",875200
11300,50,1500,"bu","13:25:32",876700
11300,50,1600,"bu","13:26:12",878300
11300,50,100,"sd","13:26:17",878400
11300,50,1200,"bu","13:27:26",879600
11300,50,500,"bu","13:27:30",880100
11300,50,8800,"sd","13:27:41",888900
11300,50,400,"sd","13:29:42",889300
11300,50,1000,"bu","13:30:10",890300
11300,50,800,"bu","13:30:12",891100
11300,50,5200,"bu","13:30:59",896300
11300,50,3000,"bu","13:31:06",899300
11300,50,2500,"bu","13:31:10",901800
11300,50,3000,"bu","13:31:19",904800
11250,0,100,"bu","13:33:16",904900
11300,50,10000,"bu","13:35:03",914900
11300,50,100,"bu","13:35:17",915000
11300,50,4900,"sd","13:35:18",919900
11300,50,2300,"bu","13:37:21",922200
11300,50,200,"bu","13:39:40",922400
11300,50,1300,"sd","13:41:10",923700
11250,0,1300,"bu","13:42:23",925000
11250,0,200,"sd","13:43:14",925200
11300,50,10000,"sd","13:44:13",935200
11250,0,200,"bu","13:45:07",935400
11300,50,11300,"sd","13:49:26",946700
11300,50,1600,"bu","13:50:09",948300
11300,50,500,"sd","13:51:44",948800
11350,100,100,"bu","13:51:59",948900
11300,50,500,"bu","13:53:35",949400
11350,100,100,"bu","13:53:46",949500
11350,100,17900,"sd","13:54:15",967400
11350,100,10000,"bu","13:55:48",977400
11350,100,100,"bu","13:56:02",977500
11400,150,2000,"sd","13:56:12",979500
11400,150,100,"sd","13:56:13",979600
11350,100,5000,"sd","13:56:16",984600
11350,100,100,"sd","13:56:20",984700
11350,100,5000,"bu","13:56:27",989700
11350,100,500,"bu","13:56:34",990200
11350,100,1000,"sd","13:56:44",991200
11350,100,100,"bu","14:00:09",991300
11300,50,22800,"bu","14:00:10",1014100
11300,50,2200,"sd","14:00:28",1016300
11300,50,1000,"bu","14:00:56",1017300
11300,50,5000,"bu","14:01:05",1022300
11300,50,100,"sd","14:01:18",1022400
11300,50,1400,"bu","14:01:35",1023800
11300,50,100,"bu","14:01:53",1023900
11300,50,5200,"sd","14:03:20",1029100
11300,50,2600,"sd","14:03:36",1031700
11300,50,200,"sd","14:03:47",1031900
11300,50,400,"sd","14:04:32",1032300
11300,50,500,"bu","14:05:13",1032800
11250,0,10000,"bu","14:05:19",1042800
11250,0,700,"sd","14:05:41",1043500
11250,0,3000,"bu","14:05:43",1046500
11250,0,2200,"sd","14:06:06",1048700
11250,0,22000,"sd","14:06:18",1070700
11250,0,10200,"sd","14:06:28",1080900
11250,0,3100,"bu","14:06:30",1084000
11250,0,300,"bu","14:06:32",1084300
11250,0,3000,"bu","14:06:37",1087300
11250,0,2000,"sd","14:06:45",1089300
11200,-50,4000,"bu","14:06:57",1093300
11250,0,800,"bu","14:07:11",1094100
11200,-50,1000,"bu","14:07:16",1095100
11200,-50,500,"sd","14:07:47",1095600
11200,-50,1000,"sd","14:07:53",1096600
11200,-50,2000,"sd","14:07:59",1098600
11200,-50,5000,"sd","14:08:05",1103600
11200,-50,10000,"bu","14:08:20",1113600
11200,-50,1000,"bu","14:08:43",1114600
11200,-50,2300,"bu","14:09:08",1116900
11200,-50,600,"bu","14:09:34",1117500
11200,-50,20000,"sd","14:10:01",1137500
11250,0,200,"bu","14:10:57",1137700
11250,0,500,"bu","14:11:41",1138200
11250,0,2000,"bu","14:12:03",1140200
11250,0,500,"sd","14:12:17",1140700
11250,0,1000,"sd","14:12:22",1141700
11250,0,100,"bu","14:12:24",1141800
11250,0,300,"bu","14:12:58",1142100
11250,0,2000,"bu","14:13:04",1144100
11250,0,1000,"bu","14:13:36",1145100
11250,0,4000,"sd","14:13:56",1149100
11250,0,100,"sd","14:14:04",1149200
11250,0,1200,"sd","14:14:36",1150400
11250,0,400,"sd","14:14:45",1150800
11250,0,20000,"bu","14:14:52",1170800
11250,0,6000,"sd","14:14:54",1176800
11250,0,300,"sd","14:15:01",1177100
11200,-50,1000,"sd","14:15:04",1178100
11200,-50,100,"bu","14:15:18",1178200
11200,-50,1200,"sd","14:15:39",1179400
11200,-50,400,"sd","14:16:52",1179800
11250,0,300,"sd","14:18:19",1180100
11200,-50,38000,"bu","14:18:55",1218100
11250,0,200,"bu","14:19:02",1218300
11250,0,100,"bu","14:19:19",1218400
11250,0,500,"bu","14:19:45",1218900
11200,-50,300,"sd","14:21:15",1219200
11200,-50,500,"sd","14:21:29",1219700
11250,0,5000,"sd","14:21:31",1224700
11200,-50,10000,"sd","14:22:19",1234700
11200,-50,500,"bu","14:23:26",1235200
11200,-50,1000,"bu","14:23:38",1236200
11200,-50,300,"sd","14:23:47",1236500
11200,-50,10000,"bu","14:23:58",1246500
11200,-50,1400,"sd","14:24:05",1247900
11200,-50,100,"bu","14:24:16",1248000
11200,-50,3300,"sd","14:24:29",1251300
11150,-100,9000,"sd","14:24:53",1260300
11150,-100,10000,"bu","14:25:14",1270300
11150,-100,700,"sd","14:25:19",1271000
11150,-100,6000,"sd","14:25:23",1277000
11150,-100,5300,"bu","14:25:25",1282300
11150,-100,6200,"sd","14:25:56",1288500
11150,-100,1300,"bu","14:26:10",1289800
11100,-150,11000,"sd","14:26:26",1300800
11100,-150,28700,"bu","14:26:46",1329500
11050,-200,400,"sd","14:27:04",1329900
11100,-150,200,"sd","14:27:09",1330100
11000,-250,50000,"bu","14:27:21",1380100
11000,-250,5000,"bu","14:27:27",1385100
11000,-250,3000,"sd","14:27:37",1388100
11100,-150,1600,"sd","14:27:39",1389700
11100,-150,1400,"bu","14:27:47",1391100
11050,-200,500,"sd","14:27:50",1391600
11000,-250,4400,"bu","14:27:52",1396000
11000,-250,10500,"sd","14:27:55",1406500
11000,-250,1000,"bu","14:28:00",1407500
11100,-150,2200,"bu","14:28:14",1409700
11000,-250,1000,"sd","14:28:17",1410700
11000,-250,20000,"sd","14:28:24",1430700
11000,-250,20500,"bu","14:28:29",1451200
11000,-250,2300,"bu","14:28:34",1453500
11000,-250,7200,"bu","14:28:37",1460700
11100,-150,1000,"sd","14:28:42",1461700
11000,-250,1000,"sd","14:28:44",1462700
11050,-200,200,"bu","14:28:47",1462900
11100,-150,2000,"bu","14:28:56",1464900
11100,-150,1000,"bu","14:29:06",1465900
11200,-50,7000,"bu","14:29:09",1472900
11200,-50,3200,"sd","14:29:22",1476100
11200,-50,1000,"sd","14:29:43",1477100
11200,-50,5000,"bu","14:29:48",1482100
11200,-50,800,"bu","14:30:11",1482900
11200,-50,300,"bu","14:30:14",1483200
11100,-150,73200,"sd","14:45:18",1556400
